,ask_price_1,ask_size_1,bid_price_1,bid_size_1,ask_price_2,ask_size_2,bid_price_2,bid_size_2,ask_price_3,ask_size_3,bid_price_3,bid_size_3,ask_price_4,ask_size_4,bid_price_4,bid_size_4,ask_price_5,ask_size_5,bid_price_5,bid_size_5,ask_price_6,ask_size_6,bid_price_6,bid_size_6,ask_price_7,ask_size_7,bid_price_7,bid_size_7,ask_price_8,ask_size_8,bid_price_8,bid_size_8,ask_price_9,ask_size_9,bid_price_9,bid_size_9,ask_price_10,ask_size_10,bid_price_10,bid_size_10
2019-06-28 09:30:00.000000005,99965,100,99826,100,,,,,,,,,,,,,,,,,,,,,,,,,,,,,,,,,,,,
2019-06-28 09:30:00.000000006,99898,100,99826,100,99965,100,,,,,,,,,,,,,,,,,,,,,,,,,,,,,,,,,,
2019-06-28 09:30:00.000000008,99965,100,99826,100,,,,,,,,,,,,,,,,,,,,,,,,,,,,,,,,,,,,
2019-06-28 09:30:00.000000012,99965,100,99826,100,100064,100,,,,,,,,,,,,,,,,,,,,,,,,,,,,,,,,,,
2019-06-28 09:30:00.000000014,99965,100,99922,100,100064,100,99826,100,,,,,,,,,,,,,,,,,,,,,,,,,,,,,,,,
2019-06-28 09:30:00.000000015,99965,100,99922,100,100064,100,99887,100,,,99826,100,,,,,,,,,,,,,,,,,,,,,,,,,,,,
2019-06-28 09:30:00.000000016,99943,100,99922,100,99965,100,99887,100,100064,100,99826,100,,,,,,,,,,,,,,,,,,,,,,,,,,,,
2019-06-28 09:30:00.000000017,99943,100,99922,100,99965,100,99887,100,100064,100,99826,100,100132,100,,,,,,,,,,,,,,,,,,,,,,,,,,
2019-06-28 09:30:00.000000018,99943,100,99922,100,99965,100,99887,100,100019,100,99826,100,100064,100,,,100132,100,,,,,,,,,,,,,,,,,,,,,,
2019-06-28 09:30:00.000000019,99965,100,99922,100,100019,100,99887,100,100064,100,99826,100,100132,100,,,100171,100,,,,,,,,,,,,,,,,,,,,,,
2019-06-28 09:30:00.000000022,99965,100,99960,100,100019,100,99922,100,100064,100,99887,100,100132,100,99826,100,100171,100,,,,,,,,,,,,,,,,,,,,,,
2019-06-28 09:30:00.000000025,99965,100,99960,100,100003,100,99922,100,100006,100,99887,100,100019,100,99826,100,100064,100,99810,100,100132,100,,,100171,100,,,,,,,,,,,,,,
2019-06-28 09:30:00.000000027,99965,100,99960,100,100003,100,99922,100,100006,100,99887,100,100019,100,99883,100,100064,100,99826,100,100132,100,99810,100,100171,100,,,,,,,,,,,,,,
2019-06-28 09:30:00.000000028,99965,100,99960,100,100003,100,99922,100,100006,100,99887,100,100016,100,99883,100,100019,100,99826,100,100064,100,99810,100,100132,100,,,100171,100,,,,,,,,,,
2019-06-28 09:30:00.000000029,99965,100,99960,100,99968,100,99922,100,100003,100,99887,100,100006,100,99883,100,100016,100,99826,100,100019,100,99810,100,100064,100,,,100132,100,,,100171,100,,,,,,
2019-06-28 09:30:00.000000030,99965,100,99960,100,99968,100,99922,100,100003,100,99898,100,100006,100,99887,100,100016,100,99883,100,100019,100,99826,100,100064,100,99810,100,100132,100,,,100171,100,,,,,,
2019-06-28 09:30:00.000000031,99965,100,99960,100,99968,100,99936,100,100003,100,99922,100,100006,100,99898,100,100016,100,99887,100,100019,100,99883,100,100064,100,99826,100,100096,100,99810,100,100132,100,,,100171,100,,
2019-06-28 09:30:00.000000032,99965,100,99960,100,99968,100,99936,100,100003,100,99922,100,100006,100,99898,100,100016,100,99887,100,100019,100,99883,100,100064,100,99826,100,100096,100,99810,100,100132,100,,,100137,100,,
2019-06-28 09:30:00.000000036,99965,100,99960,100,99968,100,99936,100,100003,100,99922,100,100006,100,99898,200,100016,100,99887,100,100019,100,99883,100,100064,100,99826,100,100096,100,99810,100,100132,100,,,100137,100,,
2019-06-28 09:30:00.000000037,99968,100,99960,100,100003,100,99936,100,100006,100,99922,100,100016,100,99898,200,100019,100,99887,100,100064,100,99883,100,100096,100,99826,100,100132,100,99810,100,100137,100,,,100171,100,,
2019-06-28 09:30:00.000000038,99968,100,99960,100,100003,100,99936,100,100006,100,99922,100,100016,100,99913,100,100019,100,99898,200,100064,100,99887,100,100096,100,99883,100,100132,100,99826,100,100137,100,99810,100,100171,100,,
2019-06-28 09:30:00.000000040,100003,100,99960,100,100006,100,99936,100,100016,100,99922,100,100019,100,99913,100,100064,100,99898,200,100096,100,99887,100,100132,100,99883,100,100137,100,99826,100,100171,100,99810,100,,,,
2019-06-28 09:30:00.000000041,100003,100,99960,100,100006,100,99936,100,100016,100,99922,100,100019,100,99913,100,100064,100,99898,200,100096,100,99887,100,100132,100,99883,100,100137,200,99826,100,100171,100,99810,100,,,,
2019-06-28 09:30:00.000000044,100003,100,99960,100,100006,100,99936,100,100016,100,99922,100,100019,100,99913,100,100064,100,99898,200,100096,100,99887,100,100132,100,99883,100,100137,200,99826,100,100171,100,99810,100,,,,
2019-06-28 09:30:00.000000045,100003,100,99960,100,100006,100,99936,100,100016,100,99922,100,100019,100,99913,100,100064,100,99898,200,100096,100,99887,100,100132,100,99883,100,100137,200,99826,100,100171,100,99810,100,,,99804,100
2019-06-28 09:30:00.000000046,100003,200,99960,100,100006,100,99936,100,100016,100,99922,100,100019,100,99913,100,100064,100,99898,200,100096,100,99887,100,100132,100,99883,100,100137,200,99826,100,100171,100,99810,100,100248,100,99804,100
2019-06-28 09:30:00.000000047,100003,200,99960,100,100006,100,99936,100,100016,100,99922,100,100019,100,99914,100,100064,100,99913,100,100096,100,99898,200,100132,100,99887,100,100137,200,99883,100,100171,100,99826,100,100248,100,99810,100
2019-06-28 09:30:00.000000048,100003,200,99960,100,100006,100,99936,100,100016,100,99922,100,100019,100,99914,100,100064,100,99913,100,100096,100,99898,200,100132,100,99887,100,100137,200,99883,100,100171,100,99865,100,100248,100,99826,100
2019-06-28 09:30:00.000000049,100003,100,99960,100,100006,100,99936,100,100015,100,99922,100,100016,100,99914,100,100019,100,99913,100,100064,100,99898,200,100096,100,99887,100,100132,100,99883,100,100137,200,99865,100,100171,100,99826,100
2019-06-28 09:30:00.000000052,100003,100,99960,100,100006,100,99936,100,100015,100,99922,100,100016,100,99914,100,100019,100,99913,100,100064,100,99898,300,100096,100,99887,100,100132,100,99883,100,100137,200,99865,100,100171,100,99826,100
2019-06-28 09:30:00.000000054,100002,100,99960,100,100003,100,99936,100,100006,100,99922,100,100015,100,99914,100,100016,100,99913,100,100019,100,99898,300,100064,100,99887,100,100096,100,99883,100,100132,200,99865,100,100137,200,99826,100
2019-06-28 09:30:00.000000056,100002,100,99960,100,100003,100,99936,100,100006,100,99922,100,100015,100,99914,100,100016,100,99913,100,100019,100,99898,300,100057,100,99887,100,100064,100,99883,100,100096,100,99865,100,100132,200,99826,100
2019-06-28 09:30:00.000000061,99961,100,99960,100,100002,100,99936,100,100003,100,99922,100,100006,100,99914,100,100015,100,99913,100,100016,100,99898,300,100019,100,99887,100,100057,100,99883,100,100064,100,99865,100,100096,100,99826,100
2019-06-28 09:30:00.000000065,99961,100,99960,100,100002,100,99936,100,100003,100,99922,100,100006,100,99914,100,100015,100,99913,100,100016,100,99898,300,100019,100,99887,100,100057,100,99883,100,100064,100,99875,100,100096,100,99865,100
2019-06-28 09:30:00.000000066,99961,100,99936,100,100002,100,99922,100,100003,100,99914,100,100006,100,99913,100,100015,100,99898,300,100016,100,99887,100,100019,100,99883,100,100057,100,99875,100,100064,100,99865,100,100096,100,99826,100
2019-06-28 09:30:00.000000072,100002,100,99936,100,100003,100,99922,100,100006,100,99914,100,100015,100,99913,100,100016,100,99898,300,100019,100,99887,100,100057,100,99883,100,100064,100,99875,100,100096,100,99865,100,100132,200,99826,100
2019-06-28 09:30:00.000000074,100002,100,99936,200,100003,100,99922,200,100006,100,99914,100,100015,100,99913,100,100016,100,99898,300,100019,100,99887,100,100057,100,99883,100,100064,100,99875,100,100096,100,99865,100,100132,200,99826,100
2019-06-28 09:30:00.000000075,100002,100,99960,100,100003,100,99946,100,100006,100,99936,200,100015,100,99922,200,100016,100,99914,100,100019,100,99913,100,100057,100,99898,300,100064,100,99887,100,100096,100,99883,100,100132,200,99875,100
2019-06-28 09:30:00.000000077,99961,100,99960,100,100002,100,99946,100,100003,100,99936,200,100006,100,99922,200,100015,100,99914,100,100016,100,99913,100,100019,100,99898,300,100057,100,99887,100,100064,100,99883,100,100096,100,99875,100
2019-06-28 09:30:00.000000084,99961,200,99960,100,100002,100,99946,100,100003,100,99936,200,100006,100,99922,200,100015,100,99914,100,100016,100,99913,100,100019,100,99898,300,100057,100,99887,100,100064,100,99883,100,100096,100,99875,100
2019-06-28 09:30:00.000000087,99961,100,99960,100,100002,100,99946,100,100003,100,99936,200,100006,100,99922,200,100015,100,99914,100,100016,100,99913,100,100019,100,99898,300,100057,100,99887,100,100064,100,99883,100,100096,100,99875,100
2019-06-28 09:30:00.000000088,100002,100,99960,100,100003,100,99946,100,100006,100,99936,200,100015,100,99922,200,100016,100,99914,100,100019,100,99913,100,100057,100,99898,300,100064,100,99887,100,100096,100,99883,100,100132,200,99875,100
2019-06-28 09:30:00.000000089,100002,100,99960,100,100003,100,99950,100,100006,100,99946,100,100015,100,99936,200,100016,100,99922,200,100019,100,99914,100,100057,100,99913,100,100064,100,99898,300,100080,100,99887,100,100096,100,99883,100
2019-06-28 09:30:00.000000091,99961,100,99960,100,100002,100,99950,100,100003,100,99946,100,100006,100,99936,200,100015,100,99922,200,100016,100,99914,100,100019,100,99913,100,100057,100,99898,300,100064,100,99887,100,100080,100,99883,100
2019-06-28 09:30:00.000000095,100002,100,99960,100,100003,100,99950,100,100006,100,99946,100,100015,100,99936,200,100016,100,99922,200,100019,100,99914,100,100057,100,99913,100,100064,100,99898,300,100080,100,99887,100,100096,100,99883,100
2019-06-28 09:30:00.000000096,100002,100,99960,100,100003,100,99950,100,100006,100,99946,100,100015,100,99936,200,100016,100,99927,100,100019,100,99922,200,100057,100,99914,100,100064,100,99913,100,100080,100,99910,100,100096,100,99898,300
2019-06-28 09:30:00.000000097,100002,100,99960,100,100003,100,99950,100,100006,100,99946,100,100015,100,99936,200,100016,100,99927,100,100019,100,99922,200,100057,100,99914,100,100064,100,99913,100,100080,100,99910,100,100096,100,99898,300
2019-06-28 09:30:00.000000099,100002,100,99960,100,100003,100,99950,100,100006,100,99946,100,100015,100,99936,200,100016,100,99927,100,100019,100,99922,200,100057,100,99914,100,100064,100,99913,100,100072,100,99910,100,100080,100,99898,300
2019-06-28 09:30:04.237888748,100003,100,99960,100,100006,100,99950,100,100015,100,99946,100,100016,100,99936,200,100019,100,99927,100,100057,100,99922,200,100064,100,99914,100,100072,100,99913,100,100080,100,99910,100,100096,100,99898,300
2019-06-28 09:30:05.396942238,100003,100,99960,100,100006,100,99950,100,100015,100,99946,100,100016,100,99936,200,100019,100,99927,100,100057,100,99922,200,100064,100,99914,100,100072,100,99913,100,100080,100,99910,100,100096,100,99898,300
2019-06-28 09:30:10.000000000,100003,177,99960,177,100006,177,99950,177,100015,177,99946,177,100016,177,99936,277,100019,177,99927,177,100057,100,99922,200,100064,100,99914,100,100072,100,99913,100,100080,100,99910,100,100096,100,99898,300
2019-06-28 09:30:12.779429095,100002,100,99960,177,100003,177,99950,177,100006,177,99946,177,100015,177,99936,277,100016,177,99927,177,100019,177,99922,200,100057,100,99914,100,100064,100,99913,100,100072,100,99910,100,100080,100,99898,300
2019-06-28 09:30:20.000000000,100002,196,99960,196,100003,196,99950,196,100006,196,99946,196,100015,196,99936,296,100016,100,99927,100,100019,100,99922,200,100057,100,99914,100,100064,100,99913,100,100072,100,99910,100,100080,100,99898,300
2019-06-28 09:30:30.000000000,100002,484,99960,484,100003,100,99950,100,100006,100,99946,100,100015,100,99936,200,100016,100,99927,100,100019,100,99922,200,100057,100,99914,100,100064,100,99913,100,100072,100,99910,100,100080,100,99898,300
2019-06-28 09:30:38.449094221,100002,484,99961,100,100003,100,99960,484,100006,100,99950,100,100015,100,99946,100,100016,100,99936,200,100019,100,99927,100,100057,100,99922,200,100064,100,99914,100,100072,100,99913,100,100080,100,99910,100
2019-06-28 09:30:40.000000000,100002,292,99961,292,100003,292,99960,292,100006,100,99950,100,100015,100,99946,100,100016,100,99936,200,100019,100,99927,100,100057,100,99922,200,100064,100,99914,100,100072,100,99913,100,100080,100,99910,100
2019-06-28 09:30:49.027843553,100002,292,99961,292,100003,292,99960,292,100006,100,99950,100,100015,100,99946,100,100016,100,99936,200,100019,100,99927,100,100057,100,99922,200,100064,100,99919,100,100072,100,99914,100,100080,100,99913,100
2019-06-28 09:30:50.000000000,100002,484,99961,484,100003,100,99960,100,100006,100,99950,100,100015,100,99946,100,100016,100,99936,200,100019,100,99927,100,100057,100,99922,200,100064,100,99919,100,100072,100,99914,100,100080,100,99913,100
2019-06-28 09:30:59.204025053,100002,484,99961,584,100003,100,99960,100,100006,100,99950,100,100015,100,99946,100,100016,100,99936,200,100019,100,99927,100,100057,100,99922,200,100064,100,99919,100,100072,100,99914,100,100080,100,99913,100
2019-06-28 09:31:00.000000000,100002,196,99961,296,100003,196,99960,196,100006,196,99950,196,100015,196,99946,196,100016,100,99936,200,100019,100,99927,100,100057,100,99922,200,100064,100,99919,100,100072,100,99914,100,100080,100,99913,100
2019-06-28 09:31:10.000000000,100002,484,99961,584,100003,100,99960,100,100006,100,99950,100,100015,100,99946,100,100016,100,99936,200,100019,100,99927,100,100057,100,99922,200,100064,100,99919,100,100072,100,99914,100,100080,100,99913,100
2019-06-28 09:31:20.000000000,100002,196,99961,296,100003,196,99960,196,100006,196,99950,196,100015,196,99946,196,100016,100,99936,200,100019,100,99927,100,100057,100,99922,200,100064,100,99919,100,100072,100,99914,100,100080,100,99913,100
2019-06-28 09:31:30.000000000,100002,177,99961,277,100003,177,99960,177,100006,177,99950,177,100015,177,99946,177,100016,177,99936,277,100019,100,99927,100,100057,100,99922,200,100064,100,99919,100,100072,100,99914,100,100080,100,99913,100
2019-06-28 09:31:40.000000000,100002,231,99961,331,100003,227,99960,227,100006,227,99950,227,100015,100,99946,100,100016,100,99936,200,100019,100,99927,100,100057,100,99922,200,100064,100,99919,100,100072,100,99914,100,100080,100,99913,100
2019-06-28 09:31:50.000000000,100002,196,99961,296,100003,196,99960,196,100006,196,99950,196,100015,196,99946,196,100016,100,99936,200,100019,100,99927,100,100057,100,99922,200,100064,100,99919,100,100072,100,99914,100,100080,100,99913,100
2019-06-28 09:31:54.675199022,100002,196,99961,296,100003,196,99960,196,100006,196,99950,196,100015,196,99946,196,100016,100,99936,100,100019,100,99927,100,100057,100,99922,200,100064,100,99919,100,100072,100,99914,100,100080,100,99913,100
2019-06-28 09:32:00.000000000,100002,196,99961,296,100003,196,99960,196,100006,196,99950,196,100015,196,99946,196,100016,100,99936,100,100019,100,99927,100,100057,100,99922,200,100064,100,99919,100,100072,100,99914,100,100080,100,99913,100
2019-06-28 09:32:10.000000000,100002,484,99961,584,100003,100,99960,100,100006,100,99950,100,100015,100,99946,100,100016,100,99936,100,100019,100,99927,100,100057,100,99922,200,100064,100,99919,100,100072,100,99914,100,100080,100,99913,100
2019-06-28 09:32:20.000000000,100002,196,99961,296,100003,196,99960,196,100006,196,99950,196,100015,196,99946,196,100016,100,99936,100,100019,100,99927,100,100057,100,99922,200,100064,100,99919,100,100072,100,99914,100,100080,100,99913,100
2019-06-28 09:32:20.791998658,100002,196,99961,296,100003,196,99960,196,100006,196,99950,196,100015,196,99946,196,100016,100,99936,100,100019,100,99927,100,100057,100,99922,200,100064,100,99919,100,100072,100,99914,100,100080,100,99913,100
2019-06-28 09:32:30.000000000,100002,196,99961,296,100003,196,99960,196,100006,196,99950,196,100015,196,99946,196,100016,100,99936,100,100019,100,99927,100,100057,100,99922,200,100064,100,99919,100,100072,100,99914,100,100080,100,99913,100
2019-06-28 09:32:32.172076380,100002,296,99961,296,100003,196,99960,196,100006,196,99950,196,100015,196,99946,196,100016,100,99936,100,100019,100,99927,100,100057,100,99922,200,100064,100,99919,100,100072,100,99914,100,100080,100,99913,100
2019-06-28 09:32:40.000000000,100002,584,99961,584,100003,100,99960,100,100006,100,99950,100,100015,100,99946,100,100016,100,99936,100,100019,100,99927,100,100057,100,99922,200,100064,100,99919,100,100072,100,99914,100,100080,100,99913,100
2019-06-28 09:32:50.000000000,100002,392,99961,392,100003,292,99960,292,100006,100,99950,100,100015,100,99946,100,100016,100,99936,100,100019,100,99927,100,100057,100,99922,200,100064,100,99919,100,100072,100,99914,100,100080,100,99913,100
2019-06-28 09:32:57.569368821,100002,392,99961,292,100003,292,99960,292,100006,100,99950,100,100015,100,99946,100,100016,100,99936,100,100019,100,99927,100,100057,100,99922,200,100072,100,99919,100,100080,100,99914,100,100096,100,99913,100
2019-06-28 09:32:59.028942883,100002,392,99961,192,100003,292,99960,292,100006,100,99950,100,100015,100,99946,100,100016,100,99936,100,100019,100,99927,100,100057,100,99922,200,100072,100,99919,100,100080,100,99914,100,100096,100,99913,100
2019-06-28 09:33:00.000000000,100002,296,99960,196,100003,196,99950,196,100006,196,99946,196,100015,196,99936,196,100016,100,99927,100,100019,100,99922,200,100057,100,99919,100,100072,100,99914,100,100080,100,99913,100,100096,100,99910,100
2019-06-28 09:33:04.693739309,100002,296,99960,96,100003,196,99950,196,100006,196,99946,196,100015,196,99936,196,100016,100,99927,100,100019,100,99922,200,100057,100,99919,100,100072,100,99914,100,100080,100,99913,100,100096,100,99910,100
2019-06-28 09:33:08.476225641,99960,4,99950,196,100002,296,99946,196,100003,196,99936,196,100006,196,99927,100,100015,196,99922,200,100016,100,99919,100,100019,100,99914,100,100057,100,99913,100,100072,100,99910,100,100080,100,99898,200
2019-06-28 09:33:10.000000000,99960,81,99950,177,100002,277,99946,177,100003,177,99936,177,100006,177,99927,177,100015,177,99922,277,100016,100,99919,100,100019,100,99914,100,100057,100,99913,100,100072,100,99910,100,100080,100,99898,200
2019-06-28 09:33:19.593182394,99960,181,99950,177,100002,177,99946,177,100003,177,99936,177,100006,177,99927,177,100015,177,99922,277,100016,100,99919,100,100019,100,99914,100,100057,100,99913,100,100072,100,99910,100,100080,100,99898,200
2019-06-28 09:33:20.000000000,99960,488,99950,484,100002,100,99946,100,100003,100,99936,100,100006,100,99927,100,100015,100,99922,200,100016,100,99919,100,100019,100,99914,100,100057,100,99913,100,100072,100,99910,100,100080,100,99898,200
2019-06-28 09:33:30.000000000,99960,200,99950,196,100002,196,99946,196,100003,196,99936,196,100006,196,99927,196,100015,100,99922,200,100016,100,99919,100,100019,100,99914,100,100057,100,99913,100,100072,100,99910,100,100080,100,99898,200
2019-06-28 09:33:40.000000000,99960,488,99950,484,100002,100,99946,100,100003,100,99936,100,100006,100,99927,100,100015,100,99922,200,100016,100,99919,100,100019,100,99914,100,100057,100,99913,100,100072,100,99910,100,100080,100,99898,200
2019-06-28 09:33:48.406644097,99960,488,99950,484,100002,100,99946,100,100003,100,99936,100,100006,100,99927,100,100015,100,99922,200,100016,100,99919,100,100019,100,99914,100,100057,100,99913,100,100072,100,99910,100,100080,100,99898,200
2019-06-28 09:33:50.000000000,99960,200,99950,196,100002,196,99946,196,100003,196,99936,196,100006,196,99927,196,100015,100,99922,200,100016,100,99919,100,100019,100,99914,100,100057,100,99913,100,100072,100,99910,100,100080,100,99898,200
2019-06-28 09:34:00.000000000,99960,296,99950,292,100002,292,99946,292,100003,100,99936,100,100006,100,99927,100,100015,100,99922,200,100016,100,99919,100,100019,100,99914,100,100057,100,99913,100,100072,100,99910,100,100080,100,99898,200
2019-06-28 09:34:10.000000000,99960,235,99950,231,100002,227,99946,227,100003,227,99936,227,100006,100,99927,100,100015,100,99922,200,100016,100,99919,100,100019,100,99914,100,100057,100,99913,100,100072,100,99910,100,100080,100,99898,200
2019-06-28 09:34:18.836157179,99960,235,99950,131,100002,227,99946,227,100003,227,99936,227,100006,100,99927,100,100015,100,99922,200,100016,100,99919,100,100019,100,99914,100,100057,100,99913,100,100072,100,99910,100,100080,100,99898,200
2019-06-28 09:34:20.000000000,99960,488,99946,484,100002,100,99936,100,100003,100,99927,100,100006,100,99922,200,100015,100,99919,100,100016,100,99914,100,100019,100,99913,100,100057,100,99910,100,100072,100,99898,200,100080,100,99883,100
2019-06-28 09:34:30.000000000,99960,235,99946,231,100002,227,99936,227,100003,227,99927,227,100006,100,99922,200,100015,100,99919,100,100016,100,99914,100,100019,100,99913,100,100057,100,99910,100,100072,100,99898,200,100080,100,99883,100
2019-06-28 09:34:40.000000000,99960,235,99946,231,100002,227,99936,227,100003,227,99927,227,100006,100,99922,200,100015,100,99919,100,100016,100,99914,100,100019,100,99913,100,100057,100,99910,100,100072,100,99898,200,100080,100,99883,100
2019-06-28 09:34:42.650746897,99959,100,99946,231,99960,235,99936,227,100002,227,99927,227,100003,227,99922,200,100006,100,99919,100,100015,100,99914,100,100016,100,99913,100,100019,100,99910,100,100057,100,99898,200,100072,100,99883,100
2019-06-28 09:34:50.000000000,99959,292,99946,292,99960,296,99936,292,100002,100,99927,100,100003,100,99922,200,100006,100,99919,100,100015,100,99914,100,100016,100,99913,100,100019,100,99910,100,100057,100,99898,200,100072,100,99883,100
2019-06-28 09:34:57.760894419,99959,292,99946,192,99960,296,99936,292,100002,100,99927,100,100003,100,99922,200,100006,100,99919,100,100015,100,99914,100,100016,100,99913,100,100019,100,99910,100,100057,100,99898,200,100072,100,99883,100
2019-06-28 09:35:00.000000000,99959,231,99936,231,99960,231,99927,227,100002,227,99922,327,100003,100,99919,100,100006,100,99914,100,100015,100,99913,100,100016,100,99910,100,100019,100,99898,200,100057,100,99883,100,100072,100,99865,100
2019-06-28 09:35:00.852517786,99950,100,99936,231,99959,231,99927,227,99960,231,99922,327,100002,227,99919,100,100003,100,99914,100,100006,100,99913,100,100015,100,99910,100,100016,100,99898,200,100019,100,99883,100,100057,100,99865,100
2019-06-28 09:35:10.000000000,99950,231,99936,231,99959,227,99927,227,99960,231,99922,327,100002,100,99919,100,100003,100,99914,100,100006,100,99913,100,100015,100,99910,100,100016,100,99898,200,100019,100,99883,100,100057,100,99865,100
2019-06-28 09:35:12.262896732,99950,231,99936,131,99959,227,99927,227,99960,231,99922,327,100002,100,99919,100,100003,100,99914,100,100006,100,99913,100,100016,100,99910,100,100019,100,99898,200,100057,100,99883,100,100072,100,99865,100
2019-06-28 09:35:19.842072385,99950,231,99936,31,99959,227,99927,227,99960,231,99922,327,100002,100,99919,100,100003,100,99914,100,100006,100,99913,100,100016,100,99910,100,100019,100,99898,200,100057,100,99883,100,100072,100,99865,100
2019-06-28 09:35:20.000000000,99950,292,99927,292,99959,292,99922,392,99960,104,99919,100,100002,100,99914,100,100003,100,99913,100,100006,100,99910,100,100016,100,99898,200,100019,100,99883,100,100057,100,99865,100,100072,100,99839,100
2019-06-28 09:35:30.000000000,99950,484,99927,484,99959,100,99922,200,99960,104,99919,100,100002,100,99914,100,100003,100,99913,100,100006,100,99910,100,100016,100,99898,200,100019,100,99883,100,100057,100,99865,100,100072,100,99839,100
2019-06-28 09:35:40.000000000,99950,484,99927,484,99959,100,99922,200,99960,104,99919,100,100002,100,99914,100,100003,100,99913,100,100006,100,99910,100,100016,100,99898,200,100019,100,99883,100,100057,100,99865,100,100072,100,99839,100
2019-06-28 09:35:48.912827825,99950,484,99927,484,99959,100,99922,200,99960,104,99919,100,100002,100,99914,100,100003,100,99913,100,100006,100,99910,100,100016,100,99898,200,100019,100,99883,100,100057,100,99865,100,100072,100,99839,100
2019-06-28 09:35:50.000000000,99950,231,99927,231,99959,227,99922,327,99960,231,99919,227,100002,100,99914,100,100003,100,99913,100,100006,100,99910,100,100016,100,99898,200,100019,100,99883,100,100057,100,99865,100,100072,100,99839,100
2019-06-28 09:36:00.000000000,99950,177,99927,177,99959,177,99922,277,99960,181,99919,177,100002,177,99914,177,100003,177,99913,177,100006,100,99910,100,100016,100,99898,200,100019,100,99883,100,100057,100,99865,100,100072,100,99839,100
2019-06-28 09:36:03.771012142,99950,177,99927,77,99959,177,99922,277,99960,181,99919,177,100002,177,99914,177,100003,177,99913,177,100006,100,99910,100,100016,100,99898,200,100019,100,99883,100,100057,100,99865,100,100072,100,99839,100
2019-06-28 09:36:10.000000000,99950,177,99922,277,99959,177,99919,177,99960,181,99914,177,100002,177,99913,177,100003,177,99910,177,100006,100,99898,200,100016,100,99883,100,100019,100,99865,100,100057,100,99839,100,100072,100,99810,100
2019-06-28 09:36:19.418457567,99950,177,99922,277,99959,177,99919,177,99960,181,99914,177,100002,177,99913,177,100003,177,99910,177,100006,100,99898,200,100016,100,99883,100,100019,100,99865,100,100057,100,99839,100,100072,100,99810,100
2019-06-28 09:36:20.000000000,99950,484,99922,584,99959,100,99919,100,99960,104,99914,100,100002,100,99913,100,100003,100,99910,100,100006,100,99898,200,100016,100,99883,100,100019,100,99865,100,100057,100,99839,100,100072,100,99810,100
2019-06-28 09:36:30.000000000,99950,484,99922,584,99959,100,99919,100,99960,104,99914,100,100002,100,99913,100,100003,100,99910,100,100006,100,99898,200,100016,100,99883,100,100019,100,99865,100,100057,100,99839,100,100072,100,99810,100
2019-06-28 09:36:38.215198716,99950,484,99922,584,99959,100,99919,100,99960,104,99914,100,100002,100,99913,100,100003,100,99910,100,100006,100,99898,200,100016,100,99883,100,100019,100,99865,100,100057,100,99839,100,100072,100,99810,100
2019-06-28 09:36:40.000000000,99950,177,99922,277,99959,177,99919,177,99960,181,99914,177,100002,177,99913,177,100003,177,99910,177,100006,100,99898,200,100016,100,99883,100,100019,100,99865,100,100057,100,99839,100,100072,100,99810,100
2019-06-28 09:36:45.599759453,99936,100,99922,277,99950,77,99919,177,99959,177,99914,177,99960,181,99913,177,100002,177,99910,177,100003,177,99898,200,100006,100,99883,100,100016,100,99865,100,100019,100,99839,100,100057,100,99810,100
2019-06-28 09:36:50.000000000,99936,231,99922,331,99959,227,99919,227,99960,231,99914,227,100002,100,99913,100,100003,100,99910,100,100006,100,99898,200,100016,100,99883,100,100019,100,99865,100,100057,100,99839,100,100072,100,99810,100
2019-06-28 09:37:00.000000000,99936,231,99922,331,99959,227,99919,227,99960,231,99914,227,100002,100,99913,100,100003,100,99910,100,100006,100,99898,200,100016,100,99883,100,100019,100,99865,100,100057,100,99839,100,100072,100,99810,100
2019-06-28 09:37:10.000000000,99936,177,99922,277,99959,177,99919,177,99960,181,99914,177,100002,177,99913,177,100003,177,99910,177,100006,100,99898,200,100016,100,99883,100,100019,100,99865,100,100057,100,99839,100,100072,100,99810,100
2019-06-28 09:37:13.937987891,99936,177,99922,177,99959,177,99919,177,99960,181,99914,177,100002,177,99913,177,100003,177,99910,177,100006,100,99898,200,100016,100,99883,100,100019,100,99865,100,100057,100,99839,100,100072,100,99810,100
2019-06-28 09:37:20.000000000,99936,196,99922,196,99959,196,99919,196,99960,200,99914,196,100002,196,99913,196,100003,100,99910,100,100006,100,99898,200,100016,100,99883,100,100019,100,99865,100,100057,100,99839,100,100072,100,99810,100
2019-06-28 09:37:23.034274995,99927,100,99922,196,99936,196,99919,196,99959,96,99914,196,99960,200,99913,196,100002,196,99910,100,100003,100,99898,200,100006,100,99883,100,100016,100,99865,100,100019,100,99839,100,100057,100,99810,100
2019-06-28 09:37:30.000000000,99927,196,99922,196,99936,196,99919,196,99960,200,99914,196,100002,196,99913,196,100003,100,99910,100,100006,100,99898,200,100016,100,99883,100,100019,100,99865,100,100057,100,99839,100,100072,100,99810,100
2019-06-28 09:37:40.000000000,99927,196,99922,196,99936,196,99919,196,99960,200,99914,196,100002,196,99913,196,100003,100,99910,100,100006,100,99898,200,100016,100,99883,100,100019,100,99865,100,100057,100,99839,100,100072,100,99810,100
2019-06-28 09:37:50.000000000,99927,231,99922,231,99936,227,99919,227,99960,231,99914,227,100002,100,99913,100,100003,100,99910,100,100006,100,99898,200,100016,100,99883,100,100019,100,99865,100,100057,100,99839,100,100072,100,99810,100
2019-06-28 09:38:00.000000000,99927,231,99922,231,99936,227,99919,227,99960,231,99914,227,100002,100,99913,100,100003,100,99910,100,100006,100,99898,200,100016,100,99883,100,100019,100,99865,100,100057,100,99839,100,100072,100,99810,100
2019-06-28 09:38:10.000000000,99927,292,99922,292,99936,292,99919,292,99960,104,99914,100,100002,100,99913,100,100003,100,99910,100,100006,100,99898,200,100016,100,99883,100,100019,100,99865,100,100057,100,99839,100,100072,100,99810,100
2019-06-28 09:38:20.000000000,99927,177,99922,177,99936,177,99919,177,99960,181,99914,177,100002,177,99913,177,100003,177,99910,177,100006,100,99898,200,100016,100,99883,100,100019,100,99865,100,100057,100,99839,100,100072,100,99810,100
2019-06-28 09:38:25.937696704,99927,177,99922,177,99936,177,99919,177,99960,181,99914,177,100002,177,99913,177,100003,177,99910,177,100006,100,99898,200,100016,100,99883,100,100019,100,99865,100,100057,100,99839,100,100072,100,99810,100
2019-06-28 09:38:30.000000000,99927,484,99922,484,99936,100,99919,100,99960,104,99914,100,100002,100,99913,100,100003,100,99910,100,100006,100,99898,200,100016,100,99883,100,100019,100,99865,100,100057,100,99839,100,100072,100,99810,100
2019-06-28 09:38:40.000000000,99927,231,99922,231,99936,227,99919,227,99960,231,99914,227,100002,100,99913,100,100003,100,99910,100,100006,100,99898,200,100016,100,99883,100,100019,100,99865,100,100057,100,99839,100,100072,100,99810,100
2019-06-28 09:38:43.189731423,99927,231,99922,131,99936,227,99919,227,99960,231,99914,227,100002,100,99913,100,100003,100,99910,100,100006,100,99898,200,100016,100,99883,100,100019,100,99865,100,100057,100,99839,100,100072,100,99810,100
2019-06-28 09:38:48.130785230,99927,231,99922,31,99936,227,99919,227,99960,231,99914,227,100002,100,99913,100,100003,100,99910,100,100006,100,99898,200,100016,100,99883,100,100019,100,99865,100,100057,100,99839,100,100072,100,99810,100
2019-06-28 09:38:50.000000000,99927,231,99919,231,99936,227,99914,227,99960,231,99913,227,100002,100,99910,100,100003,100,99898,200,100006,100,99883,100,100016,100,99865,100,100019,100,99839,100,100057,100,99810,100,100072,100,99804,100
2019-06-28 09:38:53.789392462,99927,231,99919,231,99936,227,99914,127,99960,231,99913,227,100002,100,99910,100,100003,100,99898,200,100006,100,99883,100,100016,100,99865,100,100019,100,99839,100,100057,100,99810,100,100072,100,99804,100
2019-06-28 09:39:00.000000000,99927,196,99919,196,99936,196,99913,196,99960,200,99910,196,100002,196,99898,296,100003,100,99883,100,100006,100,99865,100,100016,100,99839,100,100019,100,99810,100,100057,100,99804,100,100072,100,99555,100
2019-06-28 09:39:10.000000000,99927,231,99919,231,99936,227,99913,227,99960,231,99910,227,100002,100,99898,200,100003,100,99883,100,100006,100,99865,100,100016,100,99839,100,100019,100,99810,100,100057,100,99804,100,100072,100,99555,100
2019-06-28 09:39:20.000000000,99927,292,99919,292,99936,292,99913,292,99960,104,99910,100,100002,100,99898,200,100003,100,99883,100,100006,100,99865,100,100016,100,99839,100,100019,100,99810,100,100057,100,99804,100,100072,100,99555,100
2019-06-28 09:39:24.069874563,99927,292,99919,292,99936,292,99913,292,99960,104,99910,100,100002,100,99898,200,100003,100,99883,100,100006,100,99865,100,100016,100,99839,100,100019,100,99810,100,100057,100,99804,100,100072,100,99555,100
2019-06-28 09:39:30.000000000,99927,177,99919,177,99936,177,99913,177,99960,181,99910,177,100002,177,99898,277,100003,177,99883,177,100006,100,99865,100,100016,100,99839,100,100019,100,99810,100,100057,100,99804,100,100072,100,99555,100
2019-06-28 09:39:40.000000000,99927,484,99919,484,99936,100,99913,100,99960,104,99910,100,100002,100,99898,200,100003,100,99883,100,100006,100,99865,100,100016,100,99839,100,100019,100,99810,100,100057,100,99804,100,100072,100,99555,100
2019-06-28 09:39:50.000000000,99927,231,99919,231,99936,227,99913,227,99960,231,99910,227,100002,100,99898,200,100003,100,99883,100,100006,100,99865,100,100016,100,99839,100,100019,100,99810,100,100057,100,99804,100,100072,100,99555,100
2019-06-28 09:39:58.517944215,99922,100,99919,231,99927,231,99913,227,99936,227,99910,227,99960,231,99898,200,100002,100,99883,100,100003,100,99865,100,100006,100,99839,100,100016,100,99810,100,100019,100,99804,100,100057,100,99555,100
2019-06-28 09:40:00.000000000,99922,292,99919,292,99927,292,99913,292,99936,100,99910,100,99960,104,99898,200,100002,100,99883,100,100003,100,99865,100,100006,100,99839,100,100016,100,99810,100,100019,100,99804,100,100057,100,99555,100
2019-06-28 09:40:10.000000000,99922,292,99919,292,99927,292,99913,292,99936,100,99910,100,99960,104,99898,200,100002,100,99883,100,100003,100,99865,100,100006,100,99839,100,100016,100,99810,100,100019,100,99804,100,100057,100,99555,100
2019-06-28 09:40:20.000000000,99922,196,99919,196,99927,196,99913,196,99936,196,99910,196,99960,200,99898,296,100002,100,99883,100,100003,100,99865,100,100006,100,99839,100,100016,100,99810,100,100019,100,99804,100,100057,100,99555,100
2019-06-28 09:40:30.000000000,99922,484,99919,484,99927,100,99913,100,99936,100,99910,100,99960,104,99898,200,100002,100,99883,100,100003,100,99865,100,100006,100,99839,100,100016,100,99810,100,100019,100,99804,100,100057,100,99555,100
2019-06-28 09:40:33.304400685,99922,484,99919,484,99927,100,99913,100,99936,100,99910,100,99960,104,99898,200,100002,100,99883,100,100003,100,99865,100,100006,100,99839,100,100016,100,99810,100,100019,100,99804,100,100057,100,99726,100
2019-06-28 09:40:40.000000000,99922,231,99919,231,99927,227,99913,227,99936,227,99910,227,99960,104,99898,200,100002,100,99883,100,100003,100,99865,100,100006,100,99839,100,100016,100,99810,100,100019,100,99804,100,100057,100,99726,100
2019-06-28 09:40:50.000000000,99922,292,99919,292,99927,292,99913,292,99936,100,99910,100,99960,104,99898,200,100002,100,99883,100,100003,100,99865,100,100006,100,99839,100,100016,100,99810,100,100019,100,99804,100,100057,100,99726,100
2019-06-28 09:41:00.000000000,99922,196,99919,196,99927,196,99913,196,99936,196,99910,196,99960,200,99898,296,100002,100,99883,100,100003,100,99865,100,100006,100,99839,100,100016,100,99810,100,100019,100,99804,100,100057,100,99726,100
2019-06-28 09:41:10.000000000,99922,292,99919,292,99927,292,99913,292,99936,100,99910,100,99960,104,99898,200,100002,100,99883,100,100003,100,99865,100,100006,100,99839,100,100016,100,99810,100,100019,100,99804,100,100057,100,99726,100
2019-06-28 09:41:18.283391448,99922,192,99919,292,99927,292,99913,292,99936,100,99910,100,99960,104,99898,200,100002,100,99883,100,100003,100,99865,100,100006,100,99839,100,100016,100,99810,100,100019,100,99804,100,100057,100,99726,100
2019-06-28 09:41:20.000000000,99927,177,99919,177,99936,177,99913,177,99960,181,99910,177,100002,177,99898,277,100003,177,99883,177,100006,100,99865,100,100016,100,99839,100,100019,100,99810,100,100057,100,99804,100,100072,100,99726,100
2019-06-28 09:41:26.373888447,99927,177,99919,177,99936,177,99913,177,99960,181,99910,177,100002,177,99898,277,100003,177,99883,177,100006,100,99865,100,100016,100,99839,100,100019,100,99810,100,100057,100,99804,100,100058,100,99726,100
2019-06-28 09:41:30.000000000,99927,484,99919,484,99936,100,99913,100,99960,104,99910,100,100002,100,99898,200,100003,100,99883,100,100006,100,99865,100,100016,100,99839,100,100019,100,99810,100,100057,100,99804,100,100058,100,99726,100
2019-06-28 09:41:40.000000000,99927,484,99919,484,99936,100,99913,100,99960,104,99910,100,100002,100,99898,200,100003,100,99883,100,100006,100,99865,100,100016,100,99839,100,100019,100,99810,100,100057,100,99804,100,100058,100,99726,100
2019-06-28 09:41:50.000000000,99927,231,99919,231,99936,227,99913,227,99960,231,99910,227,100002,100,99898,200,100003,100,99883,100,100006,100,99865,100,100016,100,99839,100,100019,100,99810,100,100057,100,99804,100,100058,100,99726,100
2019-06-28 09:41:51.873476515,99927,231,99919,231,99936,227,99913,227,99960,231,99910,227,100002,100,99898,200,100003,100,99883,100,100006,100,99865,100,100016,100,99839,100,100019,100,99810,100,100057,100,99804,100,100058,100,99726,100
2019-06-28 09:42:00.000000000,99927,292,99919,292,99936,292,99913,292,99960,104,99910,100,100002,100,99898,200,100003,100,99883,100,100006,100,99865,100,100016,100,99839,100,100019,100,99810,100,100057,100,99804,100,100058,100,99726,100
2019-06-28 09:42:10.000000000,99927,231,99919,231,99936,227,99913,227,99960,231,99910,227,100002,100,99898,200,100003,100,99883,100,100006,100,99865,100,100016,100,99839,100,100019,100,99810,100,100057,100,99804,100,100058,100,99726,100
2019-06-28 09:42:20.000000000,99927,231,99919,231,99936,227,99913,227,99960,231,99910,227,100002,100,99898,200,100003,100,99883,100,100006,100,99865,100,100016,100,99839,100,100019,100,99810,100,100057,100,99804,100,100058,100,99726,100
2019-06-28 09:42:29.203723550,99927,131,99919,231,99936,227,99913,227,99960,231,99910,227,100002,100,99898,200,100003,100,99883,100,100006,100,99865,100,100016,100,99839,100,100019,100,99810,100,100057,100,99804,100,100058,100,99726,100
2019-06-28 09:42:30.000000000,99936,196,99919,196,99960,200,99913,196,100002,196,99910,196,100003,196,99898,296,100006,100,99883,100,100016,100,99865,100,100019,100,99839,100,100057,100,99810,100,100058,100,99804,100,100072,100,99726,100
2019-06-28 09:42:32.976026455,99921,100,99919,196,99936,196,99913,196,99960,200,99910,196,100002,196,99898,196,100003,196,99883,100,100006,100,99865,100,100016,100,99839,100,100019,100,99810,100,100057,100,99804,100,100058,100,99726,100
2019-06-28 09:42:40.000000000,99921,196,99919,196,99936,196,99913,196,99960,200,99910,196,100002,196,99898,196,100003,100,99883,100,100006,100,99865,100,100016,100,99839,100,100019,100,99810,100,100057,100,99804,100,100058,100,99726,100
2019-06-28 09:42:44.228703060,99921,196,99919,196,99936,196,99913,196,99960,200,99910,196,100002,196,99898,196,100003,100,99883,100,100006,100,99865,100,100016,100,99839,100,100019,100,99810,100,100057,100,99804,100,100058,100,99726,100
2019-06-28 09:42:50.000000000,99921,484,99919,484,99936,100,99913,100,99960,104,99910,100,100002,100,99898,100,100003,100,99883,100,100006,100,99865,100,100016,100,99839,100,100019,100,99810,100,100057,100,99804,100,100058,100,99726,100
2019-06-28 09:43:00.000000000,99921,196,99919,196,99936,196,99913,196,99960,200,99910,196,100002,196,99898,196,100003,100,99883,100,100006,100,99865,100,100016,100,99839,100,100019,100,99810,100,100057,100,99804,100,100058,100,99726,100
2019-06-28 09:43:10.000000000,99921,484,99919,484,99936,100,99913,100,99960,104,99910,100,100002,100,99898,100,100003,100,99883,100,100006,100,99865,100,100016,100,99839,100,100019,100,99810,100,100057,100,99804,100,100058,100,99726,100
2019-06-28 09:43:14.694169265,99921,384,99919,484,99936,100,99913,100,99960,104,99910,100,100002,100,99898,100,100003,100,99883,100,100006,100,99865,100,100016,100,99839,100,100019,100,99810,100,100057,100,99804,100,100058,100,99726,100
2019-06-28 09:43:20.000000000,99936,231,99919,231,99960,231,99913,227,100002,227,99910,227,100003,100,99898,100,100006,100,99883,100,100016,100,99865,100,100019,100,99839,100,100057,100,99810,100,100058,100,99804,100,100072,100,99726,100
2019-06-28 09:43:20.111979048,99936,231,99919,231,99960,231,99913,227,100002,227,99910,227,100003,100,99898,100,100006,100,99883,100,100016,100,99881,100,100019,100,99865,100,100057,100,99839,100,100058,100,99810,100,100072,100,99804,100
2019-06-28 09:43:30.000000000,99936,484,99919,484,99960,104,99913,100,100002,100,99910,100,100003,100,99898,100,100006,100,99883,100,100016,100,99881,100,100019,100,99865,100,100057,100,99839,100,100058,100,99810,100,100072,100,99804,100
2019-06-28 09:43:40.000000000,99936,292,99919,292,99960,296,99913,292,100002,100,99910,100,100003,100,99898,100,100006,100,99883,100,100016,100,99881,100,100019,100,99865,100,100057,100,99839,100,100058,100,99810,100,100072,100,99804,100
2019-06-28 09:43:42.264639347,99936,292,99919,292,99960,296,99913,292,100002,100,99910,100,100003,100,99898,100,100006,100,99883,100,100016,100,99881,100,100019,100,99865,100,100057,100,99839,100,100058,100,99810,100,100072,100,99804,100
2019-06-28 09:43:50.000000000,99936,231,99919,231,99960,231,99913,227,100002,227,99910,227,100003,100,99898,100,100006,100,99883,100,100016,100,99881,100,100019,100,99865,100,100057,100,99839,100,100058,100,99810,100,100072,100,99804,100
2019-06-28 09:44:00.000000000,99936,292,99919,292,99960,296,99913,292,100002,100,99910,100,100003,100,99898,100,100006,100,99883,100,100016,100,99881,100,100019,100,99865,100,100057,100,99839,100,100058,100,99810,100,100072,100,99804,100
2019-06-28 09:44:03.504519717,99936,292,99921,100,99960,296,99919,292,100002,100,99913,292,100003,100,99910,100,100006,100,99898,100,100016,100,99883,100,100019,100,99881,100,100057,100,99865,100,100058,100,99839,100,100072,100,99810,100
2019-06-28 09:44:10.000000000,99936,292,99921,292,99960,296,99919,292,100002,100,99913,100,100003,100,99910,100,100006,100,99898,100,100016,100,99883,100,100019,100,99881,100,100057,100,99865,100,100058,100,99839,100,100072,100,99810,100
2019-06-28 09:44:20.000000000,99936,196,99921,196,99960,200,99919,196,100002,196,99913,196,100003,196,99910,196,100006,100,99898,100,100016,100,99883,100,100019,100,99881,100,100057,100,99865,100,100058,100,99839,100,100072,100,99810,100
2019-06-28 09:44:30.000000000,99936,196,99921,196,99960,200,99919,196,100002,196,99913,196,100003,196,99910,196,100006,100,99898,100,100016,100,99883,100,100019,100,99881,100,100057,100,99865,100,100058,100,99839,100,100072,100,99810,100
2019-06-28 09:44:35.142748954,99936,196,99921,96,99960,200,99919,196,100002,196,99913,196,100003,196,99910,196,100006,100,99898,100,100016,100,99883,100,100019,100,99881,100,100057,100,99865,100,100058,100,99839,100,100072,100,99810,100
2019-06-28 09:44:35.637181416,99936,196,99921,96,99960,200,99919,196,99969,100,99913,196,100002,196,99910,196,100003,196,99898,100,100006,100,99883,100,100016,100,99881,100,100019,100,99865,100,100057,100,99839,100,100058,100,99810,100
2019-06-28 09:44:40.000000000,99936,177,99919,177,99960,181,99913,177,99969,177,99910,177,100002,177,99898,177,100003,177,99883,177,100006,100,99881,100,100016,100,99865,100,100019,100,99839,100,100057,100,99810,100,100058,100,99804,100
2019-06-28 09:44:40.065301768,99936,177,99922,100,99960,181,99919,177,99969,177,99913,177,100002,177,99910,177,100003,177,99898,177,100006,100,99883,177,100016,100,99881,100,100019,100,99865,100,100057,100,99839,100,100058,100,99810,100
2019-06-28 09:44:47.686355284,99936,177,99922,100,99960,181,99919,177,99969,177,99913,177,100002,177,99910,177,100003,177,99898,177,100006,100,99883,177,100016,100,99881,100,100019,100,99865,100,100057,100,99839,100,100058,100,99810,100
2019-06-28 09:44:50.000000000,99936,292,99922,292,99960,296,99919,292,99969,100,99913,100,100002,100,99910,100,100003,100,99898,100,100006,100,99883,100,100016,100,99881,100,100019,100,99865,100,100057,100,99839,100,100058,100,99810,100
2019-06-28 09:44:58.019823942,99936,292,99922,292,99960,296,99919,292,99969,100,99913,100,100002,100,99910,100,100003,100,99898,100,100006,100,99883,100,100016,100,99881,100,100019,100,99865,100,100057,100,99839,100,100058,100,99810,100
2019-06-28 09:45:00.000000000,99936,196,99922,196,99960,200,99919,196,99969,196,99913,196,100002,196,99910,196,100003,100,99898,100,100006,100,99883,100,100016,100,99881,100,100019,100,99865,100,100057,100,99839,100,100058,100,99810,100
2019-06-28 09:45:07.271023217,99936,96,99922,196,99960,200,99919,196,99969,196,99913,196,100002,196,99910,196,100003,100,99898,100,100006,100,99883,100,100016,100,99881,100,100019,100,99865,100,100057,100,99839,100,100058,100,99810,100
2019-06-28 09:45:09.028564126,99960,200,99936,4,99969,196,99922,196,100002,196,99919,196,100003,100,99913,196,100006,100,99910,196,100016,100,99898,100,100019,100,99883,100,100057,100,99881,100,100058,100,99865,100,100072,100,99839,100
2019-06-28 09:45:10.000000000,99960,235,99936,135,99969,227,99922,227,100002,227,99919,227,100003,100,99913,100,100006,100,99910,100,100016,100,99898,100,100019,100,99883,100,100057,100,99881,100,100058,100,99865,100,100072,100,99839,100
2019-06-28 09:45:15.855875118,99960,135,99936,135,99969,227,99922,227,100002,227,99919,227,100003,100,99913,100,100006,100,99910,100,100016,100,99898,100,100019,100,99883,100,100057,100,99881,100,100058,100,99865,100,100072,100,99839,100
2019-06-28 09:45:20.000000000,99960,135,99936,135,99969,227,99922,227,100002,227,99919,227,100003,100,99913,100,100006,100,99910,100,100016,100,99898,100,100019,100,99883,100,100057,100,99881,100,100058,100,99865,100,100072,100,99839,100
2019-06-28 09:45:23.856761517,99960,35,99936,135,99969,227,99922,227,100002,227,99919,227,100003,100,99913,100,100006,100,99910,100,100016,100,99898,100,100019,100,99883,100,100057,100,99881,100,100058,100,99839,100,100072,100,99810,100
2019-06-28 09:45:25.254469972,99969,227,99960,65,100002,227,99936,135,100003,100,99922,227,100006,100,99919,227,100016,100,99913,100,100019,100,99910,100,100057,100,99898,100,100058,100,99883,100,100072,100,99881,100,100080,100,99839,100
2019-06-28 09:45:26.777854986,99969,227,99960,165,100002,227,99936,135,100003,100,99922,227,100006,100,99919,227,100016,100,99913,100,100019,100,99910,100,100057,100,99898,100,100058,100,99883,100,100072,100,99881,100,100080,100,99839,100
2019-06-28 09:45:29.190133626,99969,227,99960,165,100002,227,99936,135,100003,100,99922,227,100006,100,99919,227,100016,100,99913,100,100019,100,99910,100,100057,100,99898,100,100058,100,99883,100,100072,100,99881,100,100080,100,99839,100
2019-06-28 09:45:30.000000000,99969,177,99960,242,100002,177,99936,81,100003,177,99922,177,100006,177,99919,177,100016,177,99913,177,100019,100,99910,100,100057,100,99898,100,100058,100,99883,100,100072,100,99881,100,100080,100,99839,100
2019-06-28 09:45:40.000000000,99969,484,99960,549,100002,100,99936,4,100003,100,99922,100,100006,100,99919,100,100016,100,99913,100,100019,100,99910,100,100057,100,99898,100,100058,100,99883,100,100072,100,99881,100,100080,100,99839,100
2019-06-28 09:45:41.744824106,99969,484,99960,549,100002,100,99936,4,100003,100,99922,100,100016,100,99919,100,100019,100,99913,100,100057,100,99910,100,100058,100,99898,100,100072,100,99883,100,100080,100,99881,100,100099,100,99839,100
2019-06-28 09:45:49.649190257,99969,484,99960,549,100002,100,99936,4,100003,100,99922,100,100016,100,99919,100,100019,100,99913,100,100057,100,99910,100,100072,100,99898,100,100080,100,99883,100,100099,100,99881,100,100124,100,99839,100
2019-06-28 09:45:50.000000000,99969,196,99960,261,100002,196,99936,100,100003,196,99922,196,100016,196,99919,196,100019,100,99913,100,100057,100,99910,100,100072,100,99898,100,100080,100,99883,100,100099,100,99881,100,100124,100,99839,100
2019-06-28 09:46:00.000000000,99969,196,99960,261,100002,196,99936,100,100003,196,99922,196,100016,196,99919,196,100019,100,99913,100,100057,100,99910,100,100072,100,99898,100,100080,100,99883,100,100099,100,99881,100,100124,100,99839,100
2019-06-28 09:46:10.000000000,99969,484,99960,549,100002,100,99936,4,100003,100,99922,100,100016,100,99919,100,100019,100,99913,100,100057,100,99910,100,100072,100,99898,100,100080,100,99883,100,100099,100,99881,100,100124,100,99839,100
2019-06-28 09:46:20.000000000,99969,231,99960,296,100002,227,99936,131,100003,227,99922,227,100016,100,99919,100,100019,100,99913,100,100057,100,99910,100,100072,100,99898,100,100080,100,99883,100,100099,100,99881,100,100124,100,99839,100
2019-06-28 09:46:20.798714362,99969,131,99960,296,100002,227,99936,131,100003,227,99922,227,100016,100,99919,100,100019,100,99913,100,100057,100,99910,100,100072,100,99898,100,100080,100,99883,100,100099,100,99881,100,100137,100,99839,100
2019-06-28 09:46:29.043764050,99969,31,99960,296,100002,227,99936,131,100003,227,99922,227,100016,100,99919,100,100019,100,99913,100,100057,100,99910,100,100072,100,99898,100,100080,100,99881,100,100099,100,99839,100,100137,100,99810,100
2019-06-28 09:46:29.671655956,99969,31,99960,196,100002,227,99936,131,100003,227,99922,227,100016,100,99919,100,100019,100,99913,100,100057,100,99910,100,100072,100,99898,100,100080,100,99881,100,100099,100,99839,100,100137,100,99810,100
2019-06-28 09:46:30.000000000,100002,484,99960,449,100003,100,99936,4,100016,100,99922,100,100019,100,99919,100,100057,100,99913,100,100072,100,99910,100,100080,100,99898,100,100099,100,99881,100,100137,100,99839,100,100144,100,99810,100
2019-06-28 09:46:40.000000000,100002,177,99960,142,100003,177,99936,81,100016,177,99922,177,100019,177,99919,177,100057,177,99913,177,100072,100,99910,100,100080,100,99898,100,100099,100,99881,100,100137,100,99839,100,100144,100,99810,100
2019-06-28 09:46:50.000000000,100002,196,99960,161,100003,196,99936,100,100016,196,99922,196,100019,196,99919,196,100057,100,99913,100,100072,100,99910,100,100080,100,99898,100,100099,100,99881,100,100137,100,99839,100,100144,100,99810,100
2019-06-28 09:46:54.536456438,100002,196,99969,100,100003,196,99960,161,100016,196,99936,100,100019,196,99922,196,100057,100,99919,196,100072,100,99913,100,100080,100,99910,100,100099,100,99898,100,100137,100,99881,100,100144,100,99839,100
2019-06-28 09:47:00.000000000,100002,231,99969,231,100003,227,99960,192,100016,227,99936,131,100019,100,99922,100,100057,100,99919,100,100072,100,99913,100,100080,100,99910,100,100099,100,99898,100,100137,100,99881,100,100144,100,99839,100
2019-06-28 09:47:10.000000000,100002,292,99969,292,100003,292,99960,257,100016,100,99936,4,100019,100,99922,100,100057,100,99919,100,100072,100,99913,100,100080,100,99910,100,100099,100,99898,100,100137,100,99881,100,100144,100,99839,100
2019-06-28 09:47:19.525242293,100002,292,99969,292,100003,292,99960,257,100016,100,99936,4,100019,100,99922,100,100057,100,99919,100,100072,100,99913,100,100080,100,99910,100,100099,100,99898,100,100137,100,99881,100,100144,100,99839,100
2019-06-28 09:47:20.000000000,100002,177,99969,177,100003,177,99960,142,100016,177,99936,81,100019,177,99922,177,100057,177,99919,177,100072,100,99913,100,100080,100,99910,100,100099,100,99898,100,100137,100,99881,100,100144,100,99839,100
2019-06-28 09:47:25.232701461,100002,177,99969,277,100003,177,99960,142,100016,177,99936,81,100019,177,99922,177,100057,177,99919,177,100072,100,99913,100,100080,100,99910,100,100099,100,99898,100,100137,100,99881,100,100144,100,99839,100
2019-06-28 09:47:30.000000000,100002,196,99969,296,100003,196,99960,161,100016,196,99936,100,100019,196,99922,196,100057,100,99919,100,100072,100,99913,100,100080,100,99910,100,100099,100,99898,100,100137,100,99881,100,100144,100,99839,100
2019-06-28 09:47:40.000000000,100002,196,99969,296,100003,196,99960,161,100016,196,99936,100,100019,196,99922,196,100057,100,99919,100,100072,100,99913,100,100080,100,99910,100,100099,100,99898,100,100137,100,99881,100,100144,100,99839,100
2019-06-28 09:47:45.620054280,100002,196,99969,296,100003,196,99960,161,100016,196,99936,100,100019,196,99922,196,100057,100,99919,100,100072,100,99913,100,100080,100,99898,100,100099,100,99881,100,100137,100,99839,100,100144,100,99810,100
2019-06-28 09:47:50.000000000,100002,484,99969,584,100003,100,99960,65,100016,100,99936,4,100019,100,99922,100,100057,100,99919,100,100072,100,99913,100,100080,100,99898,100,100099,100,99881,100,100137,100,99839,100,100144,100,99810,100
2019-06-28 09:47:57.545926127,100002,484,99969,584,100003,100,99960,65,100016,100,99936,4,100019,100,99922,100,100057,100,99919,100,100072,100,99913,100,100080,100,99898,100,100099,100,99881,100,100137,100,99839,100,100144,100,99810,100
2019-06-28 09:48:00.000000000,100002,177,99969,277,100003,177,99960,142,100016,177,99936,81,100019,177,99922,177,100057,177,99919,177,100072,100,99913,100,100080,100,99898,100,100099,100,99881,100,100137,100,99839,100,100144,100,99810,100
2019-06-28 09:48:07.700061375,100002,77,99969,277,100003,177,99960,142,100016,177,99936,81,100019,177,99922,177,100057,177,99919,177,100072,100,99913,100,100080,100,99898,100,100099,100,99881,100,100137,100,99839,100,100144,100,99810,100
2019-06-28 09:48:10.000000000,100003,196,99969,296,100016,196,99960,161,100019,196,99936,100,100057,196,99922,196,100072,100,99919,100,100080,100,99913,100,100099,100,99898,100,100137,100,99881,100,100144,100,99839,100,100365,100,99810,100
2019-06-28 09:48:20.000000000,100003,484,99969,584,100016,100,99960,65,100019,100,99936,4,100057,100,99922,100,100072,100,99919,100,100080,100,99913,100,100099,100,99898,100,100137,100,99881,100,100144,100,99839,100,100365,100,99810,100
2019-06-28 09:48:22.492109499,100003,384,99969,584,100016,100,99960,65,100019,100,99936,4,100057,100,99922,100,100072,100,99919,100,100080,100,99913,100,100099,100,99898,100,100137,100,99881,100,100144,100,99839,100,100365,100,99810,100
2019-06-28 09:48:30.000000000,100016,292,99969,392,100019,292,99960,257,100057,100,99936,4,100072,100,99922,100,100080,100,99919,100,100099,100,99913,100,100137,100,99898,100,100144,100,99881,100,100365,100,99839,100,100372,100,99810,100
2019-06-28 09:48:38.627216382,100016,292,100002,100,100019,292,99969,392,100057,100,99960,257,100072,100,99936,4,100080,100,99922,100,100099,100,99919,100,100137,100,99913,100,100144,100,99898,100,100365,100,99881,100,100372,100,99839,100
2019-06-28 09:48:40.000000000,100016,231,100002,231,100019,227,99969,327,100057,227,99960,192,100072,100,99936,4,100080,100,99922,100,100099,100,99919,100,100137,100,99913,100,100144,100,99898,100,100365,100,99881,100,100372,100,99839,100
2019-06-28 09:48:50.000000000,100016,177,100002,177,100019,177,99969,277,100057,177,99960,142,100072,177,99936,81,100080,177,99922,177,100099,100,99919,100,100137,100,99913,100,100144,100,99898,100,100365,100,99881,100,100372,100,99839,100
2019-06-28 09:48:55.766016766,100016,177,100002,277,100019,177,99969,277,100057,177,99960,142,100072,177,99936,81,100080,177,99922,177,100099,100,99919,100,100137,100,99913,100,100144,100,99898,100,100365,100,99881,100,100372,100,99839,100
2019-06-28 09:49:00.000000000,100016,196,100002,296,100019,196,99969,296,100057,196,99960,161,100072,196,99936,100,100080,100,99922,100,100099,100,99919,100,100137,100,99913,100,100144,100,99898,100,100365,100,99881,100,100372,100,99839,100
2019-06-28 09:49:08.037384769,100016,196,100002,396,100019,196,99969,296,100057,196,99960,161,100072,196,99936,100,100080,100,99922,100,100099,100,99919,100,100137,100,99913,100,100144,100,99898,100,100365,100,99881,100,100372,100,99839,100
2019-06-28 09:49:10.000000000,100016,177,100002,377,100019,177,99969,277,100057,177,99960,142,100072,177,99936,81,100080,177,99922,177,100099,100,99919,100,100137,100,99913,100,100144,100,99898,100,100365,100,99881,100,100372,100,99839,100
2019-06-28 09:49:20.000000000,100016,196,100002,396,100019,196,99969,296,100057,196,99960,161,100072,196,99936,100,100080,100,99922,100,100099,100,99919,100,100137,100,99913,100,100144,100,99898,100,100365,100,99881,100,100372,100,99839,100
2019-06-28 09:49:30.000000000,100016,231,100002,431,100019,227,99969,327,100057,227,99960,192,100072,100,99936,4,100080,100,99922,100,100099,100,99919,100,100137,100,99913,100,100144,100,99898,100,100365,100,99881,100,100372,100,99839,100
2019-06-28 09:49:40.000000000,100016,231,100002,431,100019,227,99969,327,100057,227,99960,192,100072,100,99936,4,100080,100,99922,100,100099,100,99919,100,100137,100,99913,100,100144,100,99898,100,100365,100,99881,100,100372,100,99839,100
2019-06-28 09:49:49.770778123,100016,131,100002,431,100019,227,99969,327,100057,227,99960,192,100072,100,99936,4,100080,100,99922,100,100099,100,99919,100,100137,100,99913,100,100144,100,99898,100,100365,100,99881,100,100372,100,99839,100
2019-06-28 09:49:50.000000000,100019,231,100002,431,100057,227,99969,327,100072,227,99960,192,100080,100,99936,4,100099,100,99922,100,100137,100,99919,100,100144,100,99913,100,100365,100,99898,100,100372,100,99881,100,100492,100,99839,100
2019-06-28 09:50:00.000000000,100019,231,100002,431,100057,227,99969,327,100072,227,99960,192,100080,100,99936,4,100099,100,99922,100,100137,100,99919,100,100144,100,99913,100,100365,100,99898,100,100372,100,99881,100,100492,100,99839,100
2019-06-28 09:50:10.000000000,100019,196,100002,396,100057,196,99969,296,100072,196,99960,161,100080,196,99936,100,100099,100,99922,100,100137,100,99919,100,100144,100,99913,100,100365,100,99898,100,100372,100,99881,100,100492,100,99839,100
2019-06-28 09:50:20.000000000,100019,196,100002,396,100057,196,99969,296,100072,196,99960,161,100080,196,99936,100,100099,100,99922,100,100137,100,99919,100,100144,100,99913,100,100365,100,99898,100,100372,100,99881,100,100492,100,99839,100
2019-06-28 09:50:30.000000000,100019,484,100002,684,100057,100,99969,200,100072,100,99960,65,100080,100,99936,4,100099,100,99922,100,100137,100,99919,100,100144,100,99913,100,100365,100,99898,100,100372,100,99881,100,100492,100,99839,100
2019-06-28 09:50:39.809546540,100019,484,100003,100,100057,100,100002,684,100072,100,99969,200,100080,100,99960,65,100099,100,99936,4,100137,100,99922,100,100144,100,99919,100,100365,100,99913,100,100372,100,99898,100,100492,100,99881,100
2019-06-28 09:50:40.000000000,100019,231,100003,231,100057,227,100002,427,100072,227,99969,327,100080,100,99960,65,100099,100,99936,4,100137,100,99922,100,100144,100,99919,100,100365,100,99913,100,100372,100,99898,100,100492,100,99881,100
2019-06-28 09:50:49.679030212,100019,231,100003,231,100057,227,100002,427,100072,227,99969,327,100080,100,99960,65,100099,100,99936,4,100137,100,99922,100,100144,100,99919,100,100247,100,99913,100,100365,100,99898,100,100372,100,99881,100
2019-06-28 09:50:50.000000000,100019,484,100003,484,100057,100,100002,300,100072,100,99969,200,100080,100,99960,65,100099,100,99936,4,100137,100,99922,100,100144,100,99919,100,100247,100,99913,100,100365,100,99898,100,100372,100,99881,100
2019-06-28 09:50:58.638612132,100019,484,100003,484,100057,100,100002,300,100072,100,99969,200,100080,100,99960,65,100099,100,99936,4,100137,100,99922,100,100144,100,99919,100,100247,100,99913,100,100298,100,99898,100,100365,100,99881,100
2019-06-28 09:51:00.000000000,100019,196,100003,196,100057,196,100002,396,100072,196,99969,296,100080,196,99960,161,100099,100,99936,4,100137,100,99922,100,100144,100,99919,100,100247,100,99913,100,100298,100,99898,100,100365,100,99881,100
2019-06-28 09:51:10.000000000,100019,231,100003,231,100057,227,100002,427,100072,227,99969,327,100080,100,99960,65,100099,100,99936,4,100137,100,99922,100,100144,100,99919,100,100247,100,99913,100,100298,100,99898,100,100365,100,99881,100
2019-06-28 09:51:20.000000000,100019,196,100003,196,100057,196,100002,396,100072,196,99969,296,100080,196,99960,161,100099,100,99936,4,100137,100,99922,100,100144,100,99919,100,100247,100,99913,100,100298,100,99898,100,100365,100,99881,100
2019-06-28 09:51:27.320979727,100019,196,100003,196,100057,196,100002,396,100072,196,99969,296,100080,196,99960,161,100099,100,99936,4,100137,100,99922,100,100144,100,99919,100,100247,100,99913,100,100298,100,99898,100,100365,100,99881,100
2019-06-28 09:51:30.000000000,100019,177,100003,177,100057,177,100002,377,100072,177,99969,277,100080,177,99960,142,100099,177,99936,81,100137,100,99922,100,100144,100,99919,100,100247,100,99913,100,100298,100,99898,100,100365,100,99881,100
2019-06-28 09:51:40.000000000,100019,177,100003,177,100057,177,100002,377,100072,177,99969,277,100080,177,99960,142,100099,177,99936,81,100137,100,99922,100,100144,100,99919,100,100247,100,99913,100,100298,100,99898,100,100365,100,99881,100
2019-06-28 09:51:50.000000000,100019,292,100003,292,100057,292,100002,492,100072,100,99969,200,100080,100,99960,65,100099,100,99936,4,100137,100,99922,100,100144,100,99919,100,100247,100,99913,100,100298,100,99898,100,100365,100,99881,100
2019-06-28 09:52:00.000000000,100019,484,100003,484,100057,100,100002,300,100072,100,99969,200,100080,100,99960,65,100099,100,99936,4,100137,100,99922,100,100144,100,99919,100,100247,100,99913,100,100298,100,99898,100,100365,100,99881,100
2019-06-28 09:52:10.000000000,100019,196,100003,196,100057,196,100002,396,100072,196,99969,296,100080,196,99960,161,100099,100,99936,4,100137,100,99922,100,100144,100,99919,100,100247,100,99913,100,100298,100,99898,100,100365,100,99881,100
2019-06-28 09:52:20.000000000,100019,484,100003,484,100057,100,100002,300,100072,100,99969,200,100080,100,99960,65,100099,100,99936,4,100137,100,99922,100,100144,100,99919,100,100247,100,99913,100,100298,100,99898,100,100365,100,99881,100
2019-06-28 09:52:23.199198954,100019,484,100003,484,100057,100,100002,300,100072,100,99969,200,100080,100,99960,65,100099,100,99936,4,100137,100,99922,100,100144,100,99919,100,100247,100,99913,100,100298,100,99898,100,100365,100,99881,100
2019-06-28 09:52:30.000000000,100019,177,100003,177,100057,177,100002,377,100072,177,99969,277,100080,177,99960,142,100099,177,99936,81,100137,100,99922,100,100144,100,99919,100,100247,100,99913,100,100298,100,99898,100,100365,100,99881,100
2019-06-28 09:52:40.000000000,100019,196,100003,196,100057,196,100002,396,100072,196,99969,296,100080,196,99960,161,100099,100,99936,4,100137,100,99922,100,100144,100,99919,100,100247,100,99913,100,100298,100,99898,100,100365,100,99881,100
2019-06-28 09:52:41.198188890,100019,196,100002,392,100057,196,99969,296,100072,196,99960,161,100080,196,99936,4,100099,100,99922,100,100137,100,99919,100,100144,100,99913,100,100247,100,99898,100,100298,100,99881,100,100365,100,99839,100
2019-06-28 09:52:50.000000000,100019,484,100002,680,100057,100,99969,200,100072,100,99960,65,100080,100,99936,4,100099,100,99922,100,100137,100,99919,100,100144,100,99913,100,100247,100,99898,100,100298,100,99881,100,100365,100,99839,100
2019-06-28 09:53:00.000000000,100019,484,100002,680,100057,100,99969,200,100072,100,99960,65,100080,100,99936,4,100099,100,99922,100,100137,100,99919,100,100144,100,99913,100,100247,100,99898,100,100298,100,99881,100,100365,100,99839,100
2019-06-28 09:53:03.541030445,100019,484,100002,680,100057,100,99969,200,100072,100,99960,65,100080,100,99936,4,100099,100,99922,100,100137,100,99919,100,100144,100,99913,100,100247,100,99898,100,100298,100,99881,100,100365,100,99839,100
2019-06-28 09:53:06.605382432,100019,484,100002,680,100057,100,99969,200,100072,100,99960,65,100080,100,99936,4,100099,100,99922,100,100137,100,99919,100,100144,100,99913,100,100247,100,99898,100,100298,100,99881,100,100365,100,99839,100
2019-06-28 09:53:10.000000000,100019,292,100002,488,100057,292,99969,392,100072,100,99960,65,100080,100,99936,4,100099,100,99922,100,100137,100,99919,100,100144,100,99913,100,100247,100,99898,100,100298,100,99881,100,100365,100,99839,100
2019-06-28 09:53:14.452201521,100019,292,100002,388,100057,292,99969,392,100072,100,99960,65,100080,100,99936,4,100099,100,99922,100,100137,100,99919,100,100144,100,99913,100,100247,100,99898,100,100298,100,99881,100,100365,100,99839,100
2019-06-28 09:53:20.000000000,100019,484,100002,580,100057,100,99969,200,100072,100,99960,65,100080,100,99936,4,100099,100,99922,100,100137,100,99919,100,100144,100,99913,100,100247,100,99898,100,100298,100,99881,100,100365,100,99839,100
2019-06-28 09:53:27.865480391,100003,100,100002,580,100019,484,99969,200,100057,100,99960,65,100072,100,99936,4,100080,100,99922,100,100099,100,99919,100,100137,100,99913,100,100144,100,99898,100,100247,100,99881,100,100298,100,99839,100
2019-06-28 09:53:30.000000000,100003,484,100002,580,100019,100,99969,200,100057,100,99960,65,100072,100,99936,4,100080,100,99922,100,100099,100,99919,100,100137,100,99913,100,100144,100,99898,100,100247,100,99881,100,100298,100,99839,100
2019-06-28 09:53:39.802296196,100003,484,100002,580,100019,100,99969,200,100057,100,99960,65,100072,100,99936,4,100080,100,99922,100,100099,100,99919,100,100137,100,99913,100,100144,100,99898,100,100247,100,99881,100,100298,100,99839,100
2019-06-28 09:53:40.000000000,100003,292,100002,388,100019,292,99969,392,100057,100,99960,65,100072,100,99936,4,100080,100,99922,100,100099,100,99919,100,100137,100,99913,100,100144,100,99898,100,100247,100,99881,100,100298,100,99839,100
2019-06-28 09:53:50.000000000,100003,484,100002,580,100019,100,99969,200,100057,100,99960,65,100072,100,99936,4,100080,100,99922,100,100099,100,99919,100,100137,100,99913,100,100144,100,99898,100,100247,100,99881,100,100298,100,99839,100
2019-06-28 09:54:00.000000000,100003,231,100002,327,100019,227,99969,327,100057,227,99960,192,100072,100,99936,4,100080,100,99922,100,100099,100,99919,100,100137,100,99913,100,100144,100,99898,100,100247,100,99881,100,100298,100,99839,100
2019-06-28 09:54:10.000000000,100003,196,100002,292,100019,196,99969,296,100057,196,99960,161,100072,196,99936,100,100080,100,99922,100,100099,100,99919,100,100137,100,99913,100,100144,100,99898,100,100247,100,99881,100,100298,100,99839,100
2019-06-28 09:54:10.124762593,100003,196,100002,292,100019,196,99969,296,100057,196,99960,161,100072,196,99936,100,100080,100,99922,100,100099,100,99919,100,100137,100,99913,100,100144,100,99898,100,100247,100,99881,100,100298,100,99839,100
2019-06-28 09:54:20.000000000,100003,231,100002,327,100019,227,99969,327,100057,227,99960,192,100072,100,99936,4,100080,100,99922,100,100099,100,99919,100,100137,100,99913,100,100144,100,99898,100,100247,100,99881,100,100298,100,99839,100
2019-06-28 09:54:29.900327782,100003,231,100002,327,100019,227,99969,327,100057,227,99960,192,100072,100,99936,4,100080,100,99922,100,100099,100,99919,100,100137,100,99913,100,100144,100,99898,100,100193,100,99881,100,100247,100,99839,100
2019-06-28 09:54:30.000000000,100003,196,100002,292,100019,196,99969,296,100057,196,99960,161,100072,196,99936,100,100080,100,99922,100,100099,100,99919,100,100137,100,99913,100,100144,100,99898,100,100193,100,99881,100,100247,100,99839,100
2019-06-28 09:54:40.000000000,100003,196,100002,292,100019,196,99969,296,100057,196,99960,161,100072,196,99936,100,100080,100,99922,100,100099,100,99919,100,100137,100,99913,100,100144,100,99898,100,100193,100,99881,100,100247,100,99839,100
2019-06-28 09:54:50.000000000,100003,196,100002,292,100019,196,99969,296,100057,196,99960,161,100072,196,99936,100,100080,100,99922,100,100099,100,99919,100,100137,100,99913,100,100144,100,99898,100,100193,100,99881,100,100247,100,99839,100
2019-06-28 09:55:00.000000000,100003,196,100002,292,100019,196,99969,296,100057,196,99960,161,100072,196,99936,100,100080,100,99922,100,100099,100,99919,100,100137,100,99913,100,100144,100,99898,100,100193,100,99881,100,100247,100,99839,100
2019-06-28 09:55:10.000000000,100003,484,100002,580,100019,100,99969,200,100057,100,99960,65,100072,100,99936,4,100080,100,99922,100,100099,100,99919,100,100137,100,99913,100,100144,100,99898,100,100193,100,99881,100,100247,100,99839,100
2019-06-28 09:55:10.694941367,100003,484,100002,480,100019,100,99969,200,100057,100,99960,65,100072,100,99936,4,100080,100,99922,100,100099,100,99919,100,100137,100,99913,100,100144,100,99898,100,100193,100,99881,100,100247,100,99839,100
2019-06-28 09:55:20.000000000,100003,484,100002,480,100019,100,99969,200,100057,100,99960,65,100072,100,99936,4,100080,100,99922,100,100099,100,99919,100,100137,100,99913,100,100144,100,99898,100,100193,100,99881,100,100247,100,99839,100
2019-06-28 09:55:24.561703973,100003,484,100002,480,100019,100,99997,100,100057,100,99969,200,100072,100,99960,65,100080,100,99936,4,100099,100,99922,100,100137,100,99919,100,100144,100,99913,100,100193,100,99898,100,100247,100,99881,100
2019-06-28 09:55:30.000000000,100003,196,100002,192,100019,196,99997,196,100057,196,99969,296,100072,196,99960,161,100080,100,99936,4,100099,100,99922,100,100137,100,99919,100,100144,100,99913,100,100193,100,99898,100,100247,100,99881,100
2019-06-28 09:55:37.828123111,100003,96,100002,192,100019,196,99997,196,100057,196,99969,296,100072,196,99960,161,100080,100,99936,4,100099,100,99922,100,100137,100,99919,100,100144,100,99913,100,100193,100,99898,100,100247,100,99881,100
2019-06-28 09:55:39.334218327,100003,96,100002,192,100019,196,99997,196,100057,196,99969,296,100072,196,99960,161,100080,100,99936,4,100099,100,99925,100,100137,100,99922,100,100144,100,99919,100,100193,100,99913,100,100247,100,99898,100
2019-06-28 09:55:40.000000000,100019,177,100002,173,100057,177,99997,177,100072,177,99969,277,100080,177,99960,142,100099,177,99936,81,100137,100,99925,100,100144,100,99922,100,100193,100,99919,100,100247,100,99913,100,100298,100,99898,100
2019-06-28 09:55:50.000000000,100019,177,100002,173,100057,177,99997,177,100072,177,99969,277,100080,177,99960,142,100099,177,99936,81,100137,100,99925,100,100144,100,99922,100,100193,100,99919,100,100247,100,99913,100,100298,100,99898,100
2019-06-28 09:56:00.000000000,100019,292,100002,288,100057,292,99997,292,100072,100,99969,200,100080,100,99960,65,100099,100,99936,4,100137,100,99925,100,100144,100,99922,100,100193,100,99919,100,100247,100,99913,100,100298,100,99898,100
2019-06-28 09:56:10.000000000,100019,292,100002,288,100057,292,99997,292,100072,100,99969,200,100080,100,99960,65,100099,100,99936,4,100137,100,99925,100,100144,100,99922,100,100193,100,99919,100,100247,100,99913,100,100298,100,99898,100
2019-06-28 09:56:15.634759786,100019,192,100002,288,100057,292,99997,192,100072,100,99969,200,100080,100,99960,65,100099,100,99936,4,100137,100,99925,100,100144,100,99922,100,100193,100,99919,100,100247,100,99913,100,100298,100,99898,100
2019-06-28 09:56:17.858517767,100019,192,100002,288,100057,292,99997,192,100072,100,99969,200,100080,100,99960,65,100099,100,99936,4,100137,100,99925,100,100144,100,99922,100,100193,100,99919,100,100247,100,99913,100,100298,100,99898,100
2019-06-28 09:56:20.000000000,100057,231,100002,227,100072,227,99969,327,100080,227,99960,192,100099,100,99936,4,100137,100,99925,100,100144,100,99922,100,100193,100,99919,100,100247,100,99913,100,100298,100,99898,100,100365,100,99881,100
2019-06-28 09:56:26.860448792,100057,231,100002,227,100072,227,99969,327,100080,227,99960,192,100099,100,99936,4,100137,100,99925,100,100144,100,99922,100,100193,100,99919,100,100247,100,99913,100,100298,100,99898,100,100365,100,99881,100
2019-06-28 09:56:30.000000000,100057,292,100002,288,100072,292,99969,392,100080,100,99960,65,100099,100,99936,4,100137,100,99925,100,100144,100,99922,100,100193,100,99919,100,100247,100,99913,100,100298,100,99898,100,100365,100,99881,100
2019-06-28 09:56:36.697685948,100057,192,100002,288,100072,292,99969,392,100080,100,99960,65,100099,100,99936,4,100137,100,99925,100,100144,100,99922,100,100193,100,99919,100,100247,100,99913,100,100298,100,99898,100,100365,100,99881,100
2019-06-28 09:56:40.000000000,100072,196,100002,192,100080,196,99969,296,100099,196,99960,161,100137,196,99936,100,100144,100,99925,100,100193,100,99922,100,100247,100,99919,100,100298,100,99913,100,100365,100,99898,100,100442,100,99881,100
2019-06-28 09:56:50.000000000,100072,177,100002,173,100080,177,99969,277,100099,177,99960,142,100137,177,99936,81,100144,177,99925,177,100193,100,99922,100,100247,100,99919,100,100298,100,99913,100,100365,100,99898,100,100442,100,99881,100
2019-06-28 09:57:00.000000000,100072,484,100002,480,100080,100,99969,200,100099,100,99960,65,100137,100,99936,4,100144,100,99925,100,100193,100,99922,100,100247,100,99919,100,100298,100,99913,100,100365,100,99898,100,100442,100,99881,100
2019-06-28 09:57:10.000000000,100072,292,100002,288,100080,292,99969,392,100099,100,99960,65,100137,100,99936,4,100144,100,99925,100,100193,100,99922,100,100247,100,99919,100,100298,100,99913,100,100365,100,99898,100,100442,100,99881,100
2019-06-28 09:57:17.647129633,100072,292,100002,288,100080,292,99969,392,100099,100,99960,65,100137,100,99936,4,100193,100,99925,100,100247,100,99922,100,100298,100,99919,100,100365,100,99913,100,100442,100,99898,100,100550,100,99881,100
2019-06-28 09:57:17.758794644,100072,192,100002,288,100080,292,99969,392,100099,100,99960,65,100137,100,99936,4,100247,100,99925,100,100298,100,99922,100,100365,100,99919,100,100442,100,99913,100,100550,100,99898,100,100594,100,99881,100
2019-06-28 09:57:20.000000000,100080,177,100002,173,100099,177,99969,277,100137,177,99960,142,100247,177,99936,81,100298,177,99925,177,100365,100,99922,100,100442,100,99919,100,100550,100,99913,100,100594,100,99898,100,100669,100,99881,100
2019-06-28 09:57:21.652420490,100080,77,100002,173,100099,177,99969,277,100137,177,99960,142,100247,177,99936,81,100298,177,99925,177,100365,100,99922,100,100442,100,99919,100,100550,100,99913,100,100594,100,99898,100,100669,100,99881,100
2019-06-28 09:57:24.449081770,100080,77,100002,173,100099,177,99969,277,100137,177,99960,142,100247,177,99936,81,100298,177,99925,177,100365,100,99922,100,100442,100,99919,100,100550,100,99913,100,100594,100,99898,100,100669,100,99881,100
2019-06-28 09:57:26.533392529,100080,77,100072,100,100099,177,100002,173,100137,177,99969,277,100247,177,99960,142,100298,177,99936,81,100365,100,99925,177,100442,100,99922,100,100550,100,99919,100,100594,100,99913,100,100669,100,99898,100
2019-06-28 09:57:30.000000000,100099,177,100072,177,100137,177,100002,173,100247,177,99969,277,100298,177,99960,142,100365,177,99936,81,100442,100,99925,100,100550,100,99922,100,100594,100,99919,100,100669,100,99913,100,100818,100,99898,100
2019-06-28 09:57:34.155402763,100099,177,100072,177,100137,177,100002,173,100247,177,99969,277,100298,177,99960,142,100365,177,99936,81,100442,100,99925,100,100550,100,99922,100,100594,100,99919,100,100669,100,99913,100,100818,100,99898,100
2019-06-28 09:57:40.000000000,100099,231,100072,231,100137,227,100002,223,100247,227,99969,327,100298,100,99960,65,100365,100,99936,4,100442,100,99925,100,100550,100,99922,100,100594,100,99919,100,100669,100,99913,100,100818,100,99898,100
2019-06-28 09:57:44.600598952,100099,231,100072,231,100137,227,100002,223,100247,227,99969,327,100298,100,99960,65,100365,100,99936,4,100442,100,99925,100,100550,100,99922,100,100594,100,99919,100,100669,100,99913,100,100818,100,99898,100
2019-06-28 09:57:50.000000000,100099,231,100072,231,100137,227,100002,223,100247,227,99969,327,100298,100,99960,65,100365,100,99936,4,100442,100,99925,100,100550,100,99922,100,100594,100,99919,100,100669,100,99913,100,100818,100,99898,100
2019-06-28 09:57:50.138602544,100099,131,100072,231,100137,227,100002,223,100247,227,99969,327,100365,100,99960,65,100442,100,99936,4,100550,100,99925,100,100594,100,99922,100,100669,100,99919,100,100818,100,99913,100,100843,100,99898,100
2019-06-28 09:58:00.000000000,100137,177,100072,177,100247,177,100002,173,100365,177,99969,277,100442,177,99960,142,100550,177,99936,81,100594,100,99925,100,100669,100,99922,100,100818,100,99919,100,100843,100,99913,100,100848,100,99898,100
2019-06-28 09:58:02.891561417,100137,177,100072,177,100247,177,100002,173,100365,177,99969,277,100442,177,99960,142,100550,177,99936,81,100594,100,99925,100,100669,100,99922,100,100689,100,99919,100,100818,100,99913,100,100843,100,99898,100
2019-06-28 09:58:07.703047856,100137,177,100080,100,100247,177,100072,177,100365,177,100002,173,100442,177,99969,277,100550,177,99960,142,100594,100,99936,81,100669,100,99925,100,100689,100,99922,100,100818,100,99919,100,100843,100,99913,100
2019-06-28 09:58:10.000000000,100137,292,100080,292,100247,292,100072,292,100365,100,100002,96,100442,100,99969,200,100550,100,99960,65,100594,100,99936,4,100669,100,99925,100,100689,100,99922,100,100818,100,99919,100,100843,100,99913,100
2019-06-28 09:58:18.272885452,100137,192,100080,292,100247,292,100072,292,100365,100,100002,96,100442,100,99969,200,100550,100,99960,65,100594,100,99936,4,100669,100,99925,100,100689,100,99922,100,100818,100,99913,100,100843,100,99898,100
2019-06-28 09:58:20.000000000,100247,177,100080,177,100365,177,100072,177,100442,177,100002,173,100550,177,99969,277,100594,177,99960,142,100669,100,99936,4,100689,100,99925,100,100818,100,99922,100,100843,100,99913,100,100848,100,99898,100
2019-06-28 09:58:30.000000000,100247,196,100080,196,100365,196,100072,196,100442,196,100002,192,100550,196,99969,296,100594,100,99960,65,100669,100,99936,4,100689,100,99925,100,100818,100,99922,100,100843,100,99913,100,100848,100,99898,100
2019-06-28 09:58:30.793322547,100247,196,100080,196,100365,196,100072,196,100436,100,100002,192,100442,196,99969,296,100550,196,99960,65,100594,100,99936,4,100669,100,99925,100,100689,100,99922,100,100818,100,99913,100,100843,100,99898,100
2019-06-28 09:58:39.416712096,100247,196,100080,196,100365,196,100072,196,100436,100,100002,192,100442,196,99969,296,100524,100,99960,65,100550,196,99936,4,100594,100,99925,100,100669,100,99922,100,100689,100,99913,100,100818,100,99898,100
2019-06-28 09:58:40.000000000,100247,231,100080,231,100365,227,100072,227,100436,227,100002,223,100442,100,99969,200,100524,100,99960,65,100550,100,99936,4,100594,100,99925,100,100669,100,99922,100,100689,100,99913,100,100818,100,99898,100
2019-06-28 09:58:50.000000000,100247,292,100080,292,100365,292,100072,292,100436,100,100002,96,100442,100,99969,200,100524,100,99960,65,100550,100,99936,4,100594,100,99925,100,100669,100,99922,100,100689,100,99913,100,100818,100,99898,100
2019-06-28 09:58:51.947966408,100247,192,100080,292,100365,292,100072,292,100436,100,100002,96,100442,100,99969,200,100524,100,99960,65,100594,100,99936,4,100669,100,99925,100,100689,100,99922,100,100818,100,99913,100,100843,100,99898,100
2019-06-28 09:58:58.775909234,100247,92,100080,292,100365,292,100072,292,100436,100,100002,96,100442,100,99969,200,100524,100,99960,65,100594,100,99936,4,100669,100,99925,100,100689,100,99922,100,100818,100,99913,100,100843,100,99898,100
2019-06-28 09:59:00.000000000,100365,196,100080,196,100436,196,100072,196,100442,196,100002,192,100524,196,99969,296,100594,100,99960,65,100669,100,99936,4,100689,100,99925,100,100818,100,99922,100,100843,100,99913,100,100848,100,99898,100
2019-06-28 09:59:06.375887705,100365,96,100080,196,100436,196,100072,196,100442,196,100002,192,100524,196,99969,296,100594,100,99960,65,100669,100,99936,4,100689,100,99925,100,100818,100,99922,100,100843,100,99913,100,100848,100,99898,100
2019-06-28 09:59:10.000000000,100436,196,100080,196,100442,196,100072,196,100524,196,100002,192,100594,196,99969,296,100669,100,99960,65,100689,100,99936,4,100818,100,99925,100,100843,100,99922,100,100848,100,99913,100,100925,100,99898,100
2019-06-28 09:59:20.000000000,100436,292,100080,292,100442,292,100072,292,100524,100,100002,96,100594,100,99969,200,100669,100,99960,65,100689,100,99936,4,100818,100,99925,100,100843,100,99922,100,100848,100,99913,100,100925,100,99898,100
2019-06-28 09:59:30.000000000,100436,484,100080,484,100442,100,100072,100,100524,100,100002,96,100594,100,99969,200,100669,100,99960,65,100689,100,99936,4,100818,100,99925,100,100843,100,99922,100,100848,100,99913,100,100925,100,99898,100
2019-06-28 09:59:37.174911162,100436,484,100384,100,100442,100,100080,484,100524,100,100072,100,100594,100,100002,96,100669,100,99969,200,100689,100,99960,65,100818,100,99936,4,100843,100,99925,100,100848,100,99922,100,100925,100,99913,100
2019-06-28 09:59:39.647967763,100436,484,100384,100,100442,100,100080,484,100524,100,100072,100,100594,100,100002,96,100669,100,99969,200,100689,100,99960,65,100715,100,99936,4,100818,100,99925,100,100843,100,99922,100,100848,100,99913,100
2019-06-28 09:59:40.000000000,100436,292,100384,292,100442,292,100080,292,100524,100,100072,100,100594,100,100002,96,100669,100,99969,200,100689,100,99960,65,100715,100,99936,4,100818,100,99925,100,100843,100,99922,100,100848,100,99913,100
2019-06-28 09:59:50.000000000,100436,231,100384,231,100442,227,100080,227,100524,227,100072,227,100594,100,100002,96,100669,100,99969,200,100689,100,99960,65,100715,100,99936,4,100818,100,99925,100,100843,100,99922,100,100848,100,99913,100
2019-06-28 10:00:00.000000000,100436,177,100384,177,100442,177,100080,177,100524,177,100072,177,100594,177,100002,173,100669,177,99969,277,100689,100,99960,65,100715,100,99936,4,100818,100,99925,100,100843,100,99922,100,100848,100,99913,100
2019-06-28 10:00:06.413935838,100436,77,100384,177,100442,177,100080,177,100524,177,100072,177,100594,177,100002,173,100669,177,99969,277,100689,100,99960,65,100715,100,99936,4,100818,100,99925,100,100843,100,99922,100,100848,100,99913,100
2019-06-28 10:00:06.842938347,100442,177,100436,23,100524,177,100384,177,100594,177,100080,177,100669,177,100072,177,100689,100,100002,173,100715,100,99969,277,100818,100,99960,65,100843,100,99936,4,100848,100,99925,100,100925,100,99922,100
2019-06-28 10:00:07.202530400,100442,77,100436,23,100524,177,100384,177,100594,177,100080,177,100669,177,100072,177,100689,100,100002,173,100715,100,99969,277,100818,100,99960,65,100843,100,99936,4,100848,100,99925,100,100944,100,99922,100
2019-06-28 10:00:10.000000000,100524,484,100436,407,100594,100,100384,100,100669,100,100080,100,100689,100,100072,100,100715,100,100002,96,100818,100,99969,200,100843,100,99960,65,100848,100,99936,4,100944,100,99925,100,100962,100,99922,100
2019-06-28 10:00:20.000000000,100524,231,100436,154,100594,227,100384,227,100669,227,100080,227,100689,100,100072,100,100715,100,100002,96,100818,100,99969,200,100843,100,99960,65,100848,100,99936,4,100944,100,99925,100,100962,100,99922,100
2019-06-28 10:00:30.000000000,100524,292,100436,215,100594,292,100384,292,100669,100,100080,100,100689,100,100072,100,100715,100,100002,96,100818,100,99969,200,100843,100,99960,65,100848,100,99936,4,100944,100,99925,100,100962,100,99922,100
2019-06-28 10:00:38.355342033,100524,292,100436,215,100594,292,100384,292,100669,100,100382,100,100689,100,100080,100,100715,100,100072,100,100818,100,100002,96,100843,100,99969,200,100848,100,99960,65,100944,100,99936,4,100962,100,99925,100
2019-06-28 10:00:40.000000000,100524,231,100436,154,100594,227,100384,227,100669,227,100382,227,100689,100,100080,100,100715,100,100072,100,100818,100,100002,96,100843,100,99969,200,100848,100,99960,65,100944,100,99936,4,100962,100,99925,100
2019-06-28 10:00:43.397536125,100524,231,100436,254,100594,227,100384,227,100669,227,100382,227,100689,100,100080,100,100715,100,100072,100,100818,100,100002,96,100843,100,99969,200,100848,100,99960,65,100944,100,99936,4,100962,100,99925,100
2019-06-28 10:00:49.680473309,100524,231,100436,254,100594,227,100384,227,100630,100,100382,227,100669,227,100080,100,100689,100,100072,100,100715,100,100002,96,100818,100,99969,200,100843,100,99960,65,100848,100,99936,4,100944,100,99925,100
2019-06-28 10:00:50.000000000,100524,177,100436,200,100594,177,100384,177,100630,177,100382,177,100669,177,100080,177,100689,177,100072,177,100715,100,100002,96,100818,100,99969,200,100843,100,99960,65,100848,100,99936,4,100944,100,99925,100
2019-06-28 10:01:00.000000000,100524,292,100436,315,100594,292,100384,292,100630,100,100382,100,100669,100,100080,100,100689,100,100072,100,100715,100,100002,96,100818,100,99969,200,100843,100,99960,65,100848,100,99936,4,100944,100,99925,100
2019-06-28 10:01:04.280704957,100524,292,100436,315,100594,292,100384,292,100630,200,100382,100,100669,100,100080,100,100689,100,100072,100,100715,100,100002,96,100818,100,99969,200,100843,100,99960,65,100848,100,99936,4,100944,100,99925,100
2019-06-28 10:01:06.509704225,100524,292,100436,315,100594,292,100384,292,100630,200,100382,100,100669,100,100080,100,100689,100,100072,100,100715,100,99969,200,100818,100,99960,65,100843,100,99936,4,100848,100,99925,100,100944,100,99922,100
2019-06-28 10:01:07.012887650,100524,292,100436,415,100594,292,100384,292,100630,200,100382,100,100669,100,100080,100,100689,100,100072,100,100715,100,99969,200,100818,100,99960,65,100843,100,99936,4,100848,100,99925,100,100944,100,99922,100
2019-06-28 10:01:10.000000000,100524,292,100436,415,100594,292,100384,292,100630,200,100382,100,100669,100,100080,100,100689,100,100072,100,100715,100,99969,200,100818,100,99960,65,100843,100,99936,4,100848,100,99925,100,100944,100,99922,100
2019-06-28 10:01:12.902992216,100489,100,100436,415,100524,292,100384,292,100594,292,100382,100,100630,200,100080,100,100669,100,100072,100,100689,100,99969,200,100715,100,99960,65,100818,100,99936,4,100843,100,99925,100,100848,100,99922,100
2019-06-28 10:01:17.795429345,100489,100,100436,415,100524,292,100384,292,100533,100,100382,100,100594,292,100080,100,100630,200,100072,100,100669,100,99969,200,100689,100,99960,65,100715,100,99936,4,100818,100,99925,100,100843,100,99922,100
2019-06-28 10:01:20.000000000,100489,484,100436,607,100524,100,100384,100,100533,100,100382,100,100594,100,100080,100,100630,200,100072,100,100669,100,99969,200,100689,100,99960,65,100715,100,99936,4,100818,100,99925,100,100843,100,99922,100
2019-06-28 10:01:30.000000000,100489,292,100436,415,100524,292,100384,292,100533,100,100382,100,100594,100,100080,100,100630,200,100072,100,100669,100,99969,200,100689,100,99960,65,100715,100,99936,4,100818,100,99925,100,100843,100,99922,100
2019-06-28 10:01:40.000000000,100489,484,100436,607,100524,100,100384,100,100533,100,100382,100,100594,100,100080,100,100630,200,100072,100,100669,100,99969,200,100689,100,99960,65,100715,100,99936,4,100818,100,99925,100,100843,100,99922,100
2019-06-28 10:01:43.823299075,100489,484,100436,607,100524,100,100384,100,100533,100,100382,100,100594,100,100275,100,100630,200,100080,100,100669,100,100072,100,100689,100,99969,200,100715,100,99960,65,100818,100,99936,4,100843,100,99925,100
2019-06-28 10:01:50.000000000,100489,292,100436,415,100524,292,100384,292,100533,100,100382,100,100594,100,100275,100,100630,200,100080,100,100669,100,100072,100,100689,100,99969,200,100715,100,99960,65,100818,100,99936,4,100843,100,99925,100
2019-06-28 10:02:00.000000000,100489,292,100436,415,100524,292,100384,292,100533,100,100382,100,100594,100,100275,100,100630,200,100080,100,100669,100,100072,100,100689,100,99969,200,100715,100,99960,65,100818,100,99936,4,100843,100,99925,100
2019-06-28 10:02:10.000000000,100489,484,100436,607,100524,100,100384,100,100533,100,100382,100,100594,100,100275,100,100630,200,100080,100,100669,100,100072,100,100689,100,99969,200,100715,100,99960,65,100818,100,99936,4,100843,100,99925,100
2019-06-28 10:02:10.502572246,100467,100,100436,607,100489,484,100382,100,100524,100,100275,100,100533,100,100080,100,100594,100,100072,100,100630,200,99969,200,100669,100,99960,65,100689,100,99936,4,100715,100,99925,100,100818,100,99922,100
2019-06-28 10:02:20.000000000,100467,231,100436,354,100489,227,100382,227,100524,227,100275,227,100533,100,100080,100,100594,100,100072,100,100630,200,99969,200,100669,100,99960,65,100689,100,99936,4,100715,100,99925,100,100818,100,99922,100
2019-06-28 10:02:26.948188686,100467,231,100436,454,100489,227,100382,227,100524,227,100275,227,100533,100,100080,100,100594,100,100072,100,100630,200,99969,200,100669,100,99960,65,100689,100,99936,4,100715,100,99925,100,100818,100,99922,100
2019-06-28 10:02:30.000000000,100467,177,100436,400,100489,177,100382,177,100524,177,100275,177,100533,177,100080,177,100594,177,100072,177,100630,200,99969,200,100669,100,99960,65,100689,100,99936,4,100715,100,99925,100,100818,100,99922,100
2019-06-28 10:02:31.784942201,100467,177,100436,400,100489,177,100382,77,100524,177,100341,100,100533,177,100275,177,100594,177,100080,177,100630,200,100072,177,100669,100,99969,200,100689,100,99960,65,100715,100,99936,4,100818,100,99925,100
2019-06-28 10:02:40.000000000,100467,196,100436,419,100489,196,100341,196,100524,196,100275,196,100533,196,100080,196,100594,100,100072,100,100630,200,99969,200,100669,100,99960,65,100689,100,99936,4,100715,100,99925,100,100818,100,99922,100
2019-06-28 10:02:50.000000000,100467,177,100436,400,100489,177,100341,177,100524,177,100275,177,100533,177,100080,177,100594,177,100072,177,100630,200,99969,200,100669,100,99960,65,100689,100,99936,4,100715,100,99925,100,100818,100,99922,100
2019-06-28 10:03:00.000000000,100467,196,100436,419,100489,196,100341,196,100524,196,100275,196,100533,196,100080,196,100594,100,100072,100,100630,200,99969,200,100669,100,99960,65,100689,100,99936,4,100715,100,99925,100,100818,100,99922,100
2019-06-28 10:03:08.835108678,100467,196,100436,419,100489,196,100341,196,100524,196,100275,196,100533,196,100080,196,100594,100,100072,100,100630,200,99969,200,100669,100,99960,65,100689,100,99936,4,100715,100,99925,100,100782,100,99922,100
2019-06-28 10:03:10.000000000,100467,196,100436,419,100489,196,100341,196,100524,196,100275,196,100533,196,100080,196,100594,100,100072,100,100630,200,99969,200,100669,100,99960,65,100689,100,99936,4,100715,100,99925,100,100782,100,99922,100
2019-06-28 10:03:20.000000000,100467,484,100436,707,100489,100,100341,100,100524,100,100275,100,100533,100,100080,100,100594,100,100072,100,100630,200,99969,200,100669,100,99960,65,100689,100,99936,4,100715,100,99925,100,100782,100,99922,100
2019-06-28 10:03:28.386877458,100467,384,100436,707,100489,100,100341,100,100524,100,100275,100,100533,100,100080,100,100594,100,100072,100,100630,200,99969,200,100669,100,99960,65,100715,100,99936,4,100782,100,99925,100,100818,100,99922,100
2019-06-28 10:03:30.000000000,100489,177,100436,400,100524,177,100341,177,100533,177,100275,177,100594,177,100080,177,100630,277,100072,177,100669,100,99969,200,100715,100,99960,65,100782,100,99936,4,100818,100,99925,100,100843,100,99922,100
2019-06-28 10:03:33.370089116,100489,177,100436,400,100524,177,100341,177,100533,177,100275,177,100594,177,100080,177,100630,277,100072,177,100715,100,99969,200,100778,100,99960,65,100782,100,99936,4,100818,100,99925,100,100843,100,99922,100
2019-06-28 10:03:40.000000000,100489,231,100436,454,100524,227,100341,227,100533,227,100275,227,100594,100,100080,100,100630,200,100072,100,100715,100,99969,200,100778,100,99960,65,100782,100,99936,4,100818,100,99925,100,100843,100,99922,100
2019-06-28 10:03:50.000000000,100489,196,100436,419,100524,196,100341,196,100533,196,100275,196,100594,196,100080,196,100630,200,100072,100,100715,100,99969,200,100778,100,99960,65,100782,100,99936,4,100818,100,99925,100,100843,100,99922,100
2019-06-28 10:04:00.000000000,100489,231,100436,454,100524,227,100341,227,100533,227,100275,227,100594,100,100080,100,100630,200,100072,100,100715,100,99969,200,100778,100,99960,65,100782,100,99936,4,100818,100,99925,100,100843,100,99922,100
2019-06-28 10:04:00.275875552,100489,231,100436,454,100524,227,100341,227,100533,227,100275,227,100594,100,100080,100,100630,200,100072,100,100715,100,99969,200,100778,100,99960,65,100782,100,99936,4,100818,100,99925,100,100843,100,99922,100
2019-06-28 10:04:01.312340551,100489,131,100436,454,100524,227,100341,227,100533,127,100275,227,100594,100,100080,100,100630,200,100072,100,100715,100,99969,200,100778,100,99960,65,100782,100,99936,4,100818,100,99925,100,100843,100,99922,100
2019-06-28 10:04:10.000000000,100524,231,100436,454,100594,227,100341,227,100630,327,100275,227,100715,100,100080,100,100778,100,100072,100,100782,100,99969,200,100818,100,99960,65,100843,100,99936,4,100848,100,99925,100,100896,100,99922,100
2019-06-28 10:04:13.934867776,100524,231,100467,100,100594,227,100436,454,100630,327,100341,227,100715,100,100275,227,100778,100,100080,100,100782,100,100072,100,100818,100,99969,200,100843,100,99960,65,100848,100,99936,4,100896,100,99925,100
2019-06-28 10:04:14.365901369,100524,131,100467,100,100594,227,100436,454,100630,327,100341,227,100715,100,100275,227,100778,100,100080,100,100782,100,100072,100,100818,100,99969,200,100843,100,99960,65,100848,100,99936,4,100896,100,99925,100
2019-06-28 10:04:15.223858320,100524,131,100467,100,100594,227,100436,454,100630,327,100341,227,100715,100,100275,227,100778,100,100080,100,100782,100,100072,100,100818,100,99969,100,100843,100,99960,65,100848,100,99936,4,100896,100,99925,100
2019-06-28 10:04:20.000000000,100594,484,100467,484,100630,200,100436,323,100715,100,100341,100,100778,100,100275,100,100782,100,100080,100,100818,100,100072,100,100843,100,99969,100,100848,100,99960,65,100896,100,99936,4,100944,100,99925,100
2019-06-28 10:04:27.446576898,100594,484,100563,100,100630,200,100467,484,100715,100,100436,323,100778,100,100341,100,100782,100,100275,100,100818,100,100080,100,100843,100,100072,100,100848,100,99969,100,100896,100,99960,65,100962,100,99936,4
2019-06-28 10:04:30.000000000,100594,231,100563,231,100630,327,100467,227,100715,227,100436,450,100778,100,100341,100,100782,100,100275,100,100818,100,100080,100,100843,100,100072,100,100848,100,99969,100,100896,100,99960,65,100962,100,99936,4
2019-06-28 10:04:35.879392930,100594,231,100563,231,100630,327,100467,227,100715,227,100436,450,100778,100,100341,100,100782,100,100275,100,100818,100,100080,100,100843,100,100072,100,100848,100,99969,100,100887,100,99960,65,100896,100,99936,4
2019-06-28 10:04:36.529826323,100594,231,100563,231,100630,327,100513,100,100715,227,100467,227,100778,100,100436,450,100782,100,100341,100,100818,100,100275,100,100843,100,100080,100,100848,100,100072,100,100887,100,99969,100,100896,100,99960,65
2019-06-28 10:04:40.000000000,100594,484,100563,484,100630,200,100513,100,100715,100,100467,100,100778,100,100436,323,100782,100,100341,100,100818,100,100275,100,100843,100,100080,100,100848,100,100072,100,100887,100,99969,100,100896,100,99960,65
2019-06-28 10:04:50.000000000,100594,231,100563,231,100630,327,100513,227,100715,227,100467,227,100778,100,100436,323,100782,100,100341,100,100818,100,100275,100,100843,100,100080,100,100848,100,100072,100,100887,100,99969,100,100896,100,99960,65
2019-06-28 10:05:00.000000000,100594,177,100563,177,100630,277,100513,177,100715,177,100467,177,100778,177,100436,400,100782,177,100341,177,100818,100,100275,100,100843,100,100080,100,100848,100,100072,100,100887,100,99969,100,100896,100,99960,65
2019-06-28 10:05:08.260435410,100594,77,100563,177,100630,277,100513,177,100715,177,100467,177,100778,177,100436,400,100782,177,100341,177,100818,100,100275,100,100843,100,100080,100,100848,100,100072,100,100887,100,99969,100,100896,100,99960,65
2019-06-28 10:05:10.000000000,100630,584,100563,484,100715,100,100513,100,100778,100,100467,100,100782,100,100436,323,100818,100,100341,100,100843,100,100275,100,100848,100,100080,100,100887,100,100072,100,100896,100,99969,100,100962,100,99960,65
2019-06-28 10:05:20.000000000,100630,584,100563,484,100715,100,100513,100,100778,100,100467,100,100782,100,100436,323,100818,100,100341,100,100843,100,100275,100,100848,100,100080,100,100887,100,100072,100,100896,100,99969,100,100962,100,99960,65
2019-06-28 10:05:28.405940655,100630,584,100563,484,100715,100,100513,100,100778,100,100467,200,100782,100,100436,323,100818,100,100341,100,100843,100,100275,100,100848,100,100080,100,100887,100,100072,100,100896,100,99969,100,100962,100,99960,65
2019-06-28 10:05:30.000000000,100630,331,100563,231,100715,227,100513,227,100778,227,100467,327,100782,100,100436,323,100818,100,100341,100,100843,100,100275,100,100848,100,100080,100,100887,100,100072,100,100896,100,99969,100,100962,100,99960,65
2019-06-28 10:05:40.000000000,100630,277,100563,177,100715,177,100513,177,100778,177,100467,277,100782,177,100436,400,100818,177,100341,177,100843,100,100275,100,100848,100,100080,100,100887,100,100072,100,100896,100,99969,100,100962,100,99960,65
2019-06-28 10:05:43.209235632,100630,277,100563,77,100715,177,100513,177,100778,177,100467,277,100782,177,100436,400,100818,177,100341,177,100843,100,100275,100,100848,100,100080,100,100887,100,100072,100,100896,100,99969,100,100962,100,99960,65
2019-06-28 10:05:44.491109173,100563,23,100513,177,100630,277,100467,277,100715,177,100436,400,100778,177,100341,177,100782,177,100275,100,100818,177,100080,100,100843,100,100072,100,100848,100,99969,100,100887,100,99960,65,100896,100,99936,4
2019-06-28 10:05:50.000000000,100563,407,100513,484,100630,200,100467,200,100715,100,100436,323,100778,100,100341,100,100782,100,100275,100,100818,100,100080,100,100843,100,100072,100,100848,100,99969,100,100887,100,99960,65,100896,100,99936,4
2019-06-28 10:05:57.452174708,100563,407,100513,484,100630,200,100467,300,100715,100,100436,323,100778,100,100341,100,100782,100,100275,100,100818,100,100080,100,100843,100,100072,100,100848,100,99969,100,100896,100,99960,65,100962,100,99936,4
2019-06-28 10:06:00.000000000,100563,154,100513,231,100630,327,100467,427,100715,227,100436,450,100778,100,100341,100,100782,100,100275,100,100818,100,100080,100,100843,100,100072,100,100848,100,99969,100,100896,100,99960,65,100962,100,99936,4
2019-06-28 10:06:03.179185749,100563,154,100513,231,100630,327,100467,427,100715,227,100436,450,100778,100,100341,100,100782,100,100275,100,100818,100,100072,100,100843,100,99969,100,100848,100,99960,65,100896,100,99936,4,100962,100,99925,100
2019-06-28 10:06:10.000000000,100563,154,100513,231,100630,327,100467,427,100715,227,100436,450,100778,100,100341,100,100782,100,100275,100,100818,100,100072,100,100843,100,99969,100,100848,100,99960,65,100896,100,99936,4,100962,100,99925,100
2019-06-28 10:06:20.000000000,100563,119,100513,196,100630,296,100467,396,100715,196,100436,419,100778,196,100341,196,100782,100,100275,100,100818,100,100072,100,100843,100,99969,100,100848,100,99960,65,100896,100,99936,4,100962,100,99925,100
2019-06-28 10:06:30.000000000,100563,119,100513,196,100630,296,100467,396,100715,196,100436,419,100778,196,100341,196,100782,100,100275,100,100818,100,100072,100,100843,100,99969,100,100848,100,99960,65,100896,100,99936,4,100962,100,99925,100
2019-06-28 10:06:30.546369534,100563,119,100513,96,100630,296,100467,396,100715,196,100436,419,100778,196,100341,196,100782,100,100072,100,100818,100,99969,100,100843,100,99960,65,100848,100,99936,4,100896,100,99925,100,100962,100,99922,100
2019-06-28 10:06:40.000000000,100563,407,100467,684,100630,200,100436,323,100715,100,100341,100,100778,100,100072,100,100782,100,99969,100,100818,100,99960,65,100843,100,99936,4,100848,100,99925,100,100896,100,99922,100,100962,100,99898,100
2019-06-28 10:06:49.303763080,100562,100,100467,584,100563,407,100436,323,100630,200,100341,100,100715,100,100072,100,100778,100,99969,100,100782,100,99960,65,100818,100,99936,4,100843,100,99925,100,100848,100,99922,100,100896,100,99898,100
2019-06-28 10:06:50.000000000,100562,231,100467,331,100563,150,100436,450,100630,327,100341,227,100715,100,100072,100,100778,100,99969,100,100782,100,99960,65,100818,100,99936,4,100843,100,99925,100,100848,100,99922,100,100896,100,99898,100
2019-06-28 10:07:00.000000000,100562,292,100467,392,100563,215,100436,515,100630,200,100341,100,100715,100,100072,100,100778,100,99969,100,100782,100,99960,65,100818,100,99936,4,100843,100,99925,100,100848,100,99922,100,100896,100,99898,100
2019-06-28 10:07:10.000000000,100562,484,100467,584,100563,23,100436,323,100630,200,100341,100,100715,100,100072,100,100778,100,99969,100,100782,100,99960,65,100818,100,99936,4,100843,100,99925,100,100848,100,99922,100,100896,100,99898,100
2019-06-28 10:07:20.000000000,100562,196,100467,296,100563,119,100436,419,100630,296,100341,196,100715,196,100072,196,100778,100,99969,100,100782,100,99960,65,100818,100,99936,4,100843,100,99925,100,100848,100,99922,100,100896,100,99898,100
2019-06-28 10:07:30.000000000,100562,231,100467,331,100563,150,100436,450,100630,327,100341,227,100715,100,100072,100,100778,100,99969,100,100782,100,99960,65,100818,100,99936,4,100843,100,99925,100,100848,100,99922,100,100896,100,99898,100
2019-06-28 10:07:32.207531558,100562,231,100467,231,100563,150,100436,450,100630,327,100341,227,100715,100,100072,100,100778,100,99969,100,100782,100,99960,65,100818,100,99936,4,100843,100,99925,100,100848,100,99922,100,100896,100,99898,100
2019-06-28 10:07:32.282088229,100562,231,100467,131,100563,150,100436,450,100630,327,100341,227,100715,100,100072,100,100778,100,99969,100,100782,100,99960,65,100818,100,99936,4,100843,100,99925,100,100848,100,99922,100,100896,100,99898,100
2019-06-28 10:07:36.222567234,100562,231,100467,31,100563,150,100436,450,100630,327,100341,227,100715,100,100072,100,100778,100,99969,100,100782,100,99960,65,100818,100,99936,4,100843,100,99925,100,100848,100,99922,100,100896,100,99898,100
2019-06-28 10:07:40.000000000,100562,484,100436,707,100563,23,100341,100,100630,200,100072,100,100715,100,99969,100,100778,100,99960,65,100782,100,99936,4,100818,100,99925,100,100843,100,99922,100,100848,100,99898,100,100896,100,99810,100
