,ask_price_1,ask_size_1,bid_price_1,bid_size_1,ask_price_2,ask_size_2,bid_price_2,bid_size_2,ask_price_3,ask_size_3,bid_price_3,bid_size_3,ask_price_4,ask_size_4,bid_price_4,bid_size_4,ask_price_5,ask_size_5,bid_price_5,bid_size_5,ask_price_6,ask_size_6,bid_price_6,bid_size_6,ask_price_7,ask_size_7,bid_price_7,bid_size_7,ask_price_8,ask_size_8,bid_price_8,bid_size_8,ask_price_9,ask_size_9,bid_price_9,bid_size_9,ask_price_10,ask_size_10,bid_price_10,bid_size_10
2019-06-28 09:30:00.000000001,,,99921,100,,,,,,,,,,,,,,,,,,,,,,,,,,,,,,,,,,,,
2019-06-28 09:30:00.000000003,99962,100,99921,100,,,99894,100,,,,,,,,,,,,,,,,,,,,,,,,,,,,,,,,
2019-06-28 09:30:00.000000004,99962,100,99930,100,100007,100,99921,100,,,99894,100,,,,,,,,,,,,,,,,,,,,,,,,,,,,
2019-06-28 09:30:00.000000006,100007,100,99930,100,100034,100,99921,100,,,99894,100,,,99855,100,,,,,,,,,,,,,,,,,,,,,,,,
2019-06-28 09:30:00.000000007,100007,100,99968,100,100034,100,99930,100,100134,100,99921,100,,,99894,100,,,99855,100,,,,,,,,,,,,,,,,,,,,
2019-06-28 09:30:00.000000008,99979,100,99968,100,100007,100,99930,100,100034,100,99921,100,100134,100,99894,100,,,99855,100,,,,,,,,,,,,,,,,,,,,
2019-06-28 09:30:00.000000013,99979,100,99968,100,99982,100,99930,100,100007,100,99921,100,100034,100,99894,100,100134,100,99855,100,,,,,,,,,,,,,,,,,,,,
2019-06-28 09:30:00.000000014,99982,100,99968,100,100007,100,99930,100,100034,100,99921,100,100134,100,99894,100,,,99855,100,,,,,,,,,,,,,,,,,,,,
2019-06-28 09:30:00.000000015,99982,100,99969,100,100007,100,99968,100,100034,100,99930,100,100134,100,99921,100,,,99894,100,,,99855,100,,,,,,,,,,,,,,,,
2019-06-28 09:30:00.000000017,99982,100,99969,100,100007,100,99968,100,100034,100,99930,100,100134,100,99921,100,,,99895,100,,,99894,100,,,99855,100,,,,,,,,,,,,
2019-06-28 09:30:00.000000018,99982,100,99980,100,100007,100,99969,100,100034,100,99968,100,100134,100,99930,100,,,99921,100,,,99895,100,,,99894,100,,,99855,100,,,,,,,,
2019-06-28 09:30:00.000000020,99982,100,99980,100,100007,100,99969,100,100034,100,99968,100,100134,100,99935,100,,,99930,100,,,99921,100,,,99918,100,,,99895,100,,,99894,100,,,99855,100
2019-06-28 09:30:00.000000027,99982,100,99980,100,100007,100,99969,100,100034,100,99968,100,100068,100,99935,100,100134,100,99930,100,,,99921,100,,,99918,100,,,99895,100,,,99894,100,,,99855,100
2019-06-28 09:30:00.000000028,99982,100,99980,100,100007,100,99969,100,100034,100,99968,100,100068,100,99935,100,100134,100,99930,100,,,99921,100,,,99920,100,,,99918,100,,,99895,100,,,99894,100
2019-06-28 09:30:00.000000030,99982,100,99980,100,100007,100,99969,200,100034,100,99968,100,100068,100,99935,100,100134,100,99930,100,,,99921,100,,,99920,100,,,99918,100,,,99895,100,,,99894,100
2019-06-28 09:30:00.000000031,99982,100,99980,100,100007,100,99969,200,100034,100,99968,100,100041,100,99935,100,100068,100,99930,100,100098,100,99921,100,100134,100,99920,100,,,99918,100,,,99895,100,,,99894,100
2019-06-28 09:30:00.000000032,99982,100,99980,100,100007,100,99969,200,100034,100,99968,100,100041,100,99935,100,100068,100,99933,100,100098,100,99930,100,100134,100,99921,100,,,99920,100,,,99918,100,,,99911,100
2019-06-28 09:30:00.000000034,99982,100,99980,100,100007,100,99969,200,100034,100,99968,100,100041,100,99935,100,100068,100,99933,100,100098,100,99930,100,100134,100,99921,100,,,99920,100,,,99918,100,,,99911,100
2019-06-28 09:30:00.000000038,99982,100,99980,100,100007,100,99969,200,100034,100,99968,100,100041,100,99935,100,100068,100,99933,100,100098,100,99930,100,100134,100,99921,100,100140,100,99920,100,,,99918,100,,,99911,100
2019-06-28 09:30:00.000000041,99982,100,99980,100,100007,100,99969,200,100034,100,99968,100,100041,100,99935,100,100068,100,99933,100,100098,100,99930,100,100108,100,99921,100,100134,100,99920,100,100140,100,99918,100,,,99911,100
2019-06-28 09:30:00.000000042,99982,100,99969,200,100007,100,99968,100,100032,100,99935,100,100034,100,99933,100,100041,100,99930,100,100068,100,99921,100,100098,100,99920,100,100108,100,99918,100,100134,100,99911,100,100140,100,99895,100
2019-06-28 09:30:00.000000048,99982,100,99969,200,100007,100,99968,100,100032,100,99957,100,100034,100,99954,100,100041,100,99938,100,100068,100,99935,100,100098,100,99933,100,100108,100,99930,100,100134,100,99921,100,100140,100,99920,100
2019-06-28 09:30:00.000000051,100032,100,99982,100,100034,100,99969,200,100041,100,99968,100,100057,100,99957,100,100068,100,99954,100,100098,100,99938,100,100108,100,99935,100,100134,100,99933,100,100140,100,99930,100,,,99921,100
2019-06-28 09:30:00.000000053,100032,100,99982,100,100034,100,99969,200,100041,100,99968,100,100057,100,99957,100,100068,100,99954,100,100098,100,99938,100,100108,100,99935,100,100134,100,99933,100,100140,100,99930,100,100196,100,99921,100
2019-06-28 09:30:00.000000055,100032,100,99982,100,100034,100,99969,200,100041,100,99968,100,100057,100,99957,100,100060,100,99954,100,100068,100,99938,100,100098,100,99935,100,100108,100,99933,100,100134,100,99930,100,100140,100,99921,100
2019-06-28 09:30:00.000000058,100034,100,99982,100,100041,100,99969,200,100057,100,99968,100,100060,100,99957,100,100068,100,99954,100,100098,100,99938,100,100108,100,99935,100,100134,100,99933,100,100140,100,99930,100,100196,100,99921,100
2019-06-28 09:30:00.000000059,100032,100,99982,100,100034,100,99969,200,100041,100,99968,100,100057,100,99957,100,100060,100,99954,100,100068,100,99938,100,100085,100,99935,100,100098,100,99933,100,100108,100,99930,100,100134,100,99921,100
2019-06-28 09:30:00.000000064,100032,100,100007,100,100034,100,99982,100,100041,100,99969,200,100057,100,99968,100,100060,100,99957,100,100068,100,99954,100,100085,100,99938,100,100098,100,99935,100,100108,100,99933,100,100134,100,99930,100
2019-06-28 09:30:00.000000066,100032,100,100007,100,100034,100,99982,100,100041,100,99969,200,100057,100,99968,100,100060,100,99957,100,100068,100,99954,100,100085,100,99938,100,100098,100,99935,100,100105,100,99933,100,100108,100,99930,100
2019-06-28 09:30:00.000000069,100032,100,100007,200,100034,100,99982,100,100041,100,99969,200,100057,100,99968,100,100060,100,99957,100,100068,100,99954,100,100085,100,99938,100,100098,100,99935,100,100105,100,99933,100,100108,100,99930,100
2019-06-28 09:30:00.000000070,100032,100,100007,200,100034,100,99982,100,100041,100,99969,200,100052,100,99968,100,100057,100,99957,100,100060,100,99954,100,100068,100,99938,100,100085,100,99935,100,100098,100,99933,100,100105,100,99930,100
2019-06-28 09:30:00.000000071,100032,100,100007,200,100034,100,99982,100,100041,100,99969,200,100052,100,99968,100,100057,100,99957,100,100060,100,99954,100,100068,100,99938,100,100080,100,99935,100,100085,100,99933,100,100098,100,99930,100
2019-06-28 09:30:00.000000077,100032,100,100007,200,100034,100,99982,100,100041,100,99969,200,100052,100,99968,100,100057,100,99957,100,100060,100,99954,100,100068,100,99938,100,100080,100,99935,100,100085,100,99933,100,100098,100,99930,100
2019-06-28 09:30:00.000000078,100032,100,100007,200,100034,100,99982,100,100041,100,99969,200,100052,100,99968,100,100057,100,99957,100,100060,100,99954,100,100068,100,99938,100,100080,100,99935,100,100085,100,99933,100,100098,100,99930,100
2019-06-28 09:30:00.000000079,100032,100,100007,200,100034,100,99982,100,100041,100,99969,200,100052,100,99968,100,100057,200,99957,100,100060,100,99954,100,100068,100,99938,100,100080,100,99935,100,100085,100,99933,100,100098,100,99930,100
2019-06-28 09:30:00.000000080,100034,100,100007,200,100041,100,99982,100,100052,100,99969,200,100057,200,99968,100,100060,100,99957,100,100068,100,99954,100,100080,100,99938,100,100085,100,99935,100,100098,100,99933,100,100105,100,99930,100
2019-06-28 09:30:00.000000082,100034,100,100007,200,100041,100,99982,100,100052,100,99969,200,100057,200,99968,100,100060,100,99957,100,100068,100,99954,100,100080,100,99938,100,100085,100,99935,100,100098,100,99933,100,100105,100,99930,100
2019-06-28 09:30:00.000000083,100034,100,100007,200,100041,100,99982,100,100052,100,99969,200,100057,200,99968,100,100060,100,99957,100,100068,100,99954,100,100080,100,99938,100,100085,100,99935,100,100098,100,99933,100,100105,100,99930,100
2019-06-28 09:30:00.000000084,100022,100,100007,100,100034,100,99982,100,100041,100,99969,200,100052,100,99968,100,100057,200,99957,100,100060,100,99954,100,100068,100,99938,100,100080,100,99935,100,100085,100,99933,100,100098,100,99930,100
2019-06-28 09:30:00.000000086,100022,100,100007,100,100034,100,99982,100,100041,100,99969,200,100052,100,99968,100,100057,200,99957,100,100060,100,99954,100,100068,100,99938,100,100080,100,99935,100,100085,100,99933,100,100098,100,99930,100
2019-06-28 09:30:00.000000089,100022,100,100007,100,100034,100,99982,100,100041,100,99969,200,100052,100,99968,100,100057,200,99957,100,100060,100,99954,100,100068,100,99938,100,100075,100,99935,100,100080,100,99933,100,100085,100,99930,100
2019-06-28 09:30:00.000000090,100022,100,100007,100,100034,100,99983,100,100041,100,99982,100,100052,100,99969,200,100057,200,99968,100,100060,100,99957,100,100068,100,99954,100,100075,100,99938,100,100080,100,99935,100,100085,100,99933,100
2019-06-28 09:30:00.000000093,100022,100,100007,100,100034,100,99983,100,100041,100,99982,100,100052,100,99969,200,100057,200,99968,100,100060,100,99957,100,100068,100,99954,100,100075,100,99938,100,100080,100,99935,100,100085,100,99933,100
2019-06-28 09:30:00.000000094,100022,100,100007,100,100034,100,99983,100,100041,100,99982,100,100052,100,99971,100,100057,200,99969,200,100060,100,99968,100,100068,100,99957,100,100075,100,99954,100,100080,100,99938,100,100085,100,99935,100
2019-06-28 09:30:00.000000095,100022,100,100007,100,100034,100,99983,100,100041,100,99982,100,100052,100,99971,100,100057,200,99969,200,100060,100,99968,100,100068,100,99957,100,100075,100,99954,100,100080,100,99938,200,100085,100,99935,100
2019-06-28 09:30:00.000000098,100022,100,100007,100,100034,100,99983,100,100041,100,99982,100,100052,100,99971,100,100057,200,99969,200,100060,100,99968,100,100068,100,99957,100,100075,100,99954,100,100080,100,99938,200,100085,200,99935,100
2019-06-28 09:30:02.098164121,100022,100,100011,100,100034,100,100007,100,100041,100,99983,100,100052,100,99982,100,100057,200,99971,100,100060,100,99969,200,100068,100,99968,100,100075,100,99957,100,100080,100,99954,100,100085,200,99938,200
2019-06-28 09:30:05.129084902,100022,100,100011,100,100032,100,100007,100,100041,100,99983,100,100052,100,99982,100,100057,200,99971,100,100060,100,99969,200,100068,100,99968,100,100075,100,99957,100,100080,100,99954,100,100085,200,99938,200
2019-06-28 09:30:10.000000000,100022,291,100011,291,100032,291,100007,291,100041,100,99983,100,100052,100,99982,100,100057,200,99971,100,100060,100,99969,200,100068,100,99968,100,100075,100,99957,100,100080,100,99954,100,100085,200,99938,200
2019-06-28 09:30:20.000000000,100022,196,100011,196,100032,196,100007,196,100041,196,99983,196,100052,196,99982,196,100057,200,99971,100,100060,100,99969,200,100068,100,99968,100,100075,100,99957,100,100080,100,99954,100,100085,200,99938,200
2019-06-28 09:30:30.000000000,100022,482,100011,482,100032,100,100007,100,100041,100,99983,100,100052,100,99982,100,100057,200,99971,100,100060,100,99969,200,100068,100,99968,100,100075,100,99957,100,100080,100,99954,100,100085,200,99938,200
2019-06-28 09:30:40.000000000,100022,230,100011,230,100032,226,100007,226,100041,226,99983,226,100052,100,99982,100,100057,200,99971,100,100060,100,99969,200,100068,100,99968,100,100075,100,99957,100,100080,100,99954,100,100085,200,99938,200
2019-06-28 09:30:50.000000000,100022,482,100011,482,100032,100,100007,100,100041,100,99983,100,100052,100,99982,100,100057,200,99971,100,100060,100,99969,200,100068,100,99968,100,100075,100,99957,100,100080,100,99954,100,100085,200,99938,200
2019-06-28 09:31:00.000000000,100022,291,100011,291,100032,291,100007,291,100041,100,99983,100,100052,100,99982,100,100057,200,99971,100,100060,100,99969,200,100068,100,99968,100,100075,100,99957,100,100080,100,99954,100,100085,200,99938,200
2019-06-28 09:31:10.000000000,100022,482,100011,482,100032,100,100007,100,100041,100,99983,100,100052,100,99982,100,100057,200,99971,100,100060,100,99969,200,100068,100,99968,100,100075,100,99957,100,100080,100,99954,100,100085,200,99938,200
2019-06-28 09:31:19.773994385,100022,482,100011,382,100032,100,100007,100,100041,100,99983,100,100052,100,99982,100,100057,200,99971,100,100060,100,99969,200,100068,100,99968,100,100075,100,99957,100,100080,100,99954,100,100085,200,99938,200
2019-06-28 09:31:20.000000000,100022,176,100007,176,100032,176,99983,176,100041,176,99982,176,100052,176,99971,176,100057,276,99969,276,100060,100,99968,100,100068,100,99957,100,100075,100,99954,100,100080,100,99938,200,100085,200,99935,100
2019-06-28 09:31:24.841752706,100022,176,100007,176,100032,176,99983,176,100041,176,99982,176,100052,176,99971,176,100057,276,99969,276,100060,100,99968,100,100068,100,99957,100,100075,100,99954,100,100080,100,99938,200,100085,200,99935,100
2019-06-28 09:31:26.566867906,100022,176,100007,176,100032,176,99983,176,100041,176,99982,176,100052,176,99971,176,100057,276,99969,276,100060,100,99968,100,100068,100,99957,100,100075,100,99954,100,100080,100,99938,200,100085,200,99935,100
2019-06-28 09:31:28.087373680,100011,100,100007,176,100022,176,99983,176,100032,176,99982,176,100041,176,99971,176,100052,176,99969,276,100057,276,99968,100,100060,100,99957,100,100068,100,99954,100,100075,100,99938,200,100080,100,99935,100
2019-06-28 09:31:30.000000000,100011,482,100007,482,100022,100,99983,100,100032,100,99982,100,100041,100,99971,100,100052,100,99969,200,100057,200,99968,100,100060,100,99957,100,100068,100,99954,100,100075,100,99938,200,100080,100,99935,100
2019-06-28 09:31:31.374653134,100011,482,100007,482,100022,100,99983,100,100032,100,99982,100,100041,100,99971,100,100052,100,99969,200,100057,200,99968,100,100060,100,99957,100,100068,100,99954,100,100080,100,99938,200,100085,200,99935,100
2019-06-28 09:31:34.380191321,100011,482,100007,382,100022,100,99983,100,100032,100,99982,100,100041,100,99971,100,100052,100,99969,200,100057,200,99968,100,100068,100,99957,100,100080,100,99954,100,100085,200,99938,200,100098,100,99935,100
2019-06-28 09:31:40.000000000,100011,291,99983,291,100022,291,99982,291,100032,100,99971,100,100041,100,99969,200,100052,100,99968,100,100057,200,99957,100,100068,100,99954,100,100080,100,99938,200,100085,200,99935,100,100098,100,99933,100
2019-06-28 09:31:40.227368448,100011,291,99983,291,100022,291,99982,291,100032,100,99971,100,100041,100,99969,200,100052,100,99968,100,100057,200,99957,100,100068,100,99954,100,100080,100,99938,200,100085,200,99935,100,100098,100,99933,100
2019-06-28 09:31:50.000000000,100011,176,99983,176,100022,176,99982,176,100032,176,99971,176,100041,176,99969,276,100052,176,99968,176,100057,200,99957,100,100068,100,99954,100,100080,100,99938,200,100085,200,99935,100,100098,100,99933,100
2019-06-28 09:32:00.000000000,100011,230,99983,230,100022,226,99982,226,100032,226,99971,226,100041,100,99969,200,100052,100,99968,100,100057,200,99957,100,100068,100,99954,100,100080,100,99938,200,100085,200,99935,100,100098,100,99933,100
2019-06-28 09:32:10.000000000,100011,196,99983,196,100022,196,99982,196,100032,196,99971,196,100041,196,99969,296,100052,100,99968,100,100057,200,99957,100,100068,100,99954,100,100080,100,99938,200,100085,200,99935,100,100098,100,99933,100
2019-06-28 09:32:20.000000000,100011,196,99983,196,100022,196,99982,196,100032,196,99971,196,100041,196,99969,296,100052,100,99968,100,100057,200,99957,100,100068,100,99954,100,100080,100,99938,200,100085,200,99935,100,100098,100,99933,100
2019-06-28 09:32:25.119403882,100011,196,99983,96,100022,196,99982,196,100032,196,99971,196,100041,196,99969,296,100052,100,99968,100,100057,100,99957,100,100068,100,99954,100,100080,100,99938,200,100085,200,99935,100,100098,100,99933,100
2019-06-28 09:32:26.077214922,99983,4,99982,196,100011,196,99971,196,100022,196,99969,296,100032,196,99968,100,100041,196,99957,100,100052,100,99954,100,100057,100,99938,200,100068,100,99935,100,100080,100,99933,100,100085,200,99930,100
2019-06-28 09:32:30.000000000,99983,80,99982,176,100011,176,99971,176,100022,176,99969,276,100032,176,99968,176,100041,176,99957,176,100052,100,99954,100,100057,100,99938,200,100068,100,99935,100,100080,100,99933,100,100085,200,99930,100
2019-06-28 09:32:33.011320242,99983,80,99982,176,100011,176,99971,176,100022,176,99969,276,100032,176,99968,176,100041,176,99957,176,100052,100,99954,100,100057,100,99938,200,100068,100,99935,100,100080,100,99933,100,100085,200,99930,100
2019-06-28 09:32:38.688698663,99983,80,99982,76,100011,176,99971,176,100022,176,99969,276,100032,176,99968,176,100041,176,99957,176,100052,100,99954,100,100057,100,99938,200,100068,100,99935,100,100080,100,99933,100,100085,200,99930,100
2019-06-28 09:32:40.000000000,99983,80,99971,176,100011,176,99969,276,100022,176,99968,176,100032,176,99957,176,100041,176,99954,176,100052,100,99938,200,100057,100,99935,100,100068,100,99933,100,100080,100,99930,100,100085,200,99929,100
2019-06-28 09:32:50.000000000,99983,386,99971,482,100011,100,99969,200,100022,100,99968,100,100032,100,99957,100,100041,100,99954,100,100052,100,99938,200,100057,100,99935,100,100068,100,99933,100,100080,100,99930,100,100085,200,99929,100
2019-06-28 09:32:57.865952916,99983,386,99971,482,100011,100,99969,200,100022,100,99968,100,100032,100,99957,100,100041,100,99954,100,100052,100,99938,200,100057,100,99935,100,100068,100,99933,100,100080,100,99930,100,100085,200,99929,100
2019-06-28 09:33:00.000000000,99983,386,99971,482,100011,100,99969,200,100022,100,99968,100,100032,100,99957,100,100041,100,99954,100,100052,100,99938,200,100057,100,99935,100,100068,100,99933,100,100080,100,99930,100,100085,200,99929,100
2019-06-28 09:33:02.267123727,99983,386,99971,482,100011,100,99969,200,100022,100,99968,100,100032,100,99957,100,100041,100,99954,100,100052,100,99938,200,100057,100,99935,100,100068,100,99933,100,100080,100,99930,100,100085,200,99929,100
2019-06-28 09:33:10.000000000,99983,386,99971,482,100011,100,99969,200,100022,100,99968,100,100032,100,99957,100,100041,100,99954,100,100052,100,99938,200,100057,100,99935,100,100068,100,99933,100,100080,100,99930,100,100085,200,99929,100
2019-06-28 09:33:20.000000000,99983,195,99971,291,100011,291,99969,391,100022,100,99968,100,100032,100,99957,100,100041,100,99954,100,100052,100,99938,200,100057,100,99935,100,100068,100,99933,100,100080,100,99930,100,100085,200,99929,100
2019-06-28 09:33:23.450969077,99983,195,99971,291,100011,291,99969,391,100022,100,99968,100,100032,100,99957,100,100041,100,99954,100,100052,100,99938,200,100057,100,99935,100,100068,100,99933,100,100080,100,99930,100,100085,200,99929,100
2019-06-28 09:33:30.000000000,99983,195,99971,291,100011,291,99969,391,100022,100,99968,100,100032,100,99957,100,100041,100,99954,100,100052,100,99938,200,100057,100,99935,100,100068,100,99933,100,100080,100,99930,100,100085,200,99929,100
2019-06-28 09:33:33.486617136,99983,195,99971,291,100011,291,99969,291,100022,100,99968,100,100032,100,99957,100,100041,100,99954,100,100052,100,99938,200,100057,100,99935,100,100068,100,99933,100,100080,100,99930,100,100085,200,99929,100
2019-06-28 09:33:37.831550283,99982,100,99971,291,99983,195,99969,291,100011,291,99968,100,100022,100,99957,100,100032,100,99954,100,100041,100,99938,200,100052,100,99935,100,100057,100,99933,100,100068,100,99930,100,100080,100,99929,100
2019-06-28 09:33:40.000000000,99982,291,99971,291,99983,195,99969,291,100011,100,99968,100,100022,100,99957,100,100032,100,99954,100,100041,100,99938,200,100052,100,99935,100,100057,100,99933,100,100068,100,99930,100,100080,100,99929,100
2019-06-28 09:33:50.000000000,99982,230,99971,230,99983,130,99969,226,100011,226,99968,226,100022,100,99957,100,100032,100,99954,100,100041,100,99938,200,100052,100,99935,100,100057,100,99933,100,100068,100,99930,100,100080,100,99929,100
2019-06-28 09:33:52.011789972,99982,230,99971,130,99983,130,99969,226,100011,226,99968,226,100032,100,99957,100,100041,100,99954,100,100052,100,99938,200,100057,100,99935,100,100068,100,99933,100,100080,100,99930,100,100085,200,99929,100
2019-06-28 09:34:00.000000000,99982,196,99969,196,99983,100,99968,196,100011,196,99957,196,100032,196,99954,196,100041,100,99938,200,100052,100,99935,100,100057,100,99933,100,100068,100,99930,100,100080,100,99929,100,100085,200,99921,100
2019-06-28 09:34:10.000000000,99982,230,99969,230,99983,130,99968,226,100011,226,99957,226,100032,100,99954,100,100041,100,99938,200,100052,100,99935,100,100057,100,99933,100,100068,100,99930,100,100080,100,99929,100,100085,200,99921,100
2019-06-28 09:34:14.420646407,99982,230,99969,230,99983,130,99968,226,100011,226,99957,226,100032,100,99954,100,100041,100,99938,200,100052,100,99935,100,100057,100,99933,100,100068,100,99930,100,100080,100,99929,100,100085,200,99921,100
2019-06-28 09:34:20.000000000,99982,230,99969,230,99983,130,99968,226,100011,226,99957,226,100032,100,99954,100,100041,100,99938,200,100052,100,99935,100,100057,100,99933,100,100068,100,99930,100,100080,100,99929,100,100085,200,99921,100
2019-06-28 09:34:30.000000000,99982,196,99969,196,99983,100,99968,196,100011,196,99957,196,100032,196,99954,196,100041,100,99938,200,100052,100,99935,100,100057,100,99933,100,100068,100,99930,100,100080,100,99929,100,100085,200,99921,100
2019-06-28 09:34:36.491796059,99982,196,99969,196,99983,100,99968,196,100011,196,99957,196,100032,196,99954,196,100041,100,99938,200,100052,100,99935,100,100057,100,99933,100,100068,100,99930,100,100080,100,99929,100,100085,200,99921,100
2019-06-28 09:34:40.000000000,99982,230,99969,230,99983,130,99968,226,100011,226,99957,226,100032,100,99954,100,100041,100,99938,200,100052,100,99935,100,100057,100,99933,100,100068,100,99930,100,100080,100,99929,100,100085,200,99921,100
2019-06-28 09:34:44.709204242,99982,230,99969,230,99983,130,99968,226,100011,226,99957,226,100015,100,99954,100,100032,100,99938,200,100041,100,99935,100,100052,100,99933,100,100057,100,99930,100,100068,100,99921,100,100080,100,99920,100
2019-06-28 09:34:46.615997844,99982,230,99969,230,99983,130,99968,226,100011,226,99957,226,100015,100,99954,100,100032,100,99938,200,100041,100,99935,100,100052,100,99933,100,100057,100,99930,100,100068,100,99921,100,100080,100,99920,100
2019-06-28 09:34:50.000000000,99982,196,99969,196,99983,100,99968,196,100011,196,99957,196,100015,196,99954,196,100032,100,99938,200,100041,100,99935,100,100052,100,99933,100,100057,100,99930,100,100068,100,99921,100,100080,100,99920,100
2019-06-28 09:35:00.000000000,99982,196,99969,196,99983,100,99968,196,100011,196,99957,196,100015,196,99954,196,100032,100,99938,200,100041,100,99935,100,100052,100,99933,100,100057,100,99930,100,100068,100,99921,100,100080,100,99920,100
2019-06-28 09:35:10.000000000,99982,291,99969,291,99983,195,99968,291,100011,100,99957,100,100015,100,99954,100,100032,100,99938,200,100041,100,99935,100,100052,100,99933,100,100057,100,99930,100,100068,100,99921,100,100080,100,99920,100
2019-06-28 09:35:20.000000000,99982,482,99969,482,99983,4,99968,100,100011,100,99957,100,100015,100,99954,100,100032,100,99938,200,100041,100,99935,100,100052,100,99933,100,100057,100,99930,100,100068,100,99921,100,100080,100,99920,100
2019-06-28 09:35:30.000000000,99982,230,99969,230,99983,130,99968,226,100011,226,99957,226,100015,100,99954,100,100032,100,99938,200,100041,100,99935,100,100052,100,99933,100,100057,100,99930,100,100068,100,99921,100,100080,100,99920,100
2019-06-28 09:35:33.973001531,99982,130,99969,230,99983,130,99968,226,100011,226,99957,226,100015,100,99954,100,100032,100,99938,200,100041,100,99935,100,100052,100,99933,100,100057,100,99930,100,100068,100,99921,100,100080,100,99920,100
2019-06-28 09:35:40.000000000,99983,195,99969,291,100011,291,99968,291,100015,100,99957,100,100032,100,99954,100,100041,100,99938,200,100052,100,99935,100,100057,100,99933,100,100068,100,99930,100,100080,100,99921,100,100085,100,99920,100
2019-06-28 09:35:43.854756985,99983,195,99972,100,100011,291,99969,291,100015,100,99968,291,100032,100,99957,100,100041,100,99954,100,100052,100,99938,200,100057,100,99935,100,100068,100,99933,100,100080,100,99930,100,100085,100,99921,100
2019-06-28 09:35:48.152520913,99983,195,99972,100,100011,291,99969,291,100015,100,99968,291,100032,100,99957,100,100041,100,99954,100,100052,100,99938,200,100057,100,99935,100,100068,100,99933,100,100080,100,99930,100,100085,100,99921,100
2019-06-28 09:35:50.000000000,99983,134,99972,230,100011,226,99969,226,100015,226,99968,226,100032,100,99957,100,100041,100,99954,100,100052,100,99938,200,100057,100,99935,100,100068,100,99933,100,100080,100,99930,100,100085,100,99921,100
2019-06-28 09:36:00.000000000,99983,195,99972,291,100011,291,99969,291,100015,100,99968,100,100032,100,99957,100,100041,100,99954,100,100052,100,99938,200,100057,100,99935,100,100068,100,99933,100,100080,100,99930,100,100085,100,99921,100
2019-06-28 09:36:10.000000000,99983,80,99972,176,100011,176,99969,176,100015,176,99968,176,100032,176,99957,176,100041,176,99954,176,100052,100,99938,200,100057,100,99935,100,100068,100,99933,100,100080,100,99930,100,100085,100,99921,100
2019-06-28 09:36:20.000000000,99983,195,99972,291,100011,291,99969,291,100015,100,99968,100,100032,100,99957,100,100041,100,99954,100,100052,100,99938,200,100057,100,99935,100,100068,100,99933,100,100080,100,99930,100,100085,100,99921,100
2019-06-28 09:36:23.775511687,99983,95,99972,291,100011,291,99969,291,100015,100,99968,100,100032,100,99957,100,100041,100,99954,100,100052,100,99938,200,100057,100,99935,100,100068,100,99933,100,100080,100,99930,100,100085,100,99921,100
2019-06-28 09:36:30.000000000,100011,176,99972,176,100015,176,99969,176,100032,176,99968,176,100041,176,99957,176,100052,176,99954,176,100057,100,99938,200,100068,100,99935,100,100080,100,99933,100,100085,100,99930,100,100108,100,99921,100
2019-06-28 09:36:31.866769481,100011,176,99972,176,100015,176,99969,176,100032,176,99968,176,100041,176,99957,176,100052,176,99954,176,100057,100,99938,200,100068,100,99935,100,100080,100,99933,100,100085,100,99930,100,100108,100,99921,100
2019-06-28 09:36:40.000000000,100011,196,99972,196,100015,196,99969,196,100032,196,99968,196,100041,196,99957,196,100052,100,99954,100,100057,100,99938,200,100068,100,99935,100,100080,100,99933,100,100085,100,99930,100,100108,100,99921,100
2019-06-28 09:36:50.000000000,100011,230,99972,230,100015,226,99969,226,100032,226,99968,226,100041,100,99957,100,100052,100,99954,100,100057,100,99938,200,100068,100,99935,100,100080,100,99933,100,100085,100,99930,100,100108,100,99921,100
2019-06-28 09:37:00.000000000,100011,230,99972,230,100015,226,99969,226,100032,226,99968,226,100041,100,99957,100,100052,100,99954,100,100057,100,99938,200,100068,100,99935,100,100080,100,99933,100,100085,100,99930,100,100108,100,99921,100
2019-06-28 09:37:10.000000000,100011,176,99972,176,100015,176,99969,176,100032,176,99968,176,100041,176,99957,176,100052,176,99954,176,100057,100,99938,200,100068,100,99935,100,100080,100,99933,100,100085,100,99930,100,100108,100,99921,100
2019-06-28 09:37:20.000000000,100011,482,99972,482,100015,100,99969,100,100032,100,99968,100,100041,100,99957,100,100052,100,99954,100,100057,100,99938,200,100068,100,99935,100,100080,100,99933,100,100085,100,99930,100,100108,100,99921,100
2019-06-28 09:37:30.000000000,100011,196,99972,196,100015,196,99969,196,100032,196,99968,196,100041,196,99957,196,100052,100,99954,100,100057,100,99938,200,100068,100,99935,100,100080,100,99933,100,100085,100,99930,100,100108,100,99921,100
2019-06-28 09:37:40.000000000,100011,196,99972,196,100015,196,99969,196,100032,196,99968,196,100041,196,99957,196,100052,100,99954,100,100057,100,99938,200,100068,100,99935,100,100080,100,99933,100,100085,100,99930,100,100108,100,99921,100
2019-06-28 09:37:50.000000000,100011,196,99972,196,100015,196,99969,196,100032,196,99968,196,100041,196,99957,196,100052,100,99954,100,100057,100,99938,200,100068,100,99935,100,100080,100,99933,100,100085,100,99930,100,100108,100,99921,100
2019-06-28 09:38:00.000000000,100011,291,99972,291,100015,291,99969,291,100032,100,99968,100,100041,100,99957,100,100052,100,99954,100,100057,100,99938,200,100068,100,99935,100,100080,100,99933,100,100085,100,99930,100,100108,100,99921,100
2019-06-28 09:38:04.943287736,100011,291,99982,100,100015,291,99972,291,100032,100,99969,291,100041,100,99957,100,100052,100,99954,100,100057,100,99938,200,100068,100,99935,100,100080,100,99933,100,100085,100,99930,100,100108,100,99921,100
2019-06-28 09:38:10.000000000,100011,176,99982,176,100015,176,99972,176,100032,176,99969,176,100041,176,99957,176,100052,176,99954,176,100057,100,99938,200,100068,100,99935,100,100080,100,99933,100,100085,100,99930,100,100108,100,99921,100
2019-06-28 09:38:20.000000000,100011,482,99982,482,100015,100,99972,100,100032,100,99969,100,100041,100,99957,100,100052,100,99954,100,100057,100,99938,200,100068,100,99935,100,100080,100,99933,100,100085,100,99930,100,100108,100,99921,100
2019-06-28 09:38:30.000000000,100011,291,99982,291,100015,291,99972,291,100032,100,99969,100,100041,100,99957,100,100052,100,99954,100,100057,100,99938,200,100068,100,99935,100,100080,100,99933,100,100085,100,99930,100,100108,100,99921,100
2019-06-28 09:38:40.000000000,100011,482,99982,482,100015,100,99972,100,100032,100,99969,100,100041,100,99957,100,100052,100,99954,100,100057,100,99938,200,100068,100,99935,100,100080,100,99933,100,100085,100,99930,100,100108,100,99921,100
2019-06-28 09:38:50.000000000,100011,176,99982,176,100015,176,99972,176,100032,176,99969,176,100041,176,99957,176,100052,176,99954,176,100057,100,99938,200,100068,100,99935,100,100080,100,99933,100,100085,100,99930,100,100108,100,99921,100
2019-06-28 09:39:00.000000000,100011,196,99982,196,100015,196,99972,196,100032,196,99969,196,100041,196,99957,196,100052,100,99954,100,100057,100,99938,200,100068,100,99935,100,100080,100,99933,100,100085,100,99930,100,100108,100,99921,100
2019-06-28 09:39:10.000000000,100011,291,99982,291,100015,291,99972,291,100032,100,99969,100,100041,100,99957,100,100052,100,99954,100,100057,100,99938,200,100068,100,99935,100,100080,100,99933,100,100085,100,99930,100,100108,100,99921,100
2019-06-28 09:39:14.604282104,100011,291,99982,291,100015,291,99972,291,100032,100,99969,100,100041,100,99957,100,100052,100,99954,100,100057,100,99938,200,100068,100,99935,100,100080,100,99933,100,100085,100,99930,100,100108,100,99921,100
2019-06-28 09:39:20.000000000,100011,176,99982,176,100015,176,99972,176,100032,176,99969,176,100041,176,99957,176,100052,176,99954,176,100057,100,99938,200,100068,100,99935,100,100080,100,99933,100,100085,100,99930,100,100108,100,99921,100
2019-06-28 09:39:20.562701037,100011,76,99982,176,100015,176,99972,176,100032,176,99969,176,100041,176,99957,176,100052,176,99954,176,100057,100,99938,200,100068,100,99935,100,100080,100,99933,100,100085,100,99930,100,100108,100,99921,100
2019-06-28 09:39:30.000000000,100015,291,99982,291,100032,291,99972,291,100041,100,99969,100,100052,100,99957,100,100057,100,99954,100,100068,100,99938,200,100080,100,99935,100,100085,100,99933,100,100108,100,99930,100,100120,100,99921,100
2019-06-28 09:39:34.067562475,100015,291,99983,100,100032,291,99982,291,100041,100,99972,291,100052,100,99969,100,100057,100,99957,100,100068,100,99954,100,100080,100,99938,200,100085,100,99935,100,100108,100,99933,100,100120,100,99930,100
2019-06-28 09:39:40.000000000,100015,196,99983,196,100032,196,99982,196,100041,196,99972,196,100052,196,99969,196,100057,100,99957,100,100068,100,99954,100,100080,100,99938,200,100085,100,99935,100,100108,100,99933,100,100120,100,99930,100
2019-06-28 09:39:50.000000000,100015,291,99983,291,100032,291,99982,291,100041,100,99972,100,100052,100,99969,100,100057,100,99957,100,100068,100,99954,100,100080,100,99938,200,100085,100,99935,100,100108,100,99933,100,100120,100,99930,100
2019-06-28 09:39:57.391771129,100015,291,99983,291,100032,291,99982,291,100041,100,99972,100,100052,100,99969,100,100068,100,99957,100,100080,100,99954,100,100085,100,99938,200,100108,100,99935,100,100120,100,99933,100,100150,100,99930,100
2019-06-28 09:40:00.000000000,100015,482,99983,482,100032,100,99982,100,100041,100,99972,100,100052,100,99969,100,100068,100,99957,100,100080,100,99954,100,100085,100,99938,200,100108,100,99935,100,100120,100,99933,100,100150,100,99930,100
2019-06-28 09:40:10.000000000,100015,230,99983,230,100032,226,99982,226,100041,226,99972,226,100052,100,99969,100,100068,100,99957,100,100080,100,99954,100,100085,100,99938,200,100108,100,99935,100,100120,100,99933,100,100150,100,99930,100
2019-06-28 09:40:10.814736884,100015,230,99983,230,100032,226,99982,226,100041,226,99972,226,100052,100,99969,100,100068,100,99957,100,100080,100,99954,100,100085,100,99938,200,100108,100,99935,100,100120,100,99933,100,100150,100,99930,100
2019-06-28 09:40:17.282512919,100015,130,99983,230,100032,226,99982,226,100041,226,99972,226,100052,100,99969,100,100068,100,99957,100,100080,100,99954,100,100085,100,99938,200,100108,100,99935,100,100120,100,99933,100,100150,100,99930,100
2019-06-28 09:40:20.000000000,100032,196,99983,196,100041,196,99982,196,100052,196,99972,196,100068,196,99969,196,100080,100,99957,100,100085,100,99954,100,100108,100,99938,200,100120,100,99935,100,100150,100,99933,100,100196,100,99930,100
2019-06-28 09:40:30.000000000,100032,291,99983,291,100041,291,99982,291,100052,100,99972,100,100068,100,99969,100,100080,100,99957,100,100085,100,99954,100,100108,100,99938,200,100120,100,99935,100,100150,100,99933,100,100196,100,99930,100
2019-06-28 09:40:40.000000000,100032,196,99983,196,100041,196,99982,196,100052,196,99972,196,100068,196,99969,196,100080,100,99957,100,100085,100,99954,100,100108,100,99938,200,100120,100,99935,100,100150,100,99933,100,100196,100,99930,100
2019-06-28 09:40:48.465992805,100032,196,99983,196,100041,196,99982,196,100052,196,99972,196,100068,196,99969,196,100080,100,99957,100,100085,100,99954,100,100108,100,99938,200,100120,100,99935,100,100150,100,99933,100,100196,100,99930,100
2019-06-28 09:40:50.000000000,100032,482,99983,482,100041,100,99982,100,100052,100,99972,100,100068,100,99969,100,100080,100,99957,100,100085,100,99954,100,100108,100,99938,200,100120,100,99935,100,100150,100,99933,100,100196,100,99930,100
2019-06-28 09:41:00.000000000,100032,230,99983,230,100041,226,99982,226,100052,226,99972,226,100068,100,99969,100,100080,100,99957,100,100085,100,99954,100,100108,100,99938,200,100120,100,99935,100,100150,100,99933,100,100196,100,99930,100
2019-06-28 09:41:10.000000000,100032,196,99983,196,100041,196,99982,196,100052,196,99972,196,100068,196,99969,196,100080,100,99957,100,100085,100,99954,100,100108,100,99938,200,100120,100,99935,100,100150,100,99933,100,100196,100,99930,100
2019-06-28 09:41:16.095412930,100032,196,99983,196,100041,196,99982,196,100052,196,99972,196,100068,196,99969,196,100080,100,99957,100,100085,100,99954,100,100108,100,99938,100,100120,100,99935,100,100150,100,99933,100,100196,100,99930,100
2019-06-28 09:41:17.160213349,100032,96,99983,196,100041,196,99982,196,100052,196,99972,196,100068,196,99969,196,100080,100,99957,100,100085,100,99954,100,100108,100,99938,100,100120,100,99935,100,100150,100,99933,100,100196,100,99930,100
2019-06-28 09:41:20.000000000,100041,482,99983,482,100052,100,99982,100,100068,100,99972,100,100080,100,99969,100,100085,100,99957,100,100108,100,99954,100,100120,100,99938,100,100150,100,99935,100,100196,100,99933,100,100500,100,99930,100
2019-06-28 09:41:30.000000000,100041,482,99983,482,100052,100,99982,100,100068,100,99972,100,100080,100,99969,100,100085,100,99957,100,100108,100,99954,100,100120,100,99938,100,100150,100,99935,100,100196,100,99933,100,100500,100,99930,100
2019-06-28 09:41:40.000000000,100041,176,99983,176,100052,176,99982,176,100068,176,99972,176,100080,176,99969,176,100085,176,99957,176,100108,100,99954,100,100120,100,99938,100,100150,100,99935,100,100196,100,99933,100,100500,100,99930,100
2019-06-28 09:41:44.773856377,100041,176,99983,176,100052,176,99982,176,100068,176,99972,176,100080,176,99969,176,100085,176,99957,176,100108,100,99954,100,100120,100,99938,100,100150,100,99935,100,100196,100,99933,100,100400,100,99930,100
2019-06-28 09:41:50.000000000,100041,291,99983,291,100052,291,99982,291,100068,100,99972,100,100080,100,99969,100,100085,100,99957,100,100108,100,99954,100,100120,100,99938,100,100150,100,99935,100,100196,100,99933,100,100400,100,99930,100
2019-06-28 09:42:00.000000000,100041,291,99983,291,100052,291,99982,291,100068,100,99972,100,100080,100,99969,100,100085,100,99957,100,100108,100,99954,100,100120,100,99938,100,100150,100,99935,100,100196,100,99933,100,100400,100,99930,100
2019-06-28 09:42:05.078569895,100041,291,100015,100,100052,291,99983,291,100068,100,99982,291,100080,100,99972,100,100085,100,99969,100,100108,100,99957,100,100120,100,99954,100,100150,100,99938,100,100196,100,99935,100,100400,100,99933,100
2019-06-28 09:42:07.061921813,100041,191,100015,100,100052,291,99983,291,100068,100,99982,291,100080,100,99972,100,100085,100,99969,100,100108,100,99957,100,100120,100,99954,100,100196,100,99938,100,100400,100,99935,100,100500,100,99933,100
2019-06-28 09:42:10.000000000,100052,176,100015,176,100068,176,99983,176,100080,176,99982,176,100085,176,99972,176,100108,176,99969,176,100120,100,99957,100,100196,100,99954,100,100400,100,99938,100,100500,100,99935,100,100551,100,99933,100
2019-06-28 09:42:20.000000000,100052,196,100015,196,100068,196,99983,196,100080,196,99982,196,100085,196,99972,196,100108,100,99969,100,100120,100,99957,100,100196,100,99954,100,100400,100,99938,100,100500,100,99935,100,100551,100,99933,100
2019-06-28 09:42:30.000000000,100052,176,100015,176,100068,176,99983,176,100080,176,99982,176,100085,176,99972,176,100108,176,99969,176,100120,100,99957,100,100196,100,99954,100,100400,100,99938,100,100500,100,99935,100,100551,100,99933,100
2019-06-28 09:42:32.903228405,100052,176,100015,176,100068,176,99983,176,100080,176,99982,176,100085,176,99972,176,100108,176,99969,176,100120,100,99957,100,100196,100,99954,100,100400,100,99938,100,100444,100,99935,100,100500,100,99933,100
2019-06-28 09:42:40.000000000,100052,482,100015,482,100068,100,99983,100,100080,100,99982,100,100085,100,99972,100,100108,100,99969,100,100120,100,99957,100,100196,100,99954,100,100400,100,99938,100,100444,100,99935,100,100500,100,99933,100
2019-06-28 09:42:45.221679885,100052,482,100015,482,100068,100,99983,100,100080,100,99982,100,100085,100,99972,100,100108,100,99969,100,100120,100,99957,100,100196,100,99954,100,100400,100,99938,100,100444,100,99935,100,100500,100,99933,100
2019-06-28 09:42:50.000000000,100052,291,100015,291,100068,291,99983,291,100080,100,99982,100,100085,100,99972,100,100108,100,99969,100,100120,100,99957,100,100196,100,99954,100,100400,100,99938,100,100444,100,99935,100,100500,100,99933,100
2019-06-28 09:42:58.609981506,100052,291,100015,291,100068,291,99983,291,100080,100,99982,100,100085,100,99972,100,100120,100,99969,100,100196,100,99957,100,100400,100,99954,100,100432,100,99938,100,100444,100,99935,100,100500,100,99933,100
2019-06-28 09:42:58.724277863,100052,191,100015,291,100068,291,99983,291,100080,100,99982,100,100085,100,99972,100,100120,100,99969,100,100196,100,99954,100,100400,100,99938,100,100432,100,99935,100,100444,100,99933,100,100500,100,99930,100
2019-06-28 09:43:00.000000000,100068,230,100015,230,100080,226,99983,226,100085,226,99982,226,100120,100,99972,100,100196,100,99969,100,100400,100,99954,100,100432,100,99938,100,100444,100,99935,100,100500,100,99933,100,100551,100,99930,100
2019-06-28 09:43:00.304589651,100068,130,100015,230,100080,226,99983,226,100085,226,99982,226,100120,100,99972,100,100196,100,99969,100,100400,100,99954,100,100432,100,99938,100,100444,100,99935,100,100500,100,99933,100,100551,100,99930,100
2019-06-28 09:43:03.873857670,100068,130,100015,230,100080,226,99983,226,100085,226,99982,226,100120,100,99972,100,100196,100,99969,100,100366,100,99954,100,100400,100,99938,100,100432,100,99935,100,100444,100,99933,100,100500,100,99930,100
2019-06-28 09:43:10.000000000,100080,176,100015,176,100085,176,99983,176,100120,176,99982,176,100196,176,99972,176,100366,176,99969,176,100400,100,99954,100,100432,100,99938,100,100444,100,99935,100,100500,100,99933,100,100551,100,99930,100
2019-06-28 09:43:20.000000000,100080,176,100015,176,100085,176,99983,176,100120,176,99982,176,100196,176,99972,176,100366,176,99969,176,100400,100,99954,100,100432,100,99938,100,100444,100,99935,100,100500,100,99933,100,100551,100,99930,100
2019-06-28 09:43:30.000000000,100080,482,100015,482,100085,100,99983,100,100120,100,99982,100,100196,100,99972,100,100366,100,99969,100,100400,100,99954,100,100432,100,99938,100,100444,100,99935,100,100500,100,99933,100,100551,100,99930,100
2019-06-28 09:43:33.141494087,100080,382,100015,482,100085,100,99983,100,100120,100,99982,100,100196,100,99972,100,100366,100,99969,100,100400,100,99954,100,100432,100,99938,100,100444,100,99935,100,100500,100,99933,100,100551,100,99930,100
2019-06-28 09:43:40.000000000,100085,482,100015,482,100120,100,99983,100,100196,100,99982,100,100366,100,99972,100,100400,100,99969,100,100432,100,99954,100,100444,100,99938,100,100500,100,99935,100,100551,100,99933,100,100557,100,99930,100
2019-06-28 09:43:50.000000000,100085,196,100015,196,100120,196,99983,196,100196,196,99982,196,100366,196,99972,196,100400,100,99969,100,100432,100,99954,100,100444,100,99938,100,100500,100,99935,100,100551,100,99933,100,100557,100,99930,100
2019-06-28 09:44:00.000000000,100085,482,100015,482,100120,100,99983,100,100196,100,99982,100,100366,100,99972,100,100400,100,99969,100,100432,100,99954,100,100444,100,99938,100,100500,100,99935,100,100551,100,99933,100,100557,100,99930,100
2019-06-28 09:44:10.000000000,100085,291,100015,291,100120,291,99983,291,100196,100,99982,100,100366,100,99972,100,100400,100,99969,100,100432,100,99954,100,100444,100,99938,100,100500,100,99935,100,100551,100,99933,100,100557,100,99930,100
2019-06-28 09:44:18.716224761,100067,100,100015,291,100085,291,99983,291,100120,291,99982,100,100196,100,99972,100,100366,100,99969,100,100400,100,99954,100,100432,100,99938,100,100444,100,99935,100,100500,100,99933,100,100551,100,99930,100
2019-06-28 09:44:20.000000000,100067,291,100015,291,100085,291,99983,291,100120,100,99982,100,100196,100,99972,100,100366,100,99969,100,100400,100,99954,100,100432,100,99938,100,100444,100,99935,100,100500,100,99933,100,100551,100,99930,100
2019-06-28 09:44:30.000000000,100067,482,100015,482,100085,100,99983,100,100120,100,99982,100,100196,100,99972,100,100366,100,99969,100,100400,100,99954,100,100432,100,99938,100,100444,100,99935,100,100500,100,99933,100,100551,100,99930,100
2019-06-28 09:44:40.000000000,100067,196,100015,196,100085,196,99983,196,100120,196,99982,196,100196,196,99972,196,100366,100,99969,100,100400,100,99954,100,100432,100,99938,100,100444,100,99935,100,100500,100,99933,100,100551,100,99930,100
2019-06-28 09:44:40.736192122,100067,196,100015,196,100085,196,99983,196,100120,196,99982,196,100185,100,99972,196,100196,196,99969,100,100366,100,99954,100,100400,100,99938,100,100432,100,99935,100,100500,100,99933,100,100551,100,99930,100
2019-06-28 09:44:50.000000000,100067,291,100015,291,100085,291,99983,291,100120,100,99982,100,100185,100,99972,100,100196,100,99969,100,100366,100,99954,100,100400,100,99938,100,100432,100,99935,100,100500,100,99933,100,100551,100,99930,100
2019-06-28 09:44:51.772827230,100067,291,100015,291,100085,291,99983,291,100120,100,99982,100,100185,100,99972,100,100196,100,99969,100,100358,100,99954,100,100366,100,99938,100,100400,100,99935,100,100432,100,99933,100,100500,100,99930,100
2019-06-28 09:44:53.269044189,100067,191,100015,291,100085,291,99983,291,100120,100,99982,100,100185,100,99972,100,100196,100,99969,100,100358,100,99954,100,100366,100,99938,100,100400,100,99935,100,100432,100,99933,100,100551,100,99930,100
2019-06-28 09:45:00.000000000,100085,196,100015,196,100120,196,99983,196,100185,196,99982,196,100196,196,99972,196,100358,100,99969,100,100366,100,99954,100,100400,100,99938,100,100432,100,99935,100,100551,100,99933,100,100557,100,99930,100
2019-06-28 09:45:05.109057056,100085,196,100015,196,100120,96,99983,196,100185,196,99982,196,100186,100,99972,196,100196,196,99969,100,100358,100,99954,100,100366,100,99938,100,100400,100,99935,100,100432,100,99933,100,100551,100,99930,100
2019-06-28 09:45:10.000000000,100085,196,100015,196,100185,196,99983,196,100186,196,99982,196,100196,196,99972,196,100358,100,99969,100,100366,100,99954,100,100400,100,99938,100,100432,100,99935,100,100551,100,99933,100,100557,100,99930,100
2019-06-28 09:45:16.565548531,100085,196,100015,196,100185,196,100003,100,100186,196,99983,196,100196,196,99982,196,100358,100,99972,196,100366,100,99969,100,100400,100,99954,100,100432,100,99938,100,100551,100,99935,100,100557,100,99933,100
2019-06-28 09:45:20.000000000,100085,176,100015,176,100185,176,100003,176,100186,176,99983,176,100196,176,99982,176,100358,176,99972,176,100366,100,99969,100,100400,100,99954,100,100432,100,99938,100,100551,100,99935,100,100557,100,99933,100
2019-06-28 09:45:21.805040050,100085,76,100015,176,100185,176,100003,176,100186,176,99983,176,100196,176,99982,176,100202,100,99972,176,100358,176,99969,100,100366,100,99954,100,100400,100,99938,100,100432,100,99935,100,100551,100,99933,100
2019-06-28 09:45:30.000000000,100185,482,100015,482,100186,100,100003,100,100196,100,99983,100,100202,100,99982,100,100358,100,99972,100,100366,100,99969,100,100400,100,99954,100,100432,100,99938,100,100551,100,99935,100,100557,100,99933,100
2019-06-28 09:45:40.000000000,100185,176,100015,176,100186,176,100003,176,100196,176,99983,176,100202,176,99982,176,100358,176,99972,176,100366,100,99969,100,100400,100,99954,100,100432,100,99938,100,100551,100,99935,100,100557,100,99933,100
2019-06-28 09:45:44.945524550,100185,176,100015,176,100186,176,100003,176,100196,176,99983,176,100202,176,99982,176,100358,176,99972,176,100366,100,99969,100,100400,100,99955,100,100432,100,99954,100,100551,100,99938,100,100557,100,99935,100
2019-06-28 09:45:46.859121286,100185,176,100067,100,100186,176,100015,176,100196,176,100003,176,100202,176,99983,176,100358,176,99982,176,100366,100,99972,176,100400,100,99969,100,100432,100,99955,100,100551,100,99954,100,100557,100,99938,100
2019-06-28 09:45:50.000000000,100185,196,100067,196,100186,196,100015,196,100196,196,100003,196,100202,196,99983,196,100358,100,99982,100,100366,100,99972,100,100400,100,99969,100,100432,100,99955,100,100551,100,99954,100,100557,100,99938,100
2019-06-28 09:46:00.000000000,100185,196,100067,196,100186,196,100015,196,100196,196,100003,196,100202,196,99983,196,100358,100,99982,100,100366,100,99972,100,100400,100,99969,100,100432,100,99955,100,100551,100,99954,100,100557,100,99938,100
2019-06-28 09:46:04.669534714,100185,196,100067,296,100186,196,100015,196,100196,196,100003,196,100202,196,99983,196,100358,100,99982,100,100366,100,99972,100,100400,100,99969,100,100432,100,99955,100,100551,100,99954,100,100557,100,99938,100
2019-06-28 09:46:10.000000000,100185,196,100067,296,100186,196,100015,196,100196,196,100003,196,100202,196,99983,196,100358,100,99982,100,100366,100,99972,100,100400,100,99969,100,100432,100,99955,100,100551,100,99954,100,100557,100,99938,100
2019-06-28 09:46:17.442900885,100171,100,100067,296,100185,196,100015,196,100186,196,100003,196,100196,196,99983,196,100202,196,99982,100,100358,100,99972,100,100366,100,99969,100,100400,100,99955,100,100432,100,99954,100,100551,100,99938,100
2019-06-28 09:46:19.280860655,100171,100,100167,100,100185,196,100067,296,100186,196,100015,196,100196,196,100003,196,100202,196,99983,196,100358,100,99982,100,100366,100,99972,100,100400,100,99969,100,100432,100,99955,100,100551,100,99954,100
2019-06-28 09:46:20.000000000,100171,196,100167,196,100185,196,100067,296,100186,196,100015,196,100196,196,100003,196,100202,100,99983,100,100358,100,99982,100,100366,100,99972,100,100400,100,99969,100,100432,100,99955,100,100551,100,99954,100
2019-06-28 09:46:25.940056789,100171,96,100167,196,100185,196,100067,296,100186,196,100015,196,100196,196,100003,196,100202,100,99983,100,100358,100,99982,100,100366,100,99972,100,100400,100,99969,100,100432,100,99955,100,100551,100,99954,100
2019-06-28 09:46:30.000000000,100185,176,100167,176,100186,176,100067,276,100196,176,100015,176,100202,176,100003,176,100358,176,99983,176,100366,100,99982,100,100400,100,99972,100,100432,100,99969,100,100551,100,99955,100,101069,100,99954,100
2019-06-28 09:46:32.264836778,100185,176,100167,76,100186,76,100067,276,100196,176,100015,176,100202,176,100003,176,100358,176,99983,176,100366,100,99982,100,100400,100,99972,100,100432,100,99969,100,100551,100,99955,100,101069,100,99954,100
2019-06-28 09:46:40.000000000,100185,176,100067,276,100196,176,100015,176,100202,176,100003,176,100358,176,99983,176,100366,176,99982,176,100400,100,99972,100,100432,100,99969,100,100551,100,99955,100,101069,100,99954,100,101274,100,99938,100
2019-06-28 09:46:50.000000000,100185,176,100067,276,100196,176,100015,176,100202,176,100003,176,100358,176,99983,176,100366,176,99982,176,100400,100,99972,100,100432,100,99969,100,100551,100,99955,100,101069,100,99954,100,101274,100,99938,100
2019-06-28 09:46:50.274706624,100185,176,100067,276,100195,100,100015,176,100196,176,100003,176,100202,176,99983,176,100358,176,99982,176,100366,176,99972,100,100400,100,99969,100,100432,100,99955,100,100551,100,99954,100,101069,100,99938,100
2019-06-28 09:47:00.000000000,100185,482,100067,582,100195,100,100015,100,100196,100,100003,100,100202,100,99983,100,100358,100,99982,100,100366,100,99972,100,100400,100,99969,100,100432,100,99955,100,100551,100,99954,100,101069,100,99938,100
2019-06-28 09:47:06.014313297,100167,100,100067,582,100185,482,100015,100,100195,100,100003,100,100196,100,99983,100,100202,100,99982,100,100358,100,99972,100,100366,100,99969,100,100400,100,99955,100,100432,100,99954,100,100551,100,99938,100
2019-06-28 09:47:10.000000000,100167,291,100067,391,100185,291,100015,291,100195,100,100003,100,100196,100,99983,100,100202,100,99982,100,100358,100,99972,100,100366,100,99969,100,100400,100,99955,100,100432,100,99954,100,100551,100,99938,100
2019-06-28 09:47:20.000000000,100167,291,100067,391,100185,291,100015,291,100195,100,100003,100,100196,100,99983,100,100202,100,99982,100,100358,100,99972,100,100366,100,99969,100,100400,100,99955,100,100432,100,99954,100,100551,100,99938,100
2019-06-28 09:47:30.000000000,100167,482,100067,582,100185,100,100015,100,100195,100,100003,100,100196,100,99983,100,100202,100,99982,100,100358,100,99972,100,100366,100,99969,100,100400,100,99955,100,100432,100,99954,100,100551,100,99938,100
2019-06-28 09:47:40.000000000,100167,291,100067,391,100185,291,100015,291,100195,100,100003,100,100196,100,99983,100,100202,100,99982,100,100358,100,99972,100,100366,100,99969,100,100400,100,99955,100,100432,100,99954,100,100551,100,99938,100
2019-06-28 09:47:50.000000000,100167,196,100067,296,100185,196,100015,196,100195,196,100003,196,100196,196,99983,196,100202,100,99982,100,100358,100,99972,100,100366,100,99969,100,100400,100,99955,100,100432,100,99954,100,100551,100,99938,100
2019-06-28 09:47:50.182274973,100167,96,100067,296,100185,196,100015,196,100195,196,100003,196,100196,196,99983,196,100202,100,99982,100,100358,100,99972,100,100366,100,99969,100,100400,100,99955,100,100432,100,99954,100,100551,100,99938,100
2019-06-28 09:47:56.499164819,100167,96,100067,296,100185,196,100015,196,100195,196,100003,196,100196,196,99983,196,100202,100,99982,100,100348,100,99972,100,100358,100,99969,100,100366,100,99955,100,100400,100,99954,100,100432,100,99938,100
2019-06-28 09:47:57.340775124,100167,96,100067,296,100185,196,100015,196,100195,196,100003,196,100196,196,99983,196,100202,100,99982,100,100236,100,99972,100,100348,100,99969,100,100358,100,99955,100,100366,100,99954,100,100400,100,99938,100
2019-06-28 09:48:00.000000000,100185,230,100067,330,100195,226,100015,226,100196,226,100003,226,100202,100,99983,100,100236,100,99982,100,100348,100,99972,100,100358,100,99969,100,100366,100,99955,100,100400,100,99954,100,100432,100,99938,100
2019-06-28 09:48:10.000000000,100185,176,100067,276,100195,176,100015,176,100196,176,100003,176,100202,176,99983,176,100236,176,99982,176,100348,100,99972,100,100358,100,99969,100,100366,100,99955,100,100400,100,99954,100,100432,100,99938,100
2019-06-28 09:48:20.000000000,100185,176,100067,276,100195,176,100015,176,100196,176,100003,176,100202,176,99983,176,100236,176,99982,176,100348,100,99972,100,100358,100,99969,100,100366,100,99955,100,100400,100,99954,100,100432,100,99938,100
2019-06-28 09:48:30.000000000,100185,291,100067,391,100195,291,100015,291,100196,100,100003,100,100202,100,99983,100,100236,100,99982,100,100348,100,99972,100,100358,100,99969,100,100366,100,99955,100,100400,100,99954,100,100432,100,99938,100
2019-06-28 09:48:37.781897588,100185,291,100067,391,100195,291,100015,291,100196,100,100003,100,100202,100,99983,100,100236,100,99982,100,100348,100,99972,100,100358,100,99969,100,100366,100,99955,100,100400,100,99954,100,100432,100,99938,100
2019-06-28 09:48:40.000000000,100185,482,100067,582,100195,100,100015,100,100196,100,100003,100,100202,100,99983,100,100236,100,99982,100,100348,100,99972,100,100358,100,99969,100,100366,100,99955,100,100400,100,99954,100,100432,100,99938,100
2019-06-28 09:48:50.000000000,100185,196,100067,296,100195,196,100015,196,100196,196,100003,196,100202,196,99983,196,100236,100,99982,100,100348,100,99972,100,100358,100,99969,100,100366,100,99955,100,100400,100,99954,100,100432,100,99938,100
2019-06-28 09:48:51.129969957,100185,196,100067,296,100195,196,100015,196,100196,196,100003,196,100202,196,99983,196,100236,100,99982,100,100348,100,99972,100,100358,100,99969,100,100366,100,99955,100,100400,100,99954,100,100432,100,99938,100
2019-06-28 09:48:57.994181450,100185,196,100067,196,100195,196,100015,196,100196,196,100003,196,100202,196,99983,196,100236,100,99982,100,100348,100,99972,100,100358,100,99969,100,100366,100,99955,100,100400,100,99938,100,100432,100,99935,100
2019-06-28 09:49:00.000000000,100185,230,100067,230,100195,226,100015,226,100196,226,100003,226,100202,100,99983,100,100236,100,99982,100,100348,100,99972,100,100358,100,99969,100,100366,100,99955,100,100400,100,99938,100,100432,100,99935,100
2019-06-28 09:49:10.000000000,100185,291,100067,291,100195,291,100015,291,100196,100,100003,100,100202,100,99983,100,100236,100,99982,100,100348,100,99972,100,100358,100,99969,100,100366,100,99955,100,100400,100,99938,100,100432,100,99935,100
2019-06-28 09:49:15.976155777,100166,100,100067,291,100185,291,100015,191,100195,291,100003,100,100196,100,99983,100,100202,100,99982,100,100236,100,99972,100,100348,100,99969,100,100358,100,99955,100,100366,100,99938,100,100400,100,99935,100
2019-06-28 09:49:20.000000000,100166,482,100067,482,100185,100,100003,100,100195,100,99983,100,100196,100,99982,100,100202,100,99972,100,100236,100,99969,100,100348,100,99955,100,100358,100,99938,100,100366,100,99935,100,100400,100,99933,100
2019-06-28 09:49:30.000000000,100166,482,100067,482,100185,100,100003,100,100195,100,99983,100,100196,100,99982,100,100202,100,99972,100,100236,100,99969,100,100348,100,99955,100,100358,100,99938,100,100366,100,99935,100,100400,100,99933,100
2019-06-28 09:49:33.187056293,100166,582,100067,482,100185,100,100003,100,100195,100,99983,100,100196,100,99982,100,100202,100,99972,100,100236,100,99969,100,100348,100,99955,100,100358,100,99938,100,100366,100,99935,100,100400,100,99933,100
2019-06-28 09:49:33.411581279,100166,482,100067,482,100185,100,100003,100,100195,100,99983,100,100196,100,99982,100,100202,100,99972,100,100236,100,99969,100,100348,100,99955,100,100358,100,99935,100,100366,100,99933,100,100400,100,99930,100
2019-06-28 09:49:37.549663170,100165,100,100067,482,100166,482,100003,100,100185,100,99983,100,100195,100,99982,100,100196,100,99972,100,100202,100,99969,100,100236,100,99955,100,100348,100,99935,100,100358,100,99933,100,100366,100,99930,100
2019-06-28 09:49:40.000000000,100165,196,100067,196,100166,196,100003,196,100185,196,99983,196,100195,196,99982,196,100196,100,99972,100,100202,100,99969,100,100236,100,99955,100,100348,100,99935,100,100358,100,99933,100,100366,100,99930,100
2019-06-28 09:49:50.000000000,100165,482,100067,482,100166,100,100003,100,100185,100,99983,100,100195,100,99982,100,100196,100,99972,100,100202,100,99969,100,100236,100,99955,100,100348,100,99935,100,100358,100,99933,100,100366,100,99930,100
2019-06-28 09:50:00.000000000,100165,482,100067,482,100166,100,100003,100,100185,100,99983,100,100195,100,99982,100,100196,100,99972,100,100202,100,99969,100,100236,100,99955,100,100348,100,99935,100,100358,100,99933,100,100366,100,99930,100
2019-06-28 09:50:09.773294697,100165,582,100067,482,100166,100,100003,100,100185,100,99983,100,100195,100,99982,100,100196,100,99972,100,100202,100,99969,100,100236,100,99955,100,100348,100,99935,100,100358,100,99933,100,100366,100,99930,100
2019-06-28 09:50:10.000000000,100165,391,100067,291,100166,291,100003,291,100185,100,99983,100,100195,100,99982,100,100196,100,99972,100,100202,100,99969,100,100236,100,99955,100,100348,100,99935,100,100358,100,99933,100,100366,100,99930,100
2019-06-28 09:50:10.889425609,100165,491,100067,291,100166,291,100003,291,100185,100,99983,100,100195,100,99982,100,100196,100,99972,100,100202,100,99969,100,100236,100,99955,100,100348,100,99935,100,100358,100,99933,100,100366,100,99930,100
2019-06-28 09:50:20.000000000,100165,682,100067,482,100166,100,100003,100,100185,100,99983,100,100195,100,99982,100,100196,100,99972,100,100202,100,99969,100,100236,100,99955,100,100348,100,99935,100,100358,100,99933,100,100366,100,99930,100
2019-06-28 09:50:20.485974664,100165,682,100067,482,100166,100,100046,100,100195,100,100003,100,100196,100,99983,100,100202,100,99982,100,100236,100,99972,100,100348,100,99969,100,100358,100,99955,100,100366,100,99935,100,100400,100,99933,100
2019-06-28 09:50:30.000000000,100165,682,100067,482,100166,100,100046,100,100195,100,100003,100,100196,100,99983,100,100202,100,99982,100,100236,100,99972,100,100348,100,99969,100,100358,100,99955,100,100366,100,99935,100,100400,100,99933,100
2019-06-28 09:50:40.000000000,100165,430,100067,230,100166,226,100046,226,100195,226,100003,226,100196,100,99983,100,100202,100,99982,100,100236,100,99972,100,100348,100,99969,100,100358,100,99955,100,100366,100,99935,100,100400,100,99933,100
2019-06-28 09:50:49.451819628,100165,430,100067,230,100166,226,100046,226,100195,226,100003,226,100196,100,99983,100,100202,100,99982,100,100236,100,99972,100,100348,100,99969,100,100358,100,99955,100,100366,100,99935,100,100400,100,99933,100
2019-06-28 09:50:50.000000000,100165,491,100067,291,100166,291,100046,291,100195,100,100003,100,100196,100,99983,100,100202,100,99982,100,100236,100,99972,100,100348,100,99969,100,100358,100,99955,100,100366,100,99935,100,100400,100,99933,100
2019-06-28 09:50:59.565489619,100165,391,100067,291,100166,291,100046,291,100195,100,100003,100,100196,100,99983,100,100202,100,99982,100,100236,100,99972,100,100348,100,99969,100,100358,100,99955,100,100366,100,99935,100,100400,100,99933,100
2019-06-28 09:51:00.000000000,100165,330,100067,230,100166,226,100046,226,100195,226,100003,226,100196,100,99983,100,100202,100,99982,100,100236,100,99972,100,100348,100,99969,100,100358,100,99955,100,100366,100,99935,100,100400,100,99933,100
2019-06-28 09:51:10.000000000,100165,582,100067,482,100166,100,100046,100,100195,100,100003,100,100196,100,99983,100,100202,100,99982,100,100236,100,99972,100,100348,100,99969,100,100358,100,99955,100,100366,100,99935,100,100400,100,99933,100
2019-06-28 09:51:16.972386577,100165,582,100067,482,100166,100,100046,100,100195,100,100003,100,100196,100,99983,100,100202,100,99982,100,100236,100,99972,100,100348,100,99969,100,100358,100,99955,100,100366,100,99935,100,100400,100,99933,100
2019-06-28 09:51:20.000000000,100165,330,100067,230,100166,226,100046,226,100195,226,100003,226,100196,100,99983,100,100202,100,99982,100,100236,100,99972,100,100348,100,99969,100,100358,100,99955,100,100366,100,99935,100,100400,100,99933,100
2019-06-28 09:51:24.016146191,100165,330,100067,230,100166,226,100046,226,100195,226,100003,226,100196,100,99983,100,100202,100,99982,100,100236,100,99972,100,100348,100,99969,100,100358,100,99955,100,100366,100,99935,100,100400,100,99933,100
2019-06-28 09:51:30.000000000,100165,391,100067,291,100166,291,100046,291,100195,100,100003,100,100196,100,99983,100,100202,100,99982,100,100236,100,99972,100,100348,100,99969,100,100358,100,99955,100,100366,100,99935,100,100400,100,99933,100
2019-06-28 09:51:40.000000000,100165,276,100067,176,100166,176,100046,176,100195,176,100003,176,100196,176,99983,176,100202,176,99982,176,100236,100,99972,100,100348,100,99969,100,100358,100,99955,100,100366,100,99935,100,100400,100,99933,100
2019-06-28 09:51:44.103368585,100165,276,100067,76,100166,176,100046,176,100195,176,100003,176,100196,176,99983,176,100202,176,99982,176,100348,100,99972,100,100358,100,99969,100,100366,100,99955,100,100400,100,99935,100,100432,100,99933,100
2019-06-28 09:51:50.000000000,100165,276,100046,176,100166,176,100003,176,100195,176,99983,176,100196,176,99982,176,100202,176,99972,176,100348,100,99969,100,100358,100,99955,100,100366,100,99935,100,100400,100,99933,100,100432,100,99930,100
2019-06-28 09:51:57.833977700,100165,276,100046,176,100166,176,100003,176,100195,176,99983,176,100196,176,99982,176,100202,176,99972,176,100348,100,99969,100,100358,100,99955,100,100366,100,99935,100,100400,100,99933,100,100432,100,99930,100
2019-06-28 09:52:00.000000000,100165,276,100046,176,100166,176,100003,176,100195,176,99983,176,100196,176,99982,176,100202,176,99972,176,100348,100,99969,100,100358,100,99955,100,100366,100,99935,100,100400,100,99933,100,100432,100,99930,100
2019-06-28 09:52:00.823920930,100164,100,100046,176,100165,276,100003,176,100166,176,99983,176,100195,176,99982,176,100196,176,99972,176,100202,176,99969,100,100348,100,99955,100,100358,100,99935,100,100366,100,99933,100,100400,100,99930,100
2019-06-28 09:52:01.120020908,100164,100,100046,176,100165,276,100003,176,100166,176,99983,176,100195,176,99982,176,100196,176,99972,176,100202,176,99969,100,100348,100,99955,100,100358,100,99935,100,100366,100,99933,100,100400,100,99930,100
2019-06-28 09:52:10.000000000,100164,196,100046,196,100165,296,100003,196,100166,196,99983,196,100195,196,99982,196,100196,100,99972,100,100202,100,99969,100,100348,100,99955,100,100358,100,99935,100,100366,100,99933,100,100400,100,99930,100
2019-06-28 09:52:20.000000000,100164,196,100046,196,100165,296,100003,196,100166,196,99983,196,100195,196,99982,196,100196,100,99972,100,100202,100,99969,100,100348,100,99955,100,100358,100,99935,100,100366,100,99933,100,100400,100,99930,100
2019-06-28 09:52:22.785600881,100164,196,100046,196,100165,296,100003,196,100166,96,99983,196,100195,196,99982,196,100196,100,99972,100,100202,100,99969,100,100348,100,99955,100,100358,100,99935,100,100366,100,99933,100,100400,100,99930,100
2019-06-28 09:52:30.000000000,100164,482,100046,482,100165,200,100003,100,100195,100,99983,100,100196,100,99982,100,100202,100,99972,100,100348,100,99969,100,100358,100,99955,100,100366,100,99935,100,100400,100,99933,100,100432,100,99930,100
2019-06-28 09:52:30.126164206,100164,482,100046,382,100165,200,100003,100,100196,100,99983,100,100202,100,99982,100,100348,100,99972,100,100358,100,99969,100,100366,100,99955,100,100400,100,99935,100,100432,100,99933,100,101069,100,99930,100
2019-06-28 09:52:30.246089526,100164,482,100046,382,100165,200,100003,100,100196,100,99983,100,100202,100,99982,100,100348,100,99972,100,100358,100,99969,100,100366,100,99955,100,100400,100,99935,100,100432,100,99933,100,101069,100,99930,100
2019-06-28 09:52:40.000000000,100164,482,100003,482,100165,200,99983,100,100196,100,99982,100,100202,100,99972,100,100348,100,99969,100,100358,100,99955,100,100366,100,99935,100,100400,100,99933,100,100432,100,99930,100,101069,100,99920,100
2019-06-28 09:52:49.176066674,100164,482,100003,382,100165,200,99983,100,100196,100,99982,100,100202,100,99972,100,100358,100,99969,100,100366,100,99955,100,100400,100,99935,100,100432,100,99933,100,101069,100,99930,100,101274,100,99920,100
2019-06-28 09:52:49.327861978,100164,482,100003,382,100165,200,99983,100,100196,100,99982,100,100202,100,99972,100,100358,100,99969,100,100366,100,99955,100,100400,100,99933,100,100432,100,99930,100,101069,100,99920,100,101274,100,99901,100
2019-06-28 09:52:50.000000000,100164,196,99983,196,100165,296,99982,196,100196,196,99972,196,100202,196,99969,196,100358,100,99955,100,100366,100,99933,100,100400,100,99930,100,100432,100,99920,100,101069,100,99901,100,101274,100,99894,100
2019-06-28 09:53:00.000000000,100164,230,99983,230,100165,326,99982,226,100196,226,99972,226,100202,100,99969,100,100358,100,99955,100,100366,100,99933,100,100400,100,99930,100,100432,100,99920,100,101069,100,99901,100,101274,100,99894,100
2019-06-28 09:53:10.000000000,100164,230,99983,230,100165,326,99982,226,100196,226,99972,226,100202,100,99969,100,100358,100,99955,100,100366,100,99933,100,100400,100,99930,100,100432,100,99920,100,101069,100,99901,100,101274,100,99894,100
2019-06-28 09:53:20.000000000,100164,291,99983,291,100165,391,99982,291,100196,100,99972,100,100202,100,99969,100,100358,100,99955,100,100366,100,99933,100,100400,100,99930,100,100432,100,99920,100,101069,100,99901,100,101274,100,99894,100
2019-06-28 09:53:30.000000000,100164,176,99983,176,100165,276,99982,176,100196,176,99972,176,100202,176,99969,176,100358,176,99955,176,100366,100,99933,100,100400,100,99930,100,100432,100,99920,100,101069,100,99901,100,101274,100,99894,100
2019-06-28 09:53:38.053669438,100164,176,99983,176,100165,276,99982,176,100196,176,99972,176,100202,176,99969,176,100226,100,99955,176,100358,176,99933,100,100366,100,99930,100,100400,100,99920,100,100432,100,99901,100,101069,100,99894,100
2019-06-28 09:53:40.000000000,100164,196,99983,196,100165,296,99982,196,100196,196,99972,196,100202,196,99969,196,100226,100,99955,100,100358,100,99933,100,100366,100,99930,100,100400,100,99920,100,100432,100,99901,100,101069,100,99894,100
2019-06-28 09:53:42.903832662,100164,196,100047,100,100165,296,99983,196,100196,196,99982,196,100202,196,99972,196,100226,100,99969,196,100358,100,99955,100,100366,100,99933,100,100400,100,99930,100,100432,100,99920,100,101069,100,99901,100
2019-06-28 09:53:45.046627685,100164,196,100047,100,100165,296,99983,196,100196,196,99982,196,100202,196,99972,196,100226,100,99969,196,100358,100,99955,100,100366,100,99933,100,100400,100,99930,100,100432,100,99920,100,101069,100,99901,100
2019-06-28 09:53:45.416462622,100164,196,100047,200,100165,296,99983,196,100196,196,99982,196,100202,196,99972,196,100226,100,99969,196,100358,100,99955,100,100366,100,99933,100,100400,100,99930,100,100432,100,99920,100,101069,100,99901,100
2019-06-28 09:53:50.000000000,100164,482,100047,582,100165,200,99983,100,100196,100,99982,100,100202,100,99972,100,100226,100,99969,100,100358,100,99955,100,100366,100,99933,100,100400,100,99930,100,100432,100,99920,100,101069,100,99901,100
2019-06-28 09:53:55.249714141,100078,100,100047,582,100164,482,99983,100,100165,200,99982,100,100196,100,99972,100,100202,100,99969,100,100226,100,99955,100,100358,100,99933,100,100366,100,99930,100,100400,100,99920,100,100432,100,99901,100
2019-06-28 09:54:00.000000000,100078,230,100047,330,100164,226,99983,226,100165,326,99982,226,100196,100,99972,100,100202,100,99969,100,100226,100,99955,100,100358,100,99933,100,100366,100,99930,100,100400,100,99920,100,100432,100,99901,100
2019-06-28 09:54:04.622319226,100078,230,100047,330,100164,226,100044,100,100165,326,99983,226,100196,100,99982,226,100202,100,99972,100,100226,100,99969,100,100358,100,99955,100,100366,100,99933,100,100400,100,99930,100,100432,100,99920,100
2019-06-28 09:54:10.000000000,100078,291,100047,391,100164,291,100044,291,100165,200,99983,100,100196,100,99982,100,100202,100,99972,100,100226,100,99969,100,100358,100,99955,100,100366,100,99933,100,100400,100,99930,100,100432,100,99920,100
2019-06-28 09:54:12.554741057,100078,291,100047,391,100164,291,100044,291,100165,200,99983,100,100202,100,99982,100,100226,100,99972,100,100281,100,99969,100,100358,100,99955,100,100366,100,99933,100,100400,100,99930,100,100432,100,99920,100
2019-06-28 09:54:19.576463248,100078,291,100047,391,100164,291,100044,291,100165,200,99983,100,100202,100,99982,100,100226,100,99972,100,100281,100,99969,100,100358,100,99955,100,100366,100,99933,100,100400,100,99930,100,100432,100,99920,100
2019-06-28 09:54:20.000000000,100078,230,100047,330,100164,226,100044,226,100165,326,99983,226,100202,100,99982,100,100226,100,99972,100,100281,100,99969,100,100358,100,99955,100,100366,100,99933,100,100400,100,99930,100,100432,100,99920,100
2019-06-28 09:54:29.864270664,100078,230,100047,330,100164,226,100044,226,100165,226,99983,226,100202,100,99982,100,100226,100,99972,100,100281,100,99969,100,100358,100,99955,100,100366,100,99933,100,100400,100,99930,100,100432,100,99920,100
2019-06-28 09:54:30.000000000,100078,196,100047,296,100164,196,100044,196,100165,196,99983,196,100202,196,99982,196,100226,100,99972,100,100281,100,99969,100,100358,100,99955,100,100366,100,99933,100,100400,100,99930,100,100432,100,99920,100
2019-06-28 09:54:40.000000000,100078,482,100047,582,100164,100,100044,100,100165,100,99983,100,100202,100,99982,100,100226,100,99972,100,100281,100,99969,100,100358,100,99955,100,100366,100,99933,100,100400,100,99930,100,100432,100,99920,100
2019-06-28 09:54:50.000000000,100078,230,100047,330,100164,226,100044,226,100165,226,99983,226,100202,100,99982,100,100226,100,99972,100,100281,100,99969,100,100358,100,99955,100,100366,100,99933,100,100400,100,99930,100,100432,100,99920,100
2019-06-28 09:54:58.093192762,100078,230,100047,330,100116,100,100044,226,100164,226,99983,226,100165,226,99982,100,100202,100,99972,100,100226,100,99969,100,100281,100,99955,100,100358,100,99933,100,100366,100,99930,100,100400,100,99920,100
2019-06-28 09:55:00.000000000,100078,196,100047,296,100116,196,100044,196,100164,196,99983,196,100165,196,99982,196,100202,100,99972,100,100226,100,99969,100,100281,100,99955,100,100358,100,99933,100,100366,100,99930,100,100400,100,99920,100
2019-06-28 09:55:00.792412546,100078,196,100047,296,100116,196,100044,196,100156,100,99983,196,100164,196,99982,196,100165,196,99972,100,100202,100,99969,100,100226,100,99955,100,100281,100,99933,100,100366,100,99930,100,100400,100,99920,100
2019-06-28 09:55:01.720011804,100078,196,100047,296,100116,196,100044,196,100156,100,99983,196,100164,196,99982,196,100165,196,99972,100,100202,100,99969,100,100226,100,99955,100,100281,100,99933,100,100366,100,99930,100,100400,100,99920,100
2019-06-28 09:55:10.000000000,100078,196,100047,296,100116,196,100044,196,100156,196,99983,196,100164,196,99982,196,100165,100,99972,100,100202,100,99969,100,100226,100,99955,100,100281,100,99933,100,100366,100,99930,100,100400,100,99920,100
2019-06-28 09:55:10.305159982,100078,196,100047,296,100116,196,100044,196,100156,196,99983,196,100164,196,99982,196,100165,100,99972,100,100202,100,99969,100,100226,100,99955,100,100281,100,99940,100,100366,100,99933,100,100400,100,99930,100
2019-06-28 09:55:10.337623150,100078,196,100047,296,100116,196,100044,196,100156,196,99983,196,100164,196,99982,196,100165,100,99972,100,100202,100,99969,100,100226,100,99955,100,100281,100,99940,100,100366,100,99933,100,100400,100,99930,100
2019-06-28 09:55:20.000000000,100078,196,100047,296,100116,196,100044,196,100156,196,99983,196,100164,196,99982,196,100165,100,99972,100,100202,100,99969,100,100226,100,99955,100,100281,100,99940,100,100366,100,99933,100,100400,100,99930,100
2019-06-28 09:55:21.547522396,100078,196,100047,296,100116,196,100044,196,100156,196,99983,196,100164,196,99982,196,100165,100,99972,100,100202,100,99969,100,100226,100,99955,100,100281,100,99940,100,100366,100,99933,100,100400,100,99930,100
2019-06-28 09:55:30.000000000,100078,196,100047,296,100116,196,100044,196,100156,196,99983,196,100164,196,99982,196,100165,100,99972,100,100202,100,99969,100,100226,100,99955,100,100281,100,99940,100,100366,100,99933,100,100400,100,99930,100
2019-06-28 09:55:37.573830032,100078,196,100047,296,100116,196,100044,196,100156,196,99983,196,100164,196,99982,196,100165,100,99972,200,100202,100,99969,100,100226,100,99955,100,100281,100,99940,100,100366,100,99933,100,100400,100,99930,100
2019-06-28 09:55:37.662340062,100078,196,100047,196,100116,196,100044,196,100156,196,99983,196,100164,196,99982,196,100165,100,99972,200,100202,100,99969,100,100226,100,99955,100,100281,100,99940,100,100366,100,99933,100,100400,100,99930,100
2019-06-28 09:55:40.000000000,100078,291,100047,291,100116,291,100044,291,100156,100,99983,100,100164,100,99982,100,100165,100,99972,200,100202,100,99969,100,100226,100,99955,100,100281,100,99940,100,100366,100,99933,100,100400,100,99930,100
2019-06-28 09:55:44.006506164,100078,291,100047,191,100116,291,100044,291,100156,100,99983,100,100164,100,99982,100,100165,100,99972,200,100202,100,99969,100,100226,100,99955,100,100281,100,99940,100,100366,100,99933,100,100400,100,99930,100
2019-06-28 09:55:50.000000000,100078,291,100044,291,100116,291,99983,291,100156,100,99982,100,100164,100,99972,200,100165,100,99969,100,100202,100,99955,100,100226,100,99940,100,100281,100,99933,100,100366,100,99930,100,100400,100,99928,100
2019-06-28 09:56:00.000000000,100078,176,100044,176,100116,176,99983,176,100156,176,99982,176,100164,176,99972,276,100165,176,99969,176,100202,100,99955,100,100226,100,99940,100,100281,100,99933,100,100366,100,99930,100,100400,100,99928,100
2019-06-28 09:56:10.000000000,100078,196,100044,196,100116,196,99983,196,100156,196,99982,196,100164,196,99972,296,100165,100,99969,100,100202,100,99955,100,100226,100,99940,100,100281,100,99933,100,100366,100,99930,100,100400,100,99928,100
2019-06-28 09:56:13.579803749,100078,196,100044,196,100116,196,99983,196,100156,196,99982,196,100164,96,99972,296,100165,100,99969,100,100202,100,99955,100,100226,100,99940,100,100281,100,99933,100,100366,100,99930,100,100400,100,99928,100
2019-06-28 09:56:16.122973728,100078,196,100044,196,100116,196,99983,196,100156,196,99982,196,100164,96,99972,296,100165,100,99969,100,100202,100,99955,100,100226,100,99940,100,100281,100,99933,100,100366,100,99930,100,100397,100,99928,100
2019-06-28 09:56:17.061848569,100078,96,100044,196,100116,196,99983,196,100156,196,99982,196,100164,96,99972,296,100165,100,99969,100,100202,100,99955,100,100226,100,99940,100,100281,100,99933,100,100366,100,99930,100,100397,100,99928,100
2019-06-28 09:56:20.000000000,100116,482,100044,482,100156,100,99983,100,100165,100,99982,100,100202,100,99972,200,100226,100,99969,100,100281,100,99955,100,100366,100,99940,100,100397,100,99933,100,100400,100,99930,100,101069,100,99928,100
2019-06-28 09:56:30.000000000,100116,291,100044,291,100156,291,99983,291,100165,100,99982,100,100202,100,99972,200,100226,100,99969,100,100281,100,99955,100,100366,100,99940,100,100397,100,99933,100,100400,100,99930,100,101069,100,99928,100
2019-06-28 09:56:40.000000000,100116,482,100044,482,100156,100,99983,100,100165,100,99982,100,100202,100,99972,200,100226,100,99969,100,100281,100,99955,100,100366,100,99940,100,100397,100,99933,100,100400,100,99930,100,101069,100,99928,100
2019-06-28 09:56:50.000000000,100116,230,100044,230,100156,226,99983,226,100165,226,99982,226,100202,100,99972,200,100226,100,99969,100,100281,100,99955,100,100366,100,99940,100,100397,100,99933,100,100400,100,99930,100,101069,100,99928,100
2019-06-28 09:57:00.000000000,100116,230,100044,230,100156,226,99983,226,100165,226,99982,226,100202,100,99972,200,100226,100,99969,100,100281,100,99955,100,100366,100,99940,100,100397,100,99933,100,100400,100,99930,100,101069,100,99928,100
2019-06-28 09:57:00.631471915,100116,230,100044,230,100156,226,99983,226,100165,226,99982,226,100202,100,99972,200,100226,100,99969,100,100281,100,99955,100,100294,100,99940,100,100366,100,99933,100,100397,100,99930,100,100400,100,99928,100
2019-06-28 09:57:09.998931549,100116,130,100044,230,100156,226,99983,226,100165,226,99982,226,100202,100,99972,200,100226,100,99969,100,100281,100,99955,100,100294,100,99940,100,100366,100,99933,100,100397,100,99930,100,100400,100,99928,100
2019-06-28 09:57:10.000000000,100156,291,100044,291,100165,291,99983,291,100202,100,99982,100,100226,100,99972,200,100281,100,99969,100,100294,100,99955,100,100366,100,99940,100,100397,100,99933,100,100400,100,99930,100,101069,100,99928,100
2019-06-28 09:57:20.000000000,100156,291,100044,291,100165,291,99983,291,100202,100,99982,100,100226,100,99972,200,100281,100,99969,100,100294,100,99955,100,100366,100,99940,100,100397,100,99933,100,100400,100,99930,100,101069,100,99928,100
2019-06-28 09:57:29.213828047,100156,291,100044,291,100165,291,99983,291,100202,100,99982,100,100226,100,99972,200,100281,100,99969,100,100294,100,99955,100,100366,100,99940,100,100397,100,99933,100,100400,100,99930,100,100502,100,99928,100
2019-06-28 09:57:30.000000000,100156,482,100044,482,100165,100,99983,100,100202,100,99982,100,100226,100,99972,200,100281,100,99969,100,100294,100,99955,100,100366,100,99940,100,100397,100,99933,100,100400,100,99930,100,100502,100,99928,100
2019-06-28 09:57:32.103363297,100156,382,100044,482,100165,100,99983,100,100202,100,99982,100,100226,100,99972,200,100281,100,99969,100,100294,100,99955,100,100366,100,99940,100,100397,100,99933,100,100400,100,99930,100,100502,100,99928,100
2019-06-28 09:57:40.000000000,100165,230,100044,230,100202,226,99983,226,100226,226,99982,226,100281,100,99972,200,100294,100,99969,100,100366,100,99955,100,100397,100,99940,100,100400,100,99933,100,100502,100,99930,100,101069,100,99928,100
2019-06-28 09:57:40.534345261,100115,100,100044,230,100165,230,99983,226,100202,226,99982,226,100226,226,99972,200,100281,100,99969,100,100294,100,99955,100,100366,100,99940,100,100397,100,99933,100,100400,100,99930,100,100502,100,99928,100
2019-06-28 09:57:50.000000000,100115,176,100044,176,100165,176,99983,176,100202,176,99982,176,100226,176,99972,276,100281,176,99969,176,100294,100,99955,100,100366,100,99940,100,100397,100,99933,100,100400,100,99930,100,100502,100,99928,100
2019-06-28 09:58:00.000000000,100115,482,100044,482,100165,100,99983,100,100202,100,99982,100,100226,100,99972,200,100281,100,99969,100,100294,100,99955,100,100366,100,99940,100,100397,100,99933,100,100400,100,99930,100,100502,100,99928,100
2019-06-28 09:58:05.638339994,100115,482,100044,482,100165,100,99983,100,100202,100,99982,100,100226,100,99972,200,100281,100,99969,100,100294,100,99955,100,100366,100,99940,100,100397,100,99933,100,100400,100,99930,100,100502,100,99928,100
2019-06-28 09:58:09.397527912,100115,382,100044,482,100165,100,99983,100,100202,100,99982,100,100226,100,99972,200,100281,100,99969,100,100294,100,99955,100,100366,100,99940,100,100397,100,99933,100,100400,100,99930,100,100502,100,99928,100
2019-06-28 09:58:10.000000000,100165,291,100044,291,100202,291,99983,291,100226,100,99982,100,100281,100,99972,200,100294,100,99969,100,100366,100,99955,100,100397,100,99940,100,100400,100,99933,100,100502,100,99930,100,100572,100,99928,100
2019-06-28 09:58:20.000000000,100165,176,100044,176,100202,176,99983,176,100226,176,99982,176,100281,176,99972,276,100294,176,99969,176,100366,100,99955,100,100397,100,99940,100,100400,100,99933,100,100502,100,99930,100,100572,100,99928,100
2019-06-28 09:58:30.000000000,100165,482,100044,482,100202,100,99983,100,100226,100,99982,100,100281,100,99972,200,100294,100,99969,100,100366,100,99955,100,100397,100,99940,100,100400,100,99933,100,100502,100,99930,100,100572,100,99928,100
2019-06-28 09:58:40.000000000,100165,230,100044,230,100202,226,99983,226,100226,226,99982,226,100281,100,99972,200,100294,100,99969,100,100366,100,99955,100,100397,100,99940,100,100400,100,99933,100,100502,100,99930,100,100572,100,99928,100
2019-06-28 09:58:50.000000000,100165,230,100044,230,100202,226,99983,226,100226,226,99982,226,100281,100,99972,200,100294,100,99969,100,100366,100,99955,100,100397,100,99940,100,100400,100,99933,100,100502,100,99930,100,100572,100,99928,100
2019-06-28 09:58:59.639908635,100165,130,100044,230,100202,226,99983,226,100226,226,99982,226,100281,100,99972,200,100294,100,99969,100,100366,100,99955,100,100397,100,99940,100,100400,100,99933,100,100502,100,99930,100,100572,100,99928,100
2019-06-28 09:59:00.000000000,100202,230,100044,230,100226,226,99983,226,100281,226,99982,226,100294,100,99972,200,100366,100,99969,100,100397,100,99955,100,100400,100,99940,100,100502,100,99933,100,100572,100,99930,100,101069,100,99928,100
2019-06-28 09:59:01.270529079,100202,230,100044,230,100226,226,99983,226,100281,226,99982,226,100294,100,99972,200,100366,100,99969,100,100397,100,99955,100,100400,100,99940,100,100502,100,99933,100,100572,100,99930,100,101014,100,99928,100
2019-06-28 09:59:10.000000000,100202,482,100044,482,100226,100,99983,100,100281,100,99982,100,100294,100,99972,200,100366,100,99969,100,100397,100,99955,100,100400,100,99940,100,100502,100,99933,100,100572,100,99930,100,101014,100,99928,100
2019-06-28 09:59:19.137068079,100202,382,100044,482,100226,100,99983,100,100281,100,99982,100,100294,100,99972,200,100366,100,99969,100,100397,100,99955,100,100400,100,99940,100,100502,100,99933,100,100572,100,99930,100,101014,100,99928,100
2019-06-28 09:59:20.000000000,100226,482,100044,482,100281,100,99983,100,100294,100,99982,100,100366,100,99972,200,100397,100,99969,100,100400,100,99955,100,100502,100,99940,100,100572,100,99933,100,101014,100,99930,100,101069,100,99928,100
2019-06-28 09:59:21.499860852,100226,482,100044,482,100281,100,99983,100,100294,100,99982,100,100366,100,99972,200,100397,100,99969,100,100400,100,99955,100,100502,100,99940,100,100572,100,99933,100,100689,100,99930,100,101014,100,99928,100
2019-06-28 09:59:21.925072390,100226,382,100044,482,100281,100,99983,100,100294,100,99982,100,100366,100,99972,200,100397,100,99969,100,100400,100,99955,100,100502,100,99940,100,100541,100,99933,100,100572,100,99930,100,100689,100,99928,100
2019-06-28 09:59:25.345242697,100226,382,100044,482,100281,100,99983,100,100294,100,99982,100,100366,100,99972,100,100397,100,99969,100,100400,100,99955,100,100502,100,99940,100,100541,100,99933,100,100572,100,99930,100,100689,100,99928,100
2019-06-28 09:59:30.000000000,100281,196,100044,196,100294,196,99983,196,100366,196,99982,196,100397,196,99972,196,100400,100,99969,100,100502,100,99955,100,100541,100,99940,100,100572,100,99933,100,100689,100,99930,100,101014,100,99928,100
2019-06-28 09:59:40.000000000,100281,230,100044,230,100294,226,99983,226,100366,226,99982,226,100397,100,99972,100,100400,100,99969,100,100502,100,99955,100,100541,100,99940,100,100572,100,99933,100,100689,100,99930,100,101014,100,99928,100
2019-06-28 09:59:50.000000000,100281,230,100044,230,100294,226,99983,226,100366,226,99982,226,100397,100,99972,100,100400,100,99969,100,100502,100,99955,100,100541,100,99940,100,100572,100,99933,100,100689,100,99930,100,101014,100,99928,100
2019-06-28 10:00:00.000000000,100281,230,100044,230,100294,226,99983,226,100366,226,99982,226,100397,100,99972,100,100400,100,99969,100,100502,100,99955,100,100541,100,99940,100,100572,100,99933,100,100689,100,99930,100,101014,100,99928,100
2019-06-28 10:00:04.319278117,100281,230,100044,230,100294,226,99983,226,100346,100,99982,226,100366,226,99972,100,100397,100,99969,100,100400,100,99955,100,100502,100,99940,100,100541,100,99933,100,100572,100,99930,100,100689,100,99928,100
2019-06-28 10:00:05.533956377,100281,130,100044,230,100294,226,99983,226,100346,100,99982,226,100366,226,99972,100,100397,100,99969,100,100400,100,99955,100,100502,100,99933,100,100541,100,99930,100,100572,100,99928,100,100689,100,99907,100
2019-06-28 10:00:10.000000000,100294,176,100044,176,100346,176,99983,176,100366,176,99982,176,100397,176,99972,176,100400,176,99969,176,100502,100,99955,100,100541,100,99933,100,100572,100,99930,100,100689,100,99928,100,101014,100,99907,100
2019-06-28 10:00:16.879784333,100294,176,100044,176,100346,176,99983,176,100366,176,99982,176,100397,176,99972,176,100400,176,99969,176,100502,100,99955,100,100541,100,99930,100,100572,100,99928,100,100620,100,99907,100,100689,100,99896,100
2019-06-28 10:00:20.000000000,100294,176,100044,176,100346,176,99983,176,100366,176,99982,176,100397,176,99972,176,100400,176,99969,176,100502,100,99955,100,100541,100,99930,100,100572,100,99928,100,100620,100,99907,100,100689,100,99896,100
2019-06-28 10:00:30.000000000,100294,196,100044,196,100346,196,99983,196,100366,196,99982,196,100397,196,99972,196,100400,100,99969,100,100502,100,99955,100,100541,100,99930,100,100572,100,99928,100,100620,100,99907,100,100689,100,99896,100
2019-06-28 10:00:31.674487585,100294,96,100044,196,100346,196,99983,196,100366,196,99982,196,100397,196,99972,196,100400,100,99969,100,100502,100,99955,100,100541,100,99930,100,100572,100,99928,100,100620,100,99907,100,100689,100,99896,100
2019-06-28 10:00:40.000000000,100346,230,100044,230,100366,226,99983,226,100397,226,99982,226,100400,100,99972,100,100502,100,99969,100,100541,100,99955,100,100572,100,99930,100,100620,100,99928,100,100689,100,99907,100,101014,100,99896,100
2019-06-28 10:00:40.158106282,100280,100,100044,230,100346,230,99983,226,100366,226,99982,226,100397,226,99972,100,100400,100,99969,100,100502,100,99955,100,100541,100,99930,100,100572,100,99928,100,100620,100,99907,100,100689,100,99896,100
2019-06-28 10:00:50.000000000,100280,291,100044,291,100346,291,99983,291,100366,100,99982,100,100397,100,99972,100,100400,100,99969,100,100502,100,99955,100,100541,100,99930,100,100572,100,99928,100,100620,100,99907,100,100689,100,99896,100
2019-06-28 10:00:51.765216608,100280,191,100044,291,100346,291,99983,291,100366,100,99982,100,100397,100,99969,100,100400,100,99955,100,100502,100,99930,100,100541,100,99928,100,100572,100,99907,100,100620,100,99896,100,100689,100,99894,100
2019-06-28 10:01:00.000000000,100346,482,100044,482,100366,100,99983,100,100397,100,99982,100,100400,100,99969,100,100502,100,99955,100,100541,100,99930,100,100572,100,99928,100,100620,100,99907,100,100689,100,99896,100,101014,100,99894,100
2019-06-28 10:01:10.000000000,100346,291,100044,291,100366,291,99983,291,100397,100,99982,100,100400,100,99969,100,100502,100,99955,100,100541,100,99930,100,100572,100,99928,100,100620,100,99907,100,100689,100,99896,100,101014,100,99894,100
2019-06-28 10:01:14.992896630,100346,191,100044,291,100366,291,99983,291,100397,100,99982,100,100400,100,99969,100,100502,100,99955,100,100541,100,99930,100,100572,100,99928,100,100620,100,99907,100,100689,100,99896,100,101014,100,99894,100
2019-06-28 10:01:15.165372577,100346,191,100313,100,100366,291,100044,291,100397,100,99983,291,100400,100,99982,100,100502,100,99969,100,100541,100,99955,100,100572,100,99930,100,100620,100,99928,100,100689,100,99907,100,101014,100,99896,100
2019-06-28 10:01:16.811409367,100346,191,100313,100,100366,291,100280,100,100397,100,100044,291,100400,100,99983,291,100502,100,99969,100,100541,100,99955,100,100572,100,99930,100,100620,100,99928,100,100689,100,99907,100,101014,100,99896,100
2019-06-28 10:01:18.869405252,100346,91,100313,100,100366,291,100280,100,100397,100,100044,291,100400,100,99983,291,100502,100,99969,100,100541,100,99955,100,100572,100,99930,100,100620,100,99928,100,100689,100,99907,100,101014,100,99896,100
2019-06-28 10:01:18.923788627,100346,91,100313,100,100366,291,100280,100,100397,100,100044,291,100400,100,99983,191,100502,100,99969,100,100541,100,99955,100,100572,100,99930,100,100620,100,99928,100,100689,100,99907,100,101014,100,99896,100
2019-06-28 10:01:20.000000000,100366,176,100313,176,100397,176,100280,176,100400,176,100044,176,100502,176,99969,176,100541,176,99955,176,100572,100,99930,100,100620,100,99928,100,100689,100,99907,100,101014,100,99896,100,101069,100,99894,100
2019-06-28 10:01:20.393727192,100366,76,100313,176,100397,176,100280,176,100400,176,100044,176,100502,176,99969,176,100541,176,99955,176,100572,100,99930,100,100620,100,99928,100,100689,100,99907,100,101014,100,99896,100,101069,100,99894,100
2019-06-28 10:01:23.032479510,100397,176,100366,24,100400,176,100313,176,100502,176,100280,176,100541,176,100044,176,100572,100,99969,176,100620,100,99955,176,100689,100,99930,100,101014,100,99928,100,101069,100,99907,100,,,99896,100
2019-06-28 10:01:30.000000000,100397,196,100366,120,100400,196,100313,196,100502,196,100280,196,100541,196,100044,196,100572,100,99969,100,100620,100,99955,100,100689,100,99930,100,101014,100,99928,100,101069,100,99907,100,,,99896,100
2019-06-28 10:01:40.000000000,100397,176,100366,100,100400,176,100313,176,100502,176,100280,176,100541,176,100044,176,100572,176,99969,176,100620,100,99955,100,100689,100,99930,100,101014,100,99928,100,101069,100,99907,100,,,99896,100
2019-06-28 10:01:46.031773415,100397,176,100366,200,100400,176,100313,176,100502,176,100280,176,100541,176,100044,176,100572,176,99969,176,100620,100,99955,100,100689,100,99930,100,101014,100,99928,100,101069,100,99907,100,,,99896,100
2019-06-28 10:01:46.269091865,100397,176,100366,200,100400,176,100313,176,100502,176,100280,176,100541,176,100168,100,100572,176,100044,176,100689,100,99969,176,101014,100,99955,100,101069,100,99930,100,,,99928,100,,,99907,100
2019-06-28 10:01:49.057701737,100397,176,100366,200,100400,176,100313,176,100412,100,100280,176,100502,176,100168,100,100541,176,100044,176,100572,176,99969,176,101014,100,99955,100,101069,100,99930,100,,,99928,100,,,99907,100
2019-06-28 10:01:50.000000000,100397,291,100366,315,100400,291,100313,291,100412,100,100280,100,100502,100,100168,100,100541,100,100044,100,100572,100,99969,100,101014,100,99955,100,101069,100,99930,100,,,99928,100,,,99907,100
2019-06-28 10:01:51.328085984,100397,291,100366,315,100400,291,100360,100,100412,100,100313,291,100502,100,100280,100,100541,100,100168,100,100572,100,100044,100,101014,100,99969,100,101069,100,99955,100,,,99930,100,,,99928,100
2019-06-28 10:01:59.998328645,100397,291,100366,315,100400,291,100360,100,100412,100,100313,291,100502,100,100280,100,100541,100,100168,100,100572,100,100044,100,100695,100,99969,100,101014,100,99955,100,101069,100,99930,100,,,99928,100
2019-06-28 10:02:00.000000000,100397,482,100366,506,100400,100,100360,100,100412,100,100313,100,100502,100,100280,100,100541,100,100168,100,100572,100,100044,100,100695,100,99969,100,101014,100,99955,100,101069,100,99930,100,,,99928,100
2019-06-28 10:02:06.524250814,100397,382,100366,506,100400,100,100360,100,100412,100,100313,100,100502,100,100280,100,100541,100,100168,100,100572,100,100044,100,100695,100,99969,100,101014,100,99955,100,101069,100,99930,100,,,99928,100
2019-06-28 10:02:09.423503816,100397,382,100366,506,100400,100,100360,100,100412,100,100313,100,100502,100,100280,100,100541,100,100168,100,100572,100,100044,100,100604,100,99969,100,100695,100,99955,100,101014,100,99930,100,101069,100,99928,100
2019-06-28 10:02:09.679615666,100397,282,100366,506,100400,100,100360,100,100412,100,100313,100,100502,100,100280,100,100541,100,100168,100,100572,100,100044,100,100604,100,99969,100,100695,100,99955,100,101069,100,99930,100,,,99928,100
2019-06-28 10:02:10.000000000,100400,176,100366,200,100412,176,100360,176,100502,176,100313,176,100541,176,100280,176,100572,176,100168,176,100604,100,100044,100,100695,100,99969,100,101069,100,99955,100,,,99930,100,,,99928,100
2019-06-28 10:02:20.000000000,100400,482,100366,506,100412,100,100360,100,100502,100,100313,100,100541,100,100280,100,100572,100,100168,100,100604,100,100044,100,100695,100,99969,100,101069,100,99955,100,,,99930,100,,,99928,100
2019-06-28 10:02:28.196963874,100400,482,100397,100,100412,100,100366,506,100502,100,100360,100,100541,100,100313,100,100572,100,100280,100,100604,100,100168,100,100695,100,100044,100,101069,100,99969,100,,,99955,100,,,99930,100
2019-06-28 10:02:30.000000000,100400,291,100397,291,100412,291,100366,315,100502,100,100360,100,100541,100,100313,100,100572,100,100280,100,100604,100,100168,100,100695,100,100044,100,101069,100,99969,100,,,99955,100,,,99930,100
2019-06-28 10:02:40.000000000,100400,291,100397,291,100412,291,100366,315,100502,100,100360,100,100541,100,100313,100,100572,100,100280,100,100604,100,100168,100,100695,100,100044,100,101069,100,99969,100,,,99955,100,,,99930,100
2019-06-28 10:02:45.399973135,100400,191,100397,291,100412,291,100366,315,100502,100,100360,100,100541,100,100313,100,100572,100,100280,100,100604,100,100168,100,100695,100,100044,100,101069,100,99969,100,,,99955,100,,,99930,100
2019-06-28 10:02:50.000000000,100412,176,100397,176,100502,176,100366,200,100541,176,100360,176,100572,176,100313,176,100604,176,100280,176,100695,100,100168,100,101069,100,100044,100,,,99969,100,,,99955,100,,,99930,100
2019-06-28 10:03:00.000000000,100412,230,100397,230,100502,226,100366,250,100541,226,100360,226,100572,100,100313,100,100604,100,100280,100,100695,100,100168,100,101069,100,100044,100,,,99969,100,,,99955,100,,,99930,100
2019-06-28 10:03:04.552204104,100412,230,100398,100,100502,226,100397,230,100541,226,100366,250,100572,100,100360,226,100604,100,100313,100,100695,100,100280,100,101069,100,100168,100,,,100044,100,,,99969,100,,,99955,100
2019-06-28 10:03:08.434132750,100412,230,100398,100,100502,226,100397,230,100541,226,100366,250,100572,100,100360,226,100604,100,100313,100,100679,100,100280,100,100695,100,100168,100,101069,100,100044,100,,,99969,100,,,99955,100
2019-06-28 10:03:10.000000000,100412,482,100398,482,100502,100,100397,100,100541,100,100366,124,100572,100,100360,100,100604,100,100313,100,100679,100,100280,100,100695,100,100168,100,101069,100,100044,100,,,99969,100,,,99955,100
2019-06-28 10:03:20.000000000,100412,482,100398,482,100502,100,100397,100,100541,100,100366,124,100572,100,100360,100,100604,100,100313,100,100679,100,100280,100,100695,100,100168,100,101069,100,100044,100,,,99969,100,,,99955,100
2019-06-28 10:03:30.000000000,100412,230,100398,230,100502,226,100397,226,100541,226,100366,250,100572,100,100360,100,100604,100,100313,100,100679,100,100280,100,100695,100,100168,100,101069,100,100044,100,,,99969,100,,,99955,100
2019-06-28 10:03:34.762682568,100412,230,100398,330,100502,226,100397,226,100541,226,100366,250,100572,100,100360,100,100604,100,100313,100,100679,100,100280,100,100695,100,100168,100,101069,100,100044,100,,,99969,100,,,99955,100
2019-06-28 10:03:36.134119031,100412,130,100398,330,100502,226,100397,226,100541,226,100366,250,100572,100,100360,100,100604,100,100313,100,100679,100,100280,100,100695,100,100168,100,101069,100,100044,100,,,99969,100,,,99955,100
2019-06-28 10:03:40.000000000,100502,196,100398,296,100541,196,100397,196,100572,196,100366,220,100604,196,100360,196,100679,100,100313,100,100695,100,100280,100,101069,100,100168,100,,,100044,100,,,99969,100,,,99955,100
2019-06-28 10:03:50.000000000,100502,176,100398,276,100541,176,100397,176,100572,176,100366,200,100604,176,100360,176,100679,176,100313,176,100695,100,100280,100,101069,100,100168,100,,,100044,100,,,99969,100,,,99955,100
2019-06-28 10:03:55.875784261,100502,176,100398,276,100541,176,100397,176,100572,176,100366,200,100604,176,100360,176,100679,176,100313,176,100695,100,100280,100,101069,100,100168,100,,,100044,100,,,100027,100,,,99969,100
2019-06-28 10:04:00.000000000,100502,230,100398,330,100541,226,100397,226,100572,226,100366,250,100604,100,100360,100,100679,100,100313,100,100695,100,100280,100,101069,100,100168,100,,,100044,100,,,100027,100,,,99969,100
2019-06-28 10:04:03.096518124,100399,100,100398,330,100502,230,100397,226,100541,226,100366,250,100572,226,100360,100,100604,100,100313,100,100679,100,100280,100,100695,100,100168,100,101069,100,100044,100,,,100027,100,,,99969,100
2019-06-28 10:04:09.184440707,100399,100,100398,330,100502,230,100397,226,100541,226,100366,250,100572,226,100360,100,100604,100,100313,100,100679,100,100309,100,100695,100,100280,100,101069,100,100168,100,,,100044,100,,,99969,100
2019-06-28 10:04:10.000000000,100399,196,100398,296,100502,196,100397,196,100541,196,100366,220,100572,196,100360,196,100604,100,100313,100,100679,100,100309,100,100695,100,100280,100,101069,100,100168,100,,,100044,100,,,99969,100
2019-06-28 10:04:20.000000000,100399,176,100398,276,100502,176,100397,176,100541,176,100366,200,100572,176,100360,176,100604,176,100313,176,100679,100,100309,100,100695,100,100280,100,101069,100,100168,100,,,100044,100,,,99969,100
2019-06-28 10:04:20.773032014,100399,176,100398,176,100502,176,100397,176,100541,176,100366,200,100572,176,100360,176,100604,176,100313,176,100679,100,100309,100,100695,100,100280,100,101069,100,100168,100,,,100044,100,,,99969,100
2019-06-28 10:04:29.383620158,100399,176,100398,176,100502,176,100397,176,100541,176,100366,200,100572,176,100360,176,100604,176,100313,176,100679,100,100309,100,100695,100,100280,100,101069,100,100168,100,,,100124,100,,,100044,100
2019-06-28 10:04:29.609992125,100399,176,100398,176,100502,176,100397,176,100541,176,100366,200,100572,176,100360,176,100604,176,100313,176,100679,100,100309,100,100695,100,100280,100,101069,100,100168,100,,,100124,100,,,100044,100
2019-06-28 10:04:30.000000000,100399,230,100398,230,100502,226,100397,226,100541,226,100366,250,100572,100,100360,100,100604,100,100313,100,100679,100,100309,100,100695,100,100280,100,101069,100,100168,100,,,100124,100,,,100044,100
2019-06-28 10:04:40.000000000,100399,230,100398,230,100502,226,100397,226,100541,226,100366,250,100572,100,100360,100,100604,100,100313,100,100679,100,100309,100,100695,100,100280,100,101069,100,100168,100,,,100124,100,,,100044,100
2019-06-28 10:04:50.000000000,100399,482,100398,482,100502,100,100397,100,100541,100,100366,124,100572,100,100360,100,100604,100,100313,100,100679,100,100309,100,100695,100,100280,100,101069,100,100168,100,,,100124,100,,,100044,100
2019-06-28 10:05:00.000000000,100399,176,100398,176,100502,176,100397,176,100541,176,100366,200,100572,176,100360,176,100604,176,100313,176,100679,100,100309,100,100695,100,100280,100,101069,100,100168,100,,,100124,100,,,100044,100
2019-06-28 10:05:02.574882420,100399,176,100398,76,100502,176,100397,176,100541,176,100366,200,100572,176,100360,176,100604,176,100313,176,100679,100,100309,100,100695,100,100280,100,101069,100,100168,100,,,100124,100,,,100044,100
2019-06-28 10:05:10.000000000,100399,230,100397,230,100502,226,100366,250,100541,226,100360,226,100572,100,100313,100,100604,100,100309,100,100679,100,100280,100,100695,100,100168,100,101069,100,100124,100,,,100044,100,,,99969,100
2019-06-28 10:05:20.000000000,100399,176,100397,176,100502,176,100366,200,100541,176,100360,176,100572,176,100313,176,100604,176,100309,176,100679,100,100280,100,100695,100,100168,100,101069,100,100124,100,,,100044,100,,,99969,100
2019-06-28 10:05:30.000000000,100399,482,100397,482,100502,100,100366,124,100541,100,100360,100,100572,100,100313,100,100604,100,100309,100,100679,100,100280,100,100695,100,100168,100,101069,100,100124,100,,,100044,100,,,99969,100
2019-06-28 10:05:30.452154567,100399,482,100397,482,100502,100,100366,124,100541,100,100360,100,100572,100,100313,100,100604,100,100309,100,100679,100,100280,100,100695,100,100168,100,101069,100,100124,100,,,100044,100,,,99930,100
2019-06-28 10:05:40.000000000,100399,291,100397,291,100502,291,100366,315,100541,100,100360,100,100572,100,100313,100,100604,100,100309,100,100679,100,100280,100,100695,100,100168,100,101069,100,100124,100,,,100044,100,,,99930,100
2019-06-28 10:05:41.174002436,100399,291,100397,291,100502,291,100366,315,100541,100,100360,100,100572,100,100313,100,100604,100,100309,100,100618,100,100280,100,100679,100,100168,100,100695,100,100124,100,101069,100,100044,100,,,99930,100
2019-06-28 10:05:43.921136573,100399,191,100397,291,100502,291,100366,315,100541,100,100360,100,100572,100,100313,100,100604,100,100309,100,100618,100,100280,100,100679,100,100168,100,100695,100,100124,100,101069,100,100044,100,,,99930,100
