,ask_price_1,ask_size_1,bid_price_1,bid_size_1,ask_price_2,ask_size_2,bid_price_2,bid_size_2,ask_price_3,ask_size_3,bid_price_3,bid_size_3,ask_price_4,ask_size_4,bid_price_4,bid_size_4,ask_price_5,ask_size_5,bid_price_5,bid_size_5,ask_price_6,ask_size_6,bid_price_6,bid_size_6,ask_price_7,ask_size_7,bid_price_7,bid_size_7,ask_price_8,ask_size_8,bid_price_8,bid_size_8,ask_price_9,ask_size_9,bid_price_9,bid_size_9,ask_price_10,ask_size_10,bid_price_10,bid_size_10
2019-06-28 09:30:00.000000002,,,99800,100,,,,,,,,,,,,,,,,,,,,,,,,,,,,,,,,,,,,
2019-06-28 09:30:00.000000003,100018,100,99857,100,,,99800,100,,,,,,,,,,,,,,,,,,,,,,,,,,,,,,,,
2019-06-28 09:30:00.000000004,100018,100,99976,100,,,99857,100,,,99800,100,,,,,,,,,,,,,,,,,,,,,,,,,,,,
2019-06-28 09:30:00.000000006,100018,100,100004,100,,,99976,100,,,99857,100,,,99800,100,,,,,,,,,,,,,,,,,,,,,,,,
2019-06-28 09:30:00.000000007,100018,100,100004,100,100033,100,99976,100,,,99857,100,,,99800,100,,,,,,,,,,,,,,,,,,,,,,,,
2019-06-28 09:30:00.000000009,100018,100,100004,100,100033,100,99976,100,100058,100,99857,100,,,99800,100,,,,,,,,,,,,,,,,,,,,,,,,
2019-06-28 09:30:00.000000010,100018,100,100004,100,100033,100,99976,100,100058,100,99857,100,100156,100,99800,100,,,,,,,,,,,,,,,,,,,,,,,,
2019-06-28 09:30:00.000000011,100018,100,100004,100,100033,100,99976,100,100058,100,99944,100,100156,100,99857,100,,,99800,100,,,,,,,,,,,,,,,,,,,,
2019-06-28 09:30:00.000000012,100018,100,100004,100,100033,100,99976,100,100058,100,99944,100,100156,100,99857,100,,,99812,100,,,99800,100,,,,,,,,,,,,,,,,
2019-06-28 09:30:00.000000014,100018,100,100004,100,100033,100,99976,100,100058,100,99944,100,100156,100,99926,100,,,99857,100,,,99812,100,,,99800,100,,,,,,,,,,,,
2019-06-28 09:30:00.000000018,100018,100,99980,100,100033,100,99976,100,100058,100,99944,100,100120,100,99926,100,100156,100,99857,100,,,99812,100,,,99800,100,,,,,,,,,,,,
2019-06-28 09:30:00.000000019,100018,100,99980,100,100033,100,99976,100,100058,100,99952,100,100120,100,99944,100,100156,100,99926,100,,,99857,100,,,99812,100,,,99800,100,,,,,,,,
2019-06-28 09:30:00.000000020,100018,100,99980,100,100033,100,99976,100,100058,100,99952,100,100116,100,99944,100,100120,100,99926,100,100156,100,99857,100,,,99812,100,,,99800,100,,,,,,,,
2019-06-28 09:30:00.000000021,100018,100,99980,100,100033,100,99976,100,100058,100,99952,100,100116,100,99944,100,100120,100,99926,100,100156,100,99857,100,100164,100,99812,100,,,99800,100,,,,,,,,
2019-06-28 09:30:00.000000022,100018,100,99980,100,100033,100,99976,100,100058,100,99952,100,100116,100,99944,100,100120,100,99926,100,100156,100,99925,100,100164,100,99908,100,,,99857,100,,,99812,100,,,99800,100
2019-06-28 09:30:00.000000024,100018,100,99980,100,100033,100,99976,100,100058,100,99959,100,100116,100,99952,100,100120,100,99944,100,100156,100,99926,100,100164,100,99925,100,,,99908,100,,,99857,100,,,99812,100
2019-06-28 09:30:00.000000025,100018,100,99980,100,100033,100,99976,100,100058,100,99959,100,100116,100,99952,100,100120,100,99944,100,100156,100,99926,100,100164,100,99925,100,,,99908,100,,,99857,100,,,99824,100
2019-06-28 09:30:00.000000029,100018,100,99980,100,100033,100,99976,100,100040,100,99959,100,100058,100,99952,100,100116,100,99944,100,100120,100,99926,100,100156,100,99925,100,100164,100,99908,100,,,99857,100,,,99824,100
2019-06-28 09:30:00.000000030,100018,100,99980,100,100033,100,99976,100,100040,100,99959,100,100058,100,99952,100,100093,100,99944,100,100116,100,99926,100,100120,100,99925,100,100156,100,99908,100,100164,100,99857,100,,,99824,100
2019-06-28 09:30:00.000000032,100018,100,99980,100,100033,100,99976,100,100040,100,99959,100,100058,100,99952,100,100093,100,99944,100,100116,100,99926,100,100120,100,99925,100,100156,100,99919,100,100164,100,99908,100,,,99857,100
2019-06-28 09:30:00.000000034,100018,100,99980,100,100033,100,99976,100,100040,100,99959,100,100058,100,99952,100,100093,100,99944,100,100116,100,99926,100,100120,100,99925,100,100135,100,99919,100,100156,100,99908,100,100164,100,99857,100
2019-06-28 09:30:00.000000036,100018,100,99980,100,100033,100,99976,100,100040,100,99959,100,100058,100,99952,100,100093,100,99949,100,100116,100,99944,100,100120,100,99926,100,100135,100,99925,100,100156,100,99919,100,100164,100,99908,100
2019-06-28 09:30:00.000000038,100033,100,99980,100,100040,100,99976,100,100058,100,99959,100,100093,100,99952,100,100116,100,99949,100,100120,100,99944,100,100135,100,99926,100,100156,100,99925,100,100164,100,99919,100,,,99908,100
2019-06-28 09:30:00.000000041,100018,100,99980,100,100033,100,99976,100,100040,100,99959,100,100058,100,99952,100,100093,100,99949,100,100116,100,99944,100,100120,100,99926,100,100135,100,99925,100,100156,100,99919,100,100164,100,99908,100
2019-06-28 09:30:00.000000044,99993,100,99980,100,100018,100,99976,100,100033,100,99959,100,100040,100,99952,100,100058,100,99949,100,100093,100,99944,100,100116,100,99926,100,100120,100,99925,100,100135,100,99919,100,100156,100,99908,100
2019-06-28 09:30:00.000000047,99993,100,99980,100,100018,100,99976,100,100033,100,99959,100,100040,100,99952,100,100058,100,99949,100,100093,100,99944,100,100098,100,99926,100,100116,100,99925,100,100120,100,99919,100,100135,100,99908,100
2019-06-28 09:30:00.000000050,99993,100,99980,100,100018,100,99976,100,100033,100,99959,100,100040,100,99952,100,100058,100,99949,100,100093,100,99944,100,100098,100,99926,100,100116,100,99925,100,100120,100,99919,100,100135,100,99908,100
2019-06-28 09:30:00.000000052,99993,100,99980,100,100014,100,99976,100,100018,200,99959,100,100033,100,99952,100,100040,100,99949,100,100058,100,99944,100,100093,100,99926,100,100098,100,99925,100,100116,100,99919,100,100120,100,99915,100
2019-06-28 09:30:00.000000054,100014,100,99980,100,100018,200,99976,100,100033,100,99959,100,100040,100,99952,100,100058,100,99949,100,100093,100,99944,100,100098,100,99926,100,100116,100,99925,100,100120,100,99919,100,100135,100,99915,100
2019-06-28 09:30:00.000000056,99994,100,99980,100,100014,100,99976,100,100018,200,99959,100,100033,100,99952,100,100040,100,99949,100,100058,100,99944,100,100093,100,99926,100,100098,100,99925,100,100116,100,99919,100,100120,100,99915,100
2019-06-28 09:30:00.000000057,99994,100,99980,100,100010,100,99976,100,100014,100,99959,100,100018,200,99952,100,100033,100,99949,100,100040,100,99944,100,100058,100,99926,100,100093,100,99925,100,100098,100,99919,100,100116,100,99915,100
2019-06-28 09:30:00.000000058,99994,100,99980,100,100010,100,99976,100,100014,100,99959,100,100018,200,99952,100,100033,100,99949,100,100040,100,99944,100,100058,100,99926,100,100093,100,99925,100,100098,100,99919,100,100116,100,99915,100
2019-06-28 09:30:00.000000059,99994,100,99980,100,100010,100,99976,100,100014,100,99968,100,100018,200,99959,100,100033,100,99952,100,100040,100,99949,100,100058,100,99944,100,100093,100,99926,100,100098,100,99925,100,100116,100,99919,100
2019-06-28 09:30:00.000000060,100010,100,99976,100,100014,100,99968,100,100018,200,99959,100,100033,100,99952,100,100040,100,99949,100,100058,100,99944,100,100093,100,99926,100,100098,100,99925,100,100116,100,99919,100,100120,100,99915,100
2019-06-28 09:30:00.000000061,100010,100,99976,100,100014,100,99968,100,100018,200,99959,100,100033,100,99952,100,100040,100,99949,100,100058,100,99944,100,100075,100,99926,100,100093,100,99925,100,100098,100,99919,100,100116,100,99915,100
2019-06-28 09:30:00.000000068,100008,100,99976,100,100010,100,99968,100,100014,100,99959,100,100018,200,99952,100,100033,100,99949,100,100040,100,99944,100,100058,100,99926,100,100075,100,99925,100,100093,100,99919,100,100097,100,99915,100
2019-06-28 09:30:00.000000070,100008,100,99976,100,100010,100,99968,100,100014,100,99959,100,100018,200,99952,100,100033,100,99949,100,100040,100,99944,100,100046,100,99926,100,100058,100,99925,100,100075,100,99919,100,100093,100,99915,100
2019-06-28 09:30:00.000000071,100008,100,99976,100,100010,100,99968,100,100014,100,99959,100,100018,200,99952,100,100033,100,99949,100,100040,100,99944,100,100046,100,99926,100,100058,100,99925,100,100075,100,99919,100,100093,100,99915,100
2019-06-28 09:30:00.000000072,100010,100,99976,100,100014,100,99968,100,100018,200,99959,100,100033,100,99952,100,100040,100,99949,100,100046,100,99944,100,100058,100,99926,100,100075,100,99925,100,100093,100,99919,100,100097,100,99915,100
2019-06-28 09:30:00.000000074,100010,100,99976,100,100014,100,99968,100,100018,200,99959,100,100033,100,99952,100,100040,100,99949,100,100046,100,99944,100,100056,100,99926,100,100058,100,99925,100,100075,100,99919,100,100093,100,99915,100
2019-06-28 09:30:00.000000076,100010,100,99976,100,100014,100,99968,100,100018,200,99959,100,100033,100,99952,100,100040,100,99949,100,100046,100,99944,100,100056,100,99926,100,100058,100,99925,100,100075,100,99919,100,100093,100,99915,100
2019-06-28 09:30:00.000000080,100010,100,99976,100,100014,100,99968,100,100018,200,99959,100,100033,100,99952,100,100040,100,99949,100,100046,100,99944,100,100056,100,99926,100,100058,100,99925,100,100064,100,99919,100,100075,100,99915,100
2019-06-28 09:30:00.000000081,100010,100,99976,100,100014,100,99968,100,100018,200,99959,100,100023,100,99952,100,100033,100,99949,100,100040,100,99944,100,100046,100,99926,100,100056,100,99925,100,100058,100,99919,100,100064,100,99915,100
2019-06-28 09:30:00.000000083,100010,100,99976,100,100014,100,99968,100,100018,200,99959,100,100023,100,99952,100,100033,100,99949,100,100040,100,99944,200,100046,100,99926,100,100056,100,99925,100,100058,100,99919,100,100064,100,99915,100
2019-06-28 09:30:00.000000085,100014,100,100008,100,100018,200,99976,100,100023,100,99968,100,100033,100,99959,100,100039,100,99952,100,100040,100,99949,100,100046,100,99944,200,100056,100,99926,100,100058,100,99925,100,100064,100,99919,100
2019-06-28 09:30:00.000000091,100014,100,99976,100,100018,200,99968,100,100023,100,99959,100,100033,100,99952,100,100039,100,99949,100,100040,100,99944,200,100046,100,99926,100,100056,100,99925,100,100058,100,99919,100,100064,100,99915,100
2019-06-28 09:30:00.000000095,100014,100,99976,100,100018,200,99968,100,100023,100,99959,100,100033,100,99952,100,100039,100,99949,100,100040,100,99944,200,100046,100,99926,100,100056,100,99925,100,100058,100,99919,100,100064,100,99915,100
2019-06-28 09:30:00.000000097,100014,100,99976,100,100018,200,99968,100,100023,100,99959,100,100033,100,99952,100,100039,100,99949,100,100040,100,99944,200,100046,100,99926,100,100056,100,99925,100,100058,100,99919,100,100064,100,99915,100
2019-06-28 09:30:00.000000099,100014,100,99976,100,100018,200,99968,100,100023,100,99959,100,100033,100,99952,100,100039,100,99949,100,100040,100,99944,200,100046,100,99926,100,100056,100,99925,100,100058,100,99919,100,100064,200,99915,100
2019-06-28 09:30:10.000000000,100014,390,99976,390,100018,200,99968,100,100023,100,99959,100,100033,100,99952,100,100039,100,99949,100,100040,100,99944,200,100046,100,99926,100,100056,100,99925,100,100058,100,99919,100,100064,200,99915,100
2019-06-28 09:30:20.000000000,100014,245,99976,245,100018,345,99968,245,100023,100,99959,100,100033,100,99952,100,100039,100,99949,100,100040,100,99944,200,100046,100,99926,100,100056,100,99925,100,100058,100,99919,100,100064,200,99915,100
2019-06-28 09:30:30.000000000,100014,158,99976,158,100018,258,99968,158,100023,158,99959,158,100033,158,99952,158,100039,158,99949,158,100040,100,99944,200,100046,100,99926,100,100056,100,99925,100,100058,100,99919,100,100064,200,99915,100
2019-06-28 09:30:39.611340394,100014,158,99976,158,100018,258,99968,158,100023,158,99959,158,100033,158,99952,158,100039,158,99949,158,100040,100,99944,200,100046,100,99926,100,100056,100,99925,100,100058,100,99919,100,100064,200,99915,100
2019-06-28 09:30:40.000000000,100014,245,99976,245,100018,345,99968,245,100023,100,99959,100,100033,100,99952,100,100039,100,99949,100,100040,100,99944,200,100046,100,99926,100,100056,100,99925,100,100058,100,99919,100,100064,200,99915,100
2019-06-28 09:30:42.271414076,100010,100,99976,245,100014,245,99968,245,100018,345,99959,100,100023,100,99952,100,100033,100,99949,100,100039,100,99944,200,100040,100,99926,100,100046,100,99925,100,100056,100,99919,100,100058,100,99915,100
2019-06-28 09:30:50.000000000,100010,158,99976,158,100014,158,99968,158,100018,258,99959,158,100023,158,99952,158,100033,158,99949,158,100039,100,99944,200,100040,100,99926,100,100046,100,99925,100,100056,100,99919,100,100058,100,99915,100
2019-06-28 09:31:00.000000000,100010,158,99976,158,100014,158,99968,158,100018,258,99959,158,100023,158,99952,158,100033,158,99949,158,100039,100,99944,200,100040,100,99926,100,100046,100,99925,100,100056,100,99919,100,100058,100,99915,100
2019-06-28 09:31:03.036911354,100010,158,99976,158,100014,158,99968,158,100018,258,99959,158,100023,158,99952,158,100033,158,99949,158,100039,100,99944,200,100040,100,99926,100,100046,100,99925,100,100056,100,99919,100,100058,100,99915,100
2019-06-28 09:31:10.000000000,100010,245,99976,245,100014,245,99968,245,100018,200,99959,100,100023,100,99952,100,100033,100,99949,100,100039,100,99944,200,100040,100,99926,100,100046,100,99925,100,100056,100,99919,100,100058,100,99915,100
2019-06-28 09:31:10.927433822,100010,245,99976,245,100014,245,99968,245,100018,200,99959,100,100023,100,99952,100,100033,100,99949,100,100039,100,99944,200,100040,100,99926,100,100046,100,99925,100,100056,100,99919,100,100058,100,99915,100
2019-06-28 09:31:13.714628730,100010,145,99976,245,100014,245,99968,245,100018,200,99959,100,100023,100,99952,100,100033,100,99949,100,100039,100,99944,200,100040,100,99926,100,100056,100,99925,100,100058,100,99919,100,100064,200,99915,100
2019-06-28 09:31:20.000000000,100014,172,99976,172,100018,272,99968,172,100023,172,99959,172,100033,172,99952,172,100039,100,99949,100,100040,100,99944,200,100056,100,99926,100,100058,100,99925,100,100064,200,99919,100,100084,100,99915,100
2019-06-28 09:31:24.072535443,100014,172,100008,100,100018,272,99976,172,100023,172,99968,172,100033,172,99959,172,100039,100,99952,172,100040,100,99949,100,100056,100,99944,200,100058,100,99926,100,100064,200,99925,100,100084,100,99919,100
2019-06-28 09:31:30.000000000,100014,199,100008,199,100018,296,99976,196,100023,196,99968,196,100033,100,99959,100,100039,100,99952,100,100040,100,99949,100,100056,100,99944,200,100058,100,99926,100,100064,200,99925,100,100084,100,99919,100
2019-06-28 09:31:35.807100629,100014,199,100008,199,100018,296,99976,196,100023,196,99968,196,100033,100,99959,100,100039,100,99952,100,100040,100,99944,200,100056,100,99926,100,100058,100,99925,100,100064,200,99919,100,100084,100,99915,100
2019-06-28 09:31:40.000000000,100014,390,100008,390,100018,200,99976,100,100023,100,99968,100,100033,100,99959,100,100039,100,99952,100,100040,100,99944,200,100056,100,99926,100,100058,100,99925,100,100064,200,99919,100,100084,100,99915,100
2019-06-28 09:31:50.000000000,100014,199,100008,199,100018,296,99976,196,100023,196,99968,196,100033,100,99959,100,100039,100,99952,100,100040,100,99944,200,100056,100,99926,100,100058,100,99925,100,100064,200,99919,100,100084,100,99915,100
2019-06-28 09:32:00.000000000,100014,245,100008,245,100018,345,99976,245,100023,100,99968,100,100033,100,99959,100,100039,100,99952,100,100040,100,99944,200,100056,100,99926,100,100058,100,99925,100,100064,200,99919,100,100084,100,99915,100
2019-06-28 09:32:10.000000000,100014,245,100008,245,100018,345,99976,245,100023,100,99968,100,100033,100,99959,100,100039,100,99952,100,100040,100,99944,200,100056,100,99926,100,100058,100,99925,100,100064,200,99919,100,100084,100,99915,100
2019-06-28 09:32:12.453185187,100014,245,100008,245,100018,345,99976,245,100023,100,99968,100,100033,100,99959,100,100039,100,99952,100,100040,100,99944,200,100056,100,99926,100,100058,100,99925,100,100064,200,99919,100,100084,100,99915,100
2019-06-28 09:32:20.000000000,100014,199,100008,199,100018,296,99976,196,100023,196,99968,196,100033,100,99959,100,100039,100,99952,100,100040,100,99944,200,100056,100,99926,100,100058,100,99925,100,100064,200,99919,100,100084,100,99915,100
2019-06-28 09:32:23.312088601,100014,199,100008,199,100018,296,99976,196,100023,196,99968,96,100033,100,99959,100,100039,100,99952,100,100040,100,99944,200,100056,100,99926,100,100058,100,99925,100,100064,200,99919,100,100084,100,99915,100
2019-06-28 09:32:26.694484431,100018,296,100014,1,100023,196,100008,199,100033,100,99976,196,100039,100,99968,96,100040,100,99959,100,100056,100,99952,100,100058,100,99944,200,100064,200,99926,100,100084,100,99925,100,100093,100,99919,100
2019-06-28 09:32:30.000000000,100018,345,100014,146,100023,245,100008,245,100033,100,99976,100,100039,100,99959,100,100040,100,99952,100,100056,100,99944,200,100058,100,99926,100,100064,200,99925,100,100084,100,99919,100,100093,100,99915,100
2019-06-28 09:32:31.538402649,100018,245,100014,146,100023,245,100008,245,100033,100,99976,100,100039,100,99959,100,100040,100,99952,100,100056,100,99944,200,100058,100,99926,100,100064,200,99925,100,100084,100,99919,100,100093,100,99915,100
2019-06-28 09:32:40.000000000,100018,245,100014,146,100023,245,100008,245,100033,100,99976,100,100039,100,99959,100,100040,100,99952,100,100056,100,99944,200,100058,100,99926,100,100064,200,99925,100,100084,100,99919,100,100093,100,99915,100
2019-06-28 09:32:50.000000000,100018,172,100014,73,100023,172,100008,172,100033,172,99976,172,100039,172,99959,172,100040,100,99952,100,100056,100,99944,200,100058,100,99926,100,100064,200,99925,100,100084,100,99919,100,100093,100,99915,100
2019-06-28 09:32:51.840925597,100018,172,100014,72,100023,172,100008,172,100033,172,99976,172,100039,172,99959,172,100040,100,99952,100,100056,100,99944,200,100058,100,99926,100,100064,200,99925,100,100084,100,99919,100,100093,100,99915,100
2019-06-28 09:32:53.001189569,100018,72,100014,72,100023,172,100008,172,100033,172,99976,172,100039,172,99959,172,100040,100,99952,100,100056,100,99944,200,100058,100,99926,100,100064,200,99925,100,100084,100,99919,100,100093,100,99915,100
2019-06-28 09:33:00.000000000,100023,158,100008,158,100033,158,99976,158,100039,158,99959,158,100040,158,99952,158,100056,158,99944,258,100058,100,99926,100,100064,200,99925,100,100084,100,99919,100,100093,100,99915,100,100097,100,99908,100
2019-06-28 09:33:05.287093096,100023,58,100008,158,100033,158,99976,158,100039,158,99959,158,100040,158,99952,158,100056,158,99944,258,100058,100,99926,100,100064,200,99925,100,100084,100,99919,100,100093,100,99915,100,100097,100,99908,100
2019-06-28 09:33:10.000000000,100033,199,100008,199,100039,196,99976,196,100040,196,99959,196,100056,100,99952,100,100058,100,99944,200,100064,200,99926,100,100084,100,99925,100,100093,100,99919,100,100097,100,99915,100,100098,100,99908,100
2019-06-28 09:33:20.000000000,100033,158,100008,158,100039,158,99976,158,100040,158,99959,158,100056,158,99952,158,100058,158,99944,258,100064,200,99926,100,100084,100,99925,100,100093,100,99919,100,100097,100,99915,100,100098,100,99908,100
2019-06-28 09:33:20.641788043,100033,58,100008,158,100039,158,99976,158,100040,158,99959,158,100056,158,99952,158,100058,158,99944,258,100064,200,99926,100,100084,100,99925,100,100093,100,99919,100,100097,100,99915,100,100098,100,99908,100
2019-06-28 09:33:30.000000000,100039,172,100008,172,100040,172,99976,172,100056,172,99959,172,100058,172,99952,172,100064,200,99944,200,100084,100,99926,100,100093,100,99925,100,100097,100,99919,100,100098,100,99915,100,100116,100,99908,100
2019-06-28 09:33:40.000000000,100039,390,100008,390,100040,100,99976,100,100056,100,99959,100,100058,100,99952,100,100064,200,99944,200,100084,100,99926,100,100093,100,99925,100,100097,100,99919,100,100098,100,99915,100,100116,100,99908,100
2019-06-28 09:33:50.000000000,100039,199,100008,199,100040,196,99976,196,100056,196,99959,196,100058,100,99952,100,100064,200,99944,200,100084,100,99926,100,100093,100,99925,100,100097,100,99919,100,100098,100,99915,100,100116,100,99908,100
2019-06-28 09:33:53.495382963,100039,199,100018,100,100040,196,100008,199,100056,196,99976,196,100058,100,99959,196,100064,200,99952,100,100084,100,99944,200,100093,100,99926,100,100097,100,99925,100,100098,100,99919,100,100116,100,99915,100
2019-06-28 09:34:00.000000000,100039,172,100018,172,100040,172,100008,172,100056,172,99976,172,100058,172,99959,172,100064,200,99952,100,100084,100,99944,200,100093,100,99926,100,100097,100,99925,100,100098,100,99919,100,100116,100,99915,100
2019-06-28 09:34:00.537183363,100039,172,100018,172,100040,172,100008,172,100056,172,99976,172,100058,172,99959,172,100064,200,99952,100,100084,100,99944,200,100093,100,99926,100,100097,100,99925,100,100098,100,99919,100,100116,100,99915,100
2019-06-28 09:34:10.000000000,100039,245,100018,245,100040,245,100008,245,100056,100,99976,100,100058,100,99959,100,100064,200,99952,100,100084,100,99944,200,100093,100,99926,100,100097,100,99925,100,100098,100,99919,100,100116,100,99915,100
2019-06-28 09:34:20.000000000,100039,390,100018,390,100040,100,100008,100,100056,100,99976,100,100058,100,99959,100,100064,200,99952,100,100084,100,99944,200,100093,100,99926,100,100097,100,99925,100,100098,100,99919,100,100116,100,99915,100
2019-06-28 09:34:30.000000000,100039,245,100018,245,100040,245,100008,245,100056,100,99976,100,100058,100,99959,100,100064,200,99952,100,100084,100,99944,200,100093,100,99926,100,100097,100,99925,100,100098,100,99919,100,100116,100,99915,100
2019-06-28 09:34:40.000000000,100039,158,100018,158,100040,158,100008,158,100056,158,99976,158,100058,158,99959,158,100064,258,99952,158,100084,100,99944,200,100093,100,99926,100,100097,100,99925,100,100098,100,99919,100,100116,100,99915,100
2019-06-28 09:34:50.000000000,100039,245,100018,245,100040,245,100008,245,100056,100,99976,100,100058,100,99959,100,100064,200,99952,100,100084,100,99944,200,100093,100,99926,100,100097,100,99925,100,100098,100,99919,100,100116,100,99915,100
2019-06-28 09:35:00.000000000,100039,158,100018,158,100040,158,100008,158,100056,158,99976,158,100058,158,99959,158,100064,258,99952,158,100084,100,99944,200,100093,100,99926,100,100097,100,99925,100,100098,100,99919,100,100116,100,99915,100
2019-06-28 09:35:10.000000000,100039,245,100018,245,100040,245,100008,245,100056,100,99976,100,100058,100,99959,100,100064,200,99952,100,100084,100,99944,200,100093,100,99926,100,100097,100,99925,100,100098,100,99919,100,100116,100,99915,100
2019-06-28 09:35:20.000000000,100039,390,100018,390,100040,100,100008,100,100056,100,99976,100,100058,100,99959,100,100064,200,99952,100,100084,100,99944,200,100093,100,99926,100,100097,100,99925,100,100098,100,99919,100,100116,100,99915,100
2019-06-28 09:35:30.000000000,100039,199,100018,199,100040,196,100008,196,100056,196,99976,196,100058,100,99959,100,100064,200,99952,100,100084,100,99944,200,100093,100,99926,100,100097,100,99925,100,100098,100,99919,100,100116,100,99915,100
2019-06-28 09:35:40.000000000,100039,390,100018,390,100040,100,100008,100,100056,100,99976,100,100058,100,99959,100,100064,200,99952,100,100084,100,99944,200,100093,100,99926,100,100097,100,99925,100,100098,100,99919,100,100116,100,99915,100
2019-06-28 09:35:47.572790576,100039,390,100018,390,100040,100,100008,100,100056,100,99976,100,100058,100,99959,100,100064,200,99952,100,100084,100,99944,200,100093,100,99926,100,100097,100,99925,100,100098,100,99919,100,100116,100,99915,100
2019-06-28 09:35:50.000000000,100039,199,100018,199,100040,196,100008,196,100056,196,99976,196,100058,100,99959,100,100064,200,99952,100,100084,100,99944,200,100093,100,99926,100,100097,100,99925,100,100098,100,99919,100,100116,100,99915,100
2019-06-28 09:35:57.587227405,100039,199,100018,299,100040,196,100008,196,100056,196,99976,196,100058,100,99959,100,100064,200,99952,100,100084,100,99944,200,100093,100,99926,100,100097,100,99925,100,100098,100,99919,100,100116,100,99915,100
2019-06-28 09:36:00.000000000,100039,172,100018,272,100040,172,100008,172,100056,172,99976,172,100058,172,99959,172,100064,200,99952,100,100084,100,99944,200,100093,100,99926,100,100097,100,99925,100,100098,100,99919,100,100116,100,99915,100
2019-06-28 09:36:02.643098755,100039,72,100018,272,100040,172,100008,172,100056,172,99976,172,100058,172,99959,172,100064,200,99952,100,100084,100,99944,200,100093,100,99926,100,100097,100,99925,100,100098,100,99919,100,100116,100,99915,100
2019-06-28 09:36:10.000000000,100040,245,100018,345,100056,245,100008,245,100058,100,99976,100,100064,200,99959,100,100084,100,99952,100,100093,100,99944,200,100097,100,99926,100,100098,100,99925,100,100116,100,99919,100,100120,100,99915,100
2019-06-28 09:36:20.000000000,100040,199,100018,299,100056,196,100008,196,100058,196,99976,196,100064,200,99959,100,100084,100,99952,100,100093,100,99944,200,100097,100,99926,100,100098,100,99925,100,100116,100,99919,100,100120,100,99915,100
2019-06-28 09:36:23.339950439,100040,199,100018,299,100056,196,100008,196,100058,196,99976,196,100064,200,99959,100,100084,100,99952,100,100093,100,99944,200,100097,100,99926,100,100098,100,99925,100,100116,100,99919,100,100120,100,99915,100
2019-06-28 09:36:30.000000000,100040,245,100018,345,100056,245,100008,245,100058,100,99976,100,100064,200,99959,100,100084,100,99952,100,100093,100,99944,200,100097,100,99926,100,100098,100,99925,100,100116,100,99919,100,100120,100,99915,100
2019-06-28 09:36:34.167366434,100040,145,100018,345,100056,245,100008,245,100058,100,99976,100,100064,200,99959,100,100084,100,99952,100,100093,100,99944,200,100097,100,99926,100,100098,100,99925,100,100116,100,99919,100,100120,100,99915,100
2019-06-28 09:36:40.000000000,100056,390,100018,490,100058,100,100008,100,100064,200,99976,100,100084,100,99959,100,100093,100,99952,100,100097,100,99944,200,100098,100,99926,100,100116,100,99925,100,100120,100,99919,100,100129,100,99915,100
2019-06-28 09:36:44.240677107,100056,390,100018,490,100058,100,100008,100,100064,200,99976,100,100084,100,99959,100,100093,100,99952,100,100097,100,99944,200,100098,100,99926,100,100116,100,99925,100,100120,100,99919,100,100129,100,99915,100
2019-06-28 09:36:50.000000000,100056,199,100018,299,100058,196,100008,196,100064,296,99976,196,100084,100,99959,100,100093,100,99952,100,100097,100,99944,200,100098,100,99926,100,100116,100,99925,100,100120,100,99919,100,100129,100,99915,100
2019-06-28 09:37:00.000000000,100056,199,100018,299,100058,196,100008,196,100064,296,99976,196,100084,100,99959,100,100093,100,99952,100,100097,100,99944,200,100098,100,99926,100,100116,100,99925,100,100120,100,99919,100,100129,100,99915,100
2019-06-28 09:37:10.000000000,100056,172,100018,272,100058,172,100008,172,100064,272,99976,172,100084,172,99959,172,100093,100,99952,100,100097,100,99944,200,100098,100,99926,100,100116,100,99925,100,100120,100,99919,100,100129,100,99915,100
2019-06-28 09:37:15.578824450,100056,172,100018,172,100058,172,100008,172,100064,272,99976,172,100084,172,99959,172,100093,100,99952,100,100097,100,99944,200,100098,100,99926,100,100116,100,99925,100,100120,100,99919,100,100129,100,99915,100
2019-06-28 09:37:17.935949376,100056,72,100018,172,100058,172,100008,172,100064,272,99976,172,100084,172,99959,172,100093,100,99952,100,100097,100,99944,200,100098,100,99926,100,100116,100,99925,100,100120,100,99919,100,100129,100,99915,100
2019-06-28 09:37:20.000000000,100058,245,100018,245,100064,345,100008,245,100084,100,99976,100,100093,100,99959,100,100097,100,99952,100,100098,100,99944,200,100116,100,99926,100,100120,100,99925,100,100129,100,99919,100,100142,100,99915,100
2019-06-28 09:37:21.693889592,100058,245,100018,245,100064,345,100008,245,100084,100,99976,100,100093,100,99959,100,100097,100,99944,200,100098,100,99926,100,100116,100,99925,100,100120,100,99919,100,100129,100,99915,100,100142,100,99908,100
2019-06-28 09:37:30.000000000,100058,245,100018,245,100064,345,100008,245,100084,100,99976,100,100093,100,99959,100,100097,100,99944,200,100098,100,99926,100,100116,100,99925,100,100120,100,99919,100,100129,100,99915,100,100142,100,99908,100
2019-06-28 09:37:40.000000000,100058,390,100018,390,100064,200,100008,100,100084,100,99976,100,100093,100,99959,100,100097,100,99944,200,100098,100,99926,100,100116,100,99925,100,100120,100,99919,100,100129,100,99915,100,100142,100,99908,100
2019-06-28 09:37:50.000000000,100058,390,100018,390,100064,200,100008,100,100084,100,99976,100,100093,100,99959,100,100097,100,99944,200,100098,100,99926,100,100116,100,99925,100,100120,100,99919,100,100129,100,99915,100,100142,100,99908,100
2019-06-28 09:38:00.000000000,100058,245,100018,245,100064,345,100008,245,100084,100,99976,100,100093,100,99959,100,100097,100,99944,200,100098,100,99926,100,100116,100,99925,100,100120,100,99919,100,100129,100,99915,100,100142,100,99908,100
2019-06-28 09:38:10.000000000,100058,390,100018,390,100064,200,100008,100,100084,100,99976,100,100093,100,99959,100,100097,100,99944,200,100098,100,99926,100,100116,100,99925,100,100120,100,99919,100,100129,100,99915,100,100142,100,99908,100
2019-06-28 09:38:20.000000000,100058,245,100018,245,100064,345,100008,245,100084,100,99976,100,100093,100,99959,100,100097,100,99944,200,100098,100,99926,100,100116,100,99925,100,100120,100,99919,100,100129,100,99915,100,100142,100,99908,100
2019-06-28 09:38:20.911039741,100058,145,100018,245,100064,345,100008,245,100084,100,99976,100,100093,100,99959,100,100097,100,99944,200,100098,100,99926,100,100116,100,99925,100,100120,100,99919,100,100129,100,99915,100,100142,100,99908,100
2019-06-28 09:38:30.000000000,100064,299,100018,199,100084,196,100008,196,100093,196,99976,196,100097,100,99959,100,100098,100,99944,200,100116,100,99926,100,100120,100,99925,100,100129,100,99919,100,100142,100,99915,100,100156,100,99908,100
2019-06-28 09:38:36.613298387,100064,299,100018,199,100084,196,100008,196,100093,196,99976,196,100097,100,99959,100,100098,100,99944,100,100116,100,99926,100,100120,100,99925,100,100129,100,99919,100,100142,100,99915,100,100156,100,99908,100
2019-06-28 09:38:39.343621229,100064,199,100018,199,100084,196,100008,196,100093,196,99976,196,100097,100,99959,100,100098,100,99944,100,100116,100,99926,100,100120,100,99925,100,100129,100,99919,100,100142,100,99915,100,100156,100,99908,100
2019-06-28 09:38:40.000000000,100064,172,100018,172,100084,172,100008,172,100093,172,99976,172,100097,172,99959,172,100098,100,99944,100,100116,100,99926,100,100120,100,99925,100,100129,100,99919,100,100142,100,99915,100,100156,100,99908,100
2019-06-28 09:38:47.249007996,100064,72,100018,172,100084,172,100008,172,100093,172,99976,172,100097,172,99959,172,100098,100,99944,100,100116,100,99926,100,100120,100,99925,100,100129,100,99919,100,100142,100,99915,100,100156,100,99908,100
2019-06-28 09:38:50.000000000,100084,199,100018,199,100093,196,100008,196,100097,196,99976,196,100098,100,99959,100,100116,100,99944,100,100120,100,99926,100,100129,100,99925,100,100142,100,99919,100,100156,100,99915,100,100163,100,99908,100
2019-06-28 09:38:54.400195178,100084,199,100018,199,100093,196,100008,196,100097,196,99976,196,100098,100,99959,100,100116,100,99944,100,100120,100,99926,100,100129,100,99925,100,100142,100,99919,100,100156,100,99915,100,100163,100,99908,100
2019-06-28 09:38:57.015579335,100084,99,100018,199,100093,196,100008,196,100097,196,99976,196,100098,100,99959,100,100116,100,99944,100,100120,100,99926,100,100129,100,99925,100,100142,100,99919,100,100156,100,99915,100,100163,100,99908,100
2019-06-28 09:39:00.000000000,100093,158,100018,158,100097,158,100008,158,100098,158,99976,158,100116,158,99959,158,100120,158,99944,158,100129,100,99926,100,100142,100,99925,100,100156,100,99919,100,100163,100,99915,100,100181,100,99908,100
2019-06-28 09:39:05.579440147,100093,158,100018,158,100097,158,100008,158,100098,158,99976,158,100116,158,99959,158,100120,158,99944,158,100129,100,99926,100,100142,100,99925,100,100156,100,99919,100,100163,100,99915,100,100181,100,99908,100
2019-06-28 09:39:08.736840135,100093,158,100064,100,100097,158,100018,158,100098,158,100008,158,100116,158,99976,158,100120,158,99959,158,100129,100,99944,158,100142,100,99926,100,100156,100,99925,100,100163,100,99919,100,100181,100,99915,100
2019-06-28 09:39:10.000000000,100093,172,100064,172,100097,172,100018,172,100098,172,100008,172,100116,172,99976,172,100120,100,99959,100,100129,100,99944,100,100142,100,99926,100,100156,100,99925,100,100163,100,99919,100,100181,100,99915,100
2019-06-28 09:39:16.689306153,100093,172,100064,272,100097,172,100018,172,100098,172,100008,172,100116,172,99976,172,100120,100,99959,100,100129,100,99944,100,100142,100,99926,100,100156,100,99925,100,100163,100,99919,100,100181,100,99915,100
2019-06-28 09:39:20.000000000,100093,158,100064,258,100097,158,100018,158,100098,158,100008,158,100116,158,99976,158,100120,158,99959,158,100129,100,99944,100,100142,100,99926,100,100156,100,99925,100,100163,100,99919,100,100181,100,99915,100
2019-06-28 09:39:30.000000000,100093,245,100064,345,100097,245,100018,245,100098,100,100008,100,100116,100,99976,100,100120,100,99959,100,100129,100,99944,100,100142,100,99926,100,100156,100,99925,100,100163,100,99919,100,100181,100,99915,100
2019-06-28 09:39:33.411728117,100093,245,100064,445,100097,245,100018,245,100098,100,100008,100,100116,100,99976,100,100120,100,99959,100,100129,100,99944,100,100142,100,99926,100,100156,100,99925,100,100163,100,99919,100,100181,100,99915,100
2019-06-28 09:39:40.000000000,100093,199,100064,399,100097,196,100018,196,100098,196,100008,196,100116,100,99976,100,100120,100,99959,100,100129,100,99944,100,100142,100,99926,100,100156,100,99925,100,100163,100,99919,100,100181,100,99915,100
2019-06-28 09:39:50.000000000,100093,172,100064,372,100097,172,100018,172,100098,172,100008,172,100116,172,99976,172,100120,100,99959,100,100129,100,99944,100,100142,100,99926,100,100156,100,99925,100,100163,100,99919,100,100181,100,99915,100
2019-06-28 09:39:54.767806626,100093,72,100064,372,100097,172,100018,172,100098,172,100008,172,100116,172,99976,172,100120,100,99959,100,100129,100,99944,100,100142,100,99926,100,100156,100,99925,100,100163,100,99919,100,100181,100,99915,100
2019-06-28 09:40:00.000000000,100097,390,100064,590,100098,100,100018,100,100116,100,100008,100,100120,100,99976,100,100129,100,99959,100,100142,100,99944,100,100156,100,99926,100,100163,100,99925,100,100181,100,99919,100,100227,100,99915,100
2019-06-28 09:40:08.900023262,100097,290,100064,590,100098,100,100018,100,100116,100,100008,100,100120,100,99976,100,100129,100,99959,100,100142,100,99944,100,100163,100,99926,100,100181,100,99925,100,100227,100,99919,100,100237,100,99915,100
2019-06-28 09:40:10.000000000,100098,158,100064,358,100116,158,100018,158,100120,158,100008,158,100129,158,99976,158,100142,158,99959,158,100163,100,99944,100,100181,100,99926,100,100227,100,99925,100,100237,100,99919,100,100258,100,99915,100
2019-06-28 09:40:20.000000000,100098,172,100064,372,100116,172,100018,172,100120,172,100008,172,100129,172,99976,172,100142,100,99959,100,100163,100,99944,100,100181,100,99926,100,100227,100,99925,100,100237,100,99919,100,100258,100,99915,100
2019-06-28 09:40:30.000000000,100098,158,100064,358,100116,158,100018,158,100120,158,100008,158,100129,158,99976,158,100142,158,99959,158,100163,100,99944,100,100181,100,99926,100,100227,100,99925,100,100237,100,99919,100,100258,100,99915,100
2019-06-28 09:40:38.825228482,100098,158,100064,358,100116,158,100018,158,100120,158,100008,158,100129,158,99976,158,100142,158,99959,158,100163,100,99944,100,100181,100,99926,100,100227,100,99925,100,100237,100,99919,100,100258,100,99915,100
2019-06-28 09:40:40.000000000,100098,199,100064,399,100116,196,100018,196,100120,196,100008,196,100129,100,99976,100,100142,100,99959,100,100163,100,99944,100,100181,100,99926,100,100227,100,99925,100,100237,100,99919,100,100258,100,99915,100
2019-06-28 09:40:41.320467951,100098,99,100064,399,100116,196,100018,196,100120,196,100008,196,100129,100,99976,100,100142,100,99959,100,100163,100,99944,100,100181,100,99926,100,100227,100,99925,100,100237,100,99919,100,100258,100,99915,100
2019-06-28 09:40:50.000000000,100116,172,100064,372,100120,172,100018,172,100129,172,100008,172,100142,172,99976,172,100163,100,99959,100,100181,100,99944,100,100227,100,99926,100,100237,100,99925,100,100258,100,99919,100,100331,100,99915,100
2019-06-28 09:40:52.735684474,100116,172,100064,372,100120,172,100018,172,100129,72,100008,172,100142,172,99976,172,100163,100,99959,100,100181,100,99944,100,100227,100,99926,100,100237,100,99925,100,100258,100,99919,100,100331,100,99915,100
2019-06-28 09:41:00.000000000,100116,245,100064,445,100120,245,100018,245,100142,100,100008,100,100163,100,99976,100,100181,100,99959,100,100227,100,99944,100,100237,100,99926,100,100258,100,99925,100,100331,100,99919,100,100446,100,99915,100
2019-06-28 09:41:10.000000000,100116,245,100064,445,100120,245,100018,245,100142,100,100008,100,100163,100,99976,100,100181,100,99959,100,100227,100,99944,100,100237,100,99926,100,100258,100,99925,100,100331,100,99919,100,100446,100,99915,100
2019-06-28 09:41:14.837804543,100116,245,100064,445,100120,245,100018,245,100142,100,100008,100,100163,100,99976,100,100181,100,99959,100,100227,100,99944,100,100237,100,99926,100,100258,100,99925,100,100331,100,99919,100,100446,100,99915,100
2019-06-28 09:41:16.685692000,100116,245,100097,100,100120,245,100064,445,100142,100,100018,245,100163,100,100008,100,100181,100,99976,100,100227,100,99959,100,100237,100,99944,100,100258,100,99926,100,100331,100,99925,100,100446,100,99919,100
2019-06-28 09:41:20.000000000,100116,390,100097,390,100120,100,100064,300,100142,100,100018,100,100163,100,100008,100,100181,100,99976,100,100227,100,99959,100,100237,100,99944,100,100258,100,99926,100,100331,100,99925,100,100446,100,99919,100
2019-06-28 09:41:30.000000000,100116,390,100097,390,100120,100,100064,300,100142,100,100018,100,100163,100,100008,100,100181,100,99976,100,100227,100,99959,100,100237,100,99944,100,100258,100,99926,100,100331,100,99925,100,100446,100,99919,100
2019-06-28 09:41:40.000000000,100116,199,100097,199,100120,196,100064,396,100142,196,100018,196,100163,100,100008,100,100181,100,99976,100,100227,100,99959,100,100237,100,99944,100,100258,100,99926,100,100331,100,99925,100,100446,100,99919,100
2019-06-28 09:41:50.000000000,100116,172,100097,172,100120,172,100064,372,100142,172,100018,172,100163,172,100008,172,100181,100,99976,100,100227,100,99959,100,100237,100,99944,100,100258,100,99926,100,100331,100,99925,100,100446,100,99919,100
2019-06-28 09:41:51.366362385,100116,172,100097,172,100120,172,100064,372,100142,172,100018,172,100163,172,100008,172,100181,100,99976,100,100227,100,99959,100,100237,100,99944,100,100258,100,99926,100,100331,100,99925,100,100446,100,99919,100
2019-06-28 09:41:58.640674652,100116,72,100097,172,100120,172,100064,372,100142,172,100018,172,100163,172,100008,172,100227,100,99976,100,100237,100,99959,100,100258,100,99944,100,100331,100,99926,100,100446,100,99925,100,101112,100,99919,100
2019-06-28 09:42:00.000000000,100120,199,100097,199,100142,196,100064,396,100163,196,100018,196,100227,100,100008,100,100237,100,99976,100,100258,100,99959,100,100331,100,99944,100,100446,100,99926,100,101112,100,99925,100,101452,100,99919,100
2019-06-28 09:42:00.169545127,100120,99,100097,199,100142,196,100064,396,100163,196,100018,196,100227,100,100008,100,100237,100,99976,100,100258,100,99959,100,100331,100,99944,100,100446,100,99926,100,101112,100,99925,100,101452,100,99919,100
2019-06-28 09:42:10.000000000,100142,245,100097,245,100163,245,100064,445,100227,100,100018,100,100237,100,100008,100,100258,100,99976,100,100331,100,99959,100,100446,100,99944,100,101112,100,99926,100,101452,100,99925,100,101589,100,99919,100
2019-06-28 09:42:20.000000000,100142,390,100097,390,100163,100,100064,300,100227,100,100018,100,100237,100,100008,100,100258,100,99976,100,100331,100,99959,100,100446,100,99944,100,101112,100,99926,100,101452,100,99925,100,101589,100,99919,100
2019-06-28 09:42:22.554283463,100142,390,100097,390,100163,100,100064,300,100227,100,100018,100,100237,100,100008,100,100258,100,99976,100,100331,100,99959,100,100446,100,99944,100,101112,100,99926,100,101452,100,99925,100,101576,100,99919,100
2019-06-28 09:42:30.000000000,100142,172,100097,172,100163,172,100064,372,100227,172,100018,172,100237,172,100008,172,100258,100,99976,100,100331,100,99959,100,100446,100,99944,100,101112,100,99926,100,101452,100,99925,100,101576,100,99919,100
2019-06-28 09:42:30.445724297,100142,72,100097,172,100163,172,100064,372,100227,172,100018,172,100237,172,100008,172,100258,100,99976,100,100331,100,99959,100,100446,100,99944,100,101112,100,99926,100,101452,100,99925,100,101576,100,99919,100
2019-06-28 09:42:40.000000000,100163,158,100097,158,100227,158,100064,358,100237,158,100018,158,100258,158,100008,158,100331,158,99976,158,100446,100,99959,100,101112,100,99944,100,101452,100,99926,100,101576,100,99925,100,101589,100,99919,100
2019-06-28 09:42:44.354585319,100163,158,100120,100,100227,158,100097,158,100237,158,100064,358,100258,158,100018,158,100331,158,100008,158,100446,100,99976,158,101112,100,99959,100,101452,100,99944,100,101576,100,99926,100,101589,100,99925,100
2019-06-28 09:42:45.675818477,100163,58,100120,100,100227,158,100097,158,100237,158,100064,358,100258,158,100018,158,100331,158,100008,158,100446,100,99976,158,101112,100,99959,100,101452,100,99944,100,101576,100,99926,100,101589,100,99925,100
2019-06-28 09:42:50.000000000,100227,245,100120,245,100237,245,100097,245,100258,100,100064,300,100331,100,100018,100,100446,100,100008,100,101112,100,99976,100,101452,100,99959,100,101576,100,99944,100,101589,100,99926,100,101738,100,99925,100
2019-06-28 09:42:56.601643081,100227,245,100120,245,100237,245,100097,245,100258,100,100064,300,100331,100,100018,100,100446,100,100008,100,101112,100,99976,100,101576,100,99959,100,101589,100,99944,100,101674,100,99926,100,101738,100,99925,100
2019-06-28 09:43:00.000000000,100227,158,100120,158,100237,158,100097,158,100258,158,100064,358,100331,158,100018,158,100446,158,100008,158,101112,100,99976,100,101576,100,99959,100,101589,100,99944,100,101674,100,99926,100,101738,100,99925,100
2019-06-28 09:43:02.754826107,100227,58,100120,158,100237,158,100097,158,100258,158,100064,358,100331,158,100018,158,100446,158,100008,158,101112,100,99976,100,101576,100,99959,100,101589,100,99944,100,101674,100,99926,100,101738,100,99925,100
2019-06-28 09:43:10.000000000,100237,199,100120,199,100258,196,100097,196,100331,196,100064,396,100446,100,100018,100,101112,100,100008,100,101576,100,99976,100,101589,100,99959,100,101674,100,99944,100,101738,100,99926,100,102014,100,99925,100
2019-06-28 09:43:20.000000000,100237,199,100120,199,100258,196,100097,196,100331,196,100064,396,100446,100,100018,100,101112,100,100008,100,101576,100,99976,100,101589,100,99959,100,101674,100,99944,100,101738,100,99926,100,102014,100,99925,100
2019-06-28 09:43:25.052380457,100237,99,100120,199,100258,196,100097,196,100331,196,100064,396,100446,100,100018,100,101112,100,100008,100,101576,100,99976,100,101589,100,99959,100,101674,100,99944,100,101738,100,99926,100,102014,100,99925,100
2019-06-28 09:43:29.016350036,100258,196,100237,1,100331,196,100120,199,100446,100,100097,196,101112,100,100064,396,101576,100,100018,100,101589,100,100008,100,101674,100,99976,100,101738,100,99959,100,102014,100,99944,100,,,99926,100
2019-06-28 09:43:30.000000000,100258,199,100237,100,100331,196,100120,196,100446,196,100097,196,101112,100,100064,300,101576,100,100018,100,101589,100,100008,100,101674,100,99976,100,101738,100,99959,100,102014,100,99944,100,,,99926,100
2019-06-28 09:43:40.000000000,100258,390,100237,291,100331,100,100120,100,100446,100,100097,100,101112,100,100064,300,101576,100,100018,100,101589,100,100008,100,101674,100,99976,100,101738,100,99959,100,102014,100,99944,100,,,99926,100
2019-06-28 09:43:50.000000000,100258,245,100237,146,100331,245,100120,245,100446,100,100097,100,101112,100,100064,300,101576,100,100018,100,101589,100,100008,100,101674,100,99976,100,101738,100,99959,100,102014,100,99944,100,,,99926,100
2019-06-28 09:43:52.676758239,100258,145,100237,146,100331,245,100120,245,100446,100,100097,100,101112,100,100064,300,101576,100,100018,100,101589,100,100008,100,101674,100,99976,100,101738,100,99959,100,102014,100,99944,100,,,99926,100
2019-06-28 09:43:52.876677008,100258,145,100237,146,100331,245,100120,245,100388,100,100097,100,100446,100,100064,300,101112,100,100018,100,101576,100,100008,100,101674,100,99976,100,101738,100,99959,100,102014,100,99944,100,,,99926,100
2019-06-28 09:44:00.000000000,100331,390,100237,291,100388,100,100120,100,100446,100,100097,100,101112,100,100064,300,101576,100,100018,100,101674,100,100008,100,101738,100,99976,100,102014,100,99959,100,,,99944,100,,,99926,100
2019-06-28 09:44:01.119413005,100331,390,100237,291,100388,100,100120,100,100438,100,100097,100,100446,100,100064,300,101112,100,100018,100,101576,100,100008,100,101674,100,99976,100,101738,100,99959,100,102014,100,99944,100,,,99926,100
2019-06-28 09:44:10.000000000,100331,390,100237,291,100388,100,100120,100,100438,100,100097,100,100446,100,100064,300,101112,100,100018,100,101576,100,100008,100,101674,100,99976,100,101738,100,99959,100,102014,100,99944,100,,,99926,100
2019-06-28 09:44:10.178892596,100331,390,100237,291,100388,100,100120,100,100438,100,100097,100,100446,100,100064,300,100624,100,100018,100,101112,100,100008,100,101576,100,99976,100,101674,100,99959,100,101738,100,99944,100,102014,100,99926,100
2019-06-28 09:44:20.000000000,100331,158,100237,59,100388,158,100120,158,100438,158,100097,158,100446,158,100064,358,100624,158,100018,158,101112,100,100008,100,101576,100,99976,100,101674,100,99959,100,101738,100,99944,100,102014,100,99926,100
2019-06-28 09:44:30.000000000,100331,158,100237,59,100388,158,100120,158,100438,158,100097,158,100446,158,100064,358,100624,158,100018,158,101112,100,100008,100,101576,100,99976,100,101674,100,99959,100,101738,100,99944,100,102014,100,99926,100
2019-06-28 09:44:39.243326669,100331,158,100237,59,100388,158,100120,158,100438,158,100097,158,100446,158,100064,358,100624,158,100018,158,101112,100,100008,100,101576,100,99976,100,101674,100,99959,100,101738,100,99944,100,102014,100,99926,100
2019-06-28 09:44:40.000000000,100331,158,100237,59,100388,158,100120,158,100438,158,100097,158,100446,158,100064,358,100624,158,100018,158,101112,100,100008,100,101576,100,99976,100,101674,100,99959,100,101738,100,99944,100,102014,100,99926,100
2019-06-28 09:44:50.000000000,100331,390,100237,291,100388,100,100120,100,100438,100,100097,100,100446,100,100064,300,100624,100,100018,100,101112,100,100008,100,101576,100,99976,100,101674,100,99959,100,101738,100,99944,100,102014,100,99926,100
2019-06-28 09:45:00.000000000,100331,245,100237,146,100388,245,100120,245,100438,100,100097,100,100446,100,100064,300,100624,100,100018,100,101112,100,100008,100,101576,100,99976,100,101674,100,99959,100,101738,100,99944,100,102014,100,99926,100
2019-06-28 09:45:10.000000000,100331,390,100237,291,100388,100,100120,100,100438,100,100097,100,100446,100,100064,300,100624,100,100018,100,101112,100,100008,100,101576,100,99976,100,101674,100,99959,100,101738,100,99944,100,102014,100,99926,100
2019-06-28 09:45:20.000000000,100331,390,100237,291,100388,100,100120,100,100438,100,100097,100,100446,100,100064,300,100624,100,100018,100,101112,100,100008,100,101576,100,99976,100,101674,100,99959,100,101738,100,99944,100,102014,100,99926,100
2019-06-28 09:45:23.487016766,100257,100,100237,291,100331,390,100120,100,100388,100,100097,100,100438,100,100064,300,100446,100,100018,100,100624,100,99976,100,101112,100,99959,100,101576,100,99944,100,101674,100,99926,100,101738,100,99925,100
2019-06-28 09:45:30.000000000,100257,158,100237,59,100331,158,100120,158,100388,158,100097,158,100438,158,100064,358,100446,158,100018,158,100624,100,99976,100,101112,100,99959,100,101576,100,99944,100,101674,100,99926,100,101738,100,99925,100
2019-06-28 09:45:30.172751168,100257,258,100237,59,100331,158,100120,158,100388,158,100097,158,100438,158,100064,358,100446,158,100018,158,100624,100,99976,100,101112,100,99959,100,101576,100,99944,100,101674,100,99926,100,101738,100,99925,100
2019-06-28 09:45:33.499554667,100237,41,100120,158,100257,258,100097,158,100331,158,100064,358,100388,158,100018,158,100438,158,99976,100,100446,158,99959,100,100624,100,99944,100,101112,100,99926,100,101576,100,99925,100,101674,100,99919,100
2019-06-28 09:45:40.000000000,100237,331,100120,390,100257,200,100097,100,100331,100,100064,300,100388,100,100018,100,100438,100,99976,100,100446,100,99959,100,100624,100,99944,100,101112,100,99926,100,101576,100,99925,100,101674,100,99919,100
2019-06-28 09:45:50.000000000,100237,140,100120,199,100257,296,100097,196,100331,196,100064,396,100388,100,100018,100,100438,100,99976,100,100446,100,99959,100,100624,100,99944,100,101112,100,99926,100,101576,100,99925,100,101674,100,99919,100
2019-06-28 09:45:51.365636981,100237,140,100120,199,100256,100,100097,196,100257,296,100064,296,100331,196,100018,100,100388,100,99976,100,100438,100,99959,100,100446,100,99944,100,100624,100,99926,100,101112,100,99925,100,101576,100,99919,100
2019-06-28 09:45:52.272322672,100237,140,100120,199,100256,200,100097,196,100257,296,100064,296,100331,196,100018,100,100388,100,99959,100,100438,100,99944,100,100446,100,99926,100,100624,100,99925,100,101112,100,99919,100,101576,100,99915,100
2019-06-28 09:46:00.000000000,100237,113,100120,172,100256,272,100097,172,100257,272,100064,272,100331,172,100018,172,100388,100,99959,100,100438,100,99944,100,100446,100,99926,100,100624,100,99925,100,101112,100,99919,100,101576,100,99915,100
2019-06-28 09:46:10.000000000,100237,331,100120,390,100256,200,100097,100,100257,200,100064,200,100331,100,100018,100,100388,100,99959,100,100438,100,99944,100,100446,100,99926,100,100624,100,99925,100,101112,100,99919,100,101576,100,99915,100
2019-06-28 09:46:11.674303165,100237,331,100120,290,100256,200,100097,100,100257,200,100064,200,100331,100,100018,100,100388,100,99959,100,100438,100,99944,100,100446,100,99926,100,100624,100,99925,100,101112,100,99919,100,101576,100,99915,100
2019-06-28 09:46:20.000000000,100237,331,100097,390,100256,200,100064,200,100257,200,100018,100,100331,100,99959,100,100388,100,99944,100,100438,100,99926,100,100446,100,99925,100,100624,100,99919,100,101112,100,99915,100,101576,100,99908,100
2019-06-28 09:46:30.000000000,100237,331,100097,390,100256,200,100064,200,100257,200,100018,100,100331,100,99959,100,100388,100,99944,100,100438,100,99926,100,100446,100,99925,100,100624,100,99919,100,101112,100,99915,100,101576,100,99908,100
2019-06-28 09:46:40.000000000,100237,186,100097,245,100256,345,100064,345,100257,200,100018,100,100331,100,99959,100,100388,100,99944,100,100438,100,99926,100,100446,100,99925,100,100624,100,99919,100,101112,100,99915,100,101576,100,99908,100
2019-06-28 09:46:50.000000000,100237,113,100097,172,100256,272,100064,272,100257,272,100018,172,100331,172,99959,172,100388,100,99944,100,100438,100,99926,100,100446,100,99925,100,100624,100,99919,100,101112,100,99915,100,101576,100,99908,100
2019-06-28 09:46:53.478022693,100236,100,100097,172,100237,113,100064,272,100256,172,100018,172,100257,272,99959,172,100331,172,99944,100,100388,100,99926,100,100438,100,99925,100,100446,100,99919,100,100624,100,99915,100,101112,100,99908,100
2019-06-28 09:47:00.000000000,100236,158,100097,158,100237,99,100064,258,100256,158,100018,158,100257,258,99959,158,100331,158,99944,158,100388,100,99926,100,100438,100,99925,100,100446,100,99919,100,100624,100,99915,100,101112,100,99908,100
2019-06-28 09:47:08.862986250,100236,158,100097,158,100237,99,100064,258,100256,158,100018,158,100257,258,99959,158,100331,158,99944,158,100388,100,99926,100,100438,100,99925,100,100446,100,99919,100,100624,100,99915,100,101112,100,99908,100
2019-06-28 09:47:10.000000000,100236,199,100097,199,100237,137,100064,296,100256,196,100018,196,100257,200,99959,100,100331,100,99944,100,100388,100,99926,100,100438,100,99925,100,100446,100,99919,100,100624,100,99915,100,101112,100,99908,100
2019-06-28 09:47:20.000000000,100236,245,100097,245,100237,186,100064,345,100256,100,100018,100,100257,200,99959,100,100331,100,99944,100,100388,100,99926,100,100438,100,99925,100,100446,100,99919,100,100624,100,99915,100,101112,100,99908,100
2019-06-28 09:47:30.000000000,100236,199,100097,199,100237,137,100064,296,100256,196,100018,196,100257,200,99959,100,100331,100,99944,100,100388,100,99926,100,100438,100,99925,100,100446,100,99919,100,100624,100,99915,100,101112,100,99908,100
2019-06-28 09:47:35.021128391,100236,199,100097,99,100237,137,100064,296,100256,196,100018,196,100257,200,99959,100,100331,100,99944,100,100388,100,99926,100,100438,100,99925,100,100446,100,99919,100,100624,100,99915,100,101112,100,99908,100
2019-06-28 09:47:40.000000000,100236,390,100064,490,100237,41,100018,100,100256,100,99959,100,100257,200,99944,100,100331,100,99926,100,100388,100,99925,100,100438,100,99919,100,100446,100,99915,100,100624,100,99908,100,101112,100,99863,100
2019-06-28 09:47:47.291593407,100236,390,100064,390,100256,100,100018,100,100257,200,99959,100,100331,100,99944,100,100388,100,99926,100,100438,100,99925,100,100446,100,99919,100,100624,100,99915,100,101112,100,99908,100,101576,100,99863,100
2019-06-28 09:47:49.456843739,100236,390,100064,390,100256,100,100018,100,100257,200,99959,100,100331,100,99944,100,100388,100,99926,100,100438,100,99925,100,100446,100,99919,100,100624,100,99908,100,101112,100,99863,100,101576,100,99853,100
2019-06-28 09:47:50.000000000,100236,390,100064,390,100256,100,100018,100,100257,200,99959,100,100331,100,99944,100,100388,100,99926,100,100438,100,99925,100,100446,100,99919,100,100624,100,99908,100,101112,100,99863,100,101576,100,99853,100
2019-06-28 09:48:00.000000000,100236,199,100064,199,100256,196,100018,196,100257,296,99959,196,100331,100,99944,100,100388,100,99926,100,100438,100,99925,100,100446,100,99919,100,100624,100,99908,100,101112,100,99863,100,101576,100,99853,100
2019-06-28 09:48:05.884868539,100236,199,100064,199,100256,196,100018,196,100257,296,99959,196,100331,100,99944,100,100388,100,99926,100,100438,100,99925,100,100446,100,99919,100,100624,100,99908,100,101112,100,99863,100,101576,100,99853,100
2019-06-28 09:48:10.000000000,100236,245,100064,245,100256,245,100018,245,100257,200,99959,100,100331,100,99944,100,100388,100,99926,100,100438,100,99925,100,100446,100,99919,100,100624,100,99908,100,101112,100,99863,100,101576,100,99853,100
2019-06-28 09:48:13.546088739,100236,245,100064,245,100256,245,100018,245,100257,200,99959,100,100331,100,99944,100,100388,100,99926,100,100438,100,99925,100,100446,100,99919,100,100624,100,99908,100,101112,100,99863,100,101576,100,99853,100
2019-06-28 09:48:20.000000000,100236,199,100064,199,100256,196,100018,196,100257,296,99959,196,100331,100,99944,100,100388,100,99926,100,100438,100,99925,100,100446,100,99919,100,100624,100,99908,100,101112,100,99863,100,101576,100,99853,100
2019-06-28 09:48:20.014790196,100236,199,100064,99,100256,196,100018,196,100257,296,99959,196,100331,100,99944,100,100388,100,99926,100,100438,100,99925,100,100446,100,99919,100,100624,100,99908,100,101112,100,99863,100,101576,100,99853,100
2019-06-28 09:48:30.000000000,100236,245,100018,245,100256,245,99959,245,100257,200,99944,100,100331,100,99926,100,100388,100,99925,100,100438,100,99919,100,100446,100,99908,100,100624,100,99863,100,101112,100,99853,100,101576,100,99824,100
2019-06-28 09:48:34.170609551,100236,245,100018,245,100256,245,99959,245,100257,200,99944,100,100331,100,99926,100,100388,100,99925,100,100438,100,99919,100,100446,100,99908,100,100624,100,99863,100,101576,100,99853,100,101674,100,99824,100
2019-06-28 09:48:39.717047859,100236,245,100018,245,100256,245,99959,145,100257,200,99944,100,100331,100,99926,100,100388,100,99925,100,100438,100,99919,100,100446,100,99908,100,100624,100,99863,100,101576,100,99853,100,101674,100,99824,100
2019-06-28 09:48:40.000000000,100236,172,100018,172,100256,172,99944,172,100257,272,99926,172,100331,172,99925,172,100388,100,99919,100,100438,100,99908,100,100446,100,99863,100,100624,100,99853,100,101576,100,99824,100,101674,100,99777,100
2019-06-28 09:48:41.634617641,100236,172,100018,172,100256,172,99944,172,100257,272,99926,172,100331,172,99925,172,100388,100,99919,100,100438,100,99908,100,100446,100,99863,100,100624,100,99824,100,101576,100,99777,100,101674,100,99723,100
2019-06-28 09:48:48.335305996,100236,172,100018,72,100256,172,99944,172,100257,272,99926,172,100331,172,99925,172,100388,100,99919,100,100438,100,99908,100,100446,100,99863,100,100624,100,99824,100,101576,100,99777,100,101674,100,99723,100
2019-06-28 09:48:50.000000000,100236,172,99944,172,100256,172,99926,172,100257,272,99925,172,100331,172,99919,172,100388,100,99908,100,100438,100,99863,100,100446,100,99824,100,100624,100,99777,100,101576,100,99723,100,101674,100,99722,100
2019-06-28 09:48:51.887983041,100236,172,100083,100,100256,172,99944,172,100257,272,99926,172,100331,172,99925,172,100388,100,99919,172,100438,100,99908,100,100446,100,99863,100,100624,100,99824,100,101576,100,99777,100,101674,100,99723,100
2019-06-28 09:48:56.296291167,100236,172,100083,100,100256,172,99944,172,100257,272,99926,172,100331,172,99925,172,100388,100,99919,172,100438,100,99908,100,100446,100,99863,100,100624,100,99824,100,101576,100,99783,100,101674,100,99723,100
2019-06-28 09:49:00.000000000,100236,172,100083,172,100256,172,99944,172,100257,272,99926,172,100331,172,99925,172,100388,100,99919,100,100438,100,99908,100,100446,100,99863,100,100624,100,99824,100,101576,100,99783,100,101674,100,99723,100
2019-06-28 09:49:00.519596904,100236,172,100083,172,100256,172,100018,100,100257,272,99944,172,100331,172,99926,172,100388,100,99925,172,100438,100,99919,100,100446,100,99908,100,100624,100,99863,100,101576,100,99824,100,101674,100,99783,100
2019-06-28 09:49:10.000000000,100236,245,100083,245,100256,245,100018,245,100257,200,99944,100,100331,100,99926,100,100388,100,99925,100,100438,100,99919,100,100446,100,99908,100,100624,100,99863,100,101576,100,99824,100,101674,100,99783,100
2019-06-28 09:49:10.097129638,100236,245,100083,245,100256,245,100019,100,100257,200,100018,245,100331,100,99944,100,100388,100,99926,100,100438,100,99925,100,100446,100,99919,100,100624,100,99908,100,101576,100,99863,100,101674,100,99824,100
2019-06-28 09:49:17.763377092,100236,245,100083,145,100256,245,100019,100,100257,200,100018,245,100331,100,99944,100,100388,100,99926,100,100438,100,99919,100,100446,100,99908,100,100624,100,99863,100,101576,100,99824,100,101674,100,99783,100
2019-06-28 09:49:20.000000000,100236,245,100019,245,100256,245,100018,245,100257,200,99944,100,100331,100,99926,100,100388,100,99919,100,100438,100,99908,100,100446,100,99863,100,100624,100,99824,100,101576,100,99783,100,101674,100,99723,100
2019-06-28 09:49:24.855904110,100236,245,100019,145,100256,245,100018,245,100257,200,99944,100,100331,100,99926,100,100388,100,99919,100,100438,100,99908,100,100446,100,99863,100,100624,100,99824,100,101576,100,99783,100,101674,100,99723,100
2019-06-28 09:49:27.061356704,100083,100,100019,145,100236,245,100018,245,100256,245,99944,100,100257,200,99926,100,100331,100,99919,100,100388,100,99908,100,100438,100,99863,100,100446,100,99824,100,100624,100,99783,100,101576,100,99723,100
2019-06-28 09:49:30.000000000,100083,158,100018,158,100236,158,99944,158,100256,158,99926,158,100257,258,99919,158,100331,158,99908,158,100388,100,99863,100,100438,100,99824,100,100446,100,99783,100,100624,100,99723,100,101576,100,99634,100
2019-06-28 09:49:33.628144101,100083,158,100018,58,100236,158,99944,158,100256,158,99926,158,100257,258,99919,158,100331,158,99908,158,100388,100,99863,100,100438,100,99824,100,100446,100,99723,100,100624,100,99634,100,101576,100,99605,100
2019-06-28 09:49:40.000000000,100083,158,99944,158,100236,158,99926,158,100256,158,99919,158,100257,258,99908,158,100331,158,99863,158,100388,100,99824,100,100438,100,99723,100,100446,100,99634,100,100624,100,99605,100,101576,100,99431,100
2019-06-28 09:49:43.941525160,100083,158,99944,158,100236,158,99926,158,100256,158,99919,158,100257,258,99908,158,100331,158,99889,100,100388,100,99863,158,100438,100,99824,100,100446,100,99723,100,100624,100,99634,100,101576,100,99605,100
2019-06-28 09:49:50.000000000,100083,199,99944,199,100236,196,99926,196,100256,196,99919,196,100257,200,99908,100,100331,100,99889,100,100388,100,99863,100,100438,100,99824,100,100446,100,99723,100,100624,100,99634,100,101576,100,99605,100
2019-06-28 09:49:50.894446179,100011,100,99944,199,100083,199,99926,196,100236,196,99919,196,100256,196,99908,100,100257,200,99889,100,100331,100,99863,100,100388,100,99824,100,100438,100,99634,100,100446,100,99605,100,100624,100,99431,100
2019-06-28 09:50:00.000000000,100011,199,99944,199,100083,196,99926,196,100236,196,99919,196,100256,100,99908,100,100257,200,99889,100,100331,100,99863,100,100388,100,99824,100,100438,100,99634,100,100446,100,99605,100,100624,100,99431,100
2019-06-28 09:50:10.000000000,100011,390,99944,390,100083,100,99926,100,100236,100,99919,100,100256,100,99908,100,100257,200,99889,100,100331,100,99863,100,100388,100,99824,100,100438,100,99634,100,100446,100,99605,100,100624,100,99431,100
2019-06-28 09:50:14.898303815,100011,390,99944,390,100083,100,99926,100,100236,100,99919,100,100256,100,99908,100,100257,200,99889,100,100331,100,99863,100,100388,100,99824,100,100438,100,99634,100,100446,100,99605,100,100624,100,99568,100
2019-06-28 09:50:20.000000000,100011,172,99944,172,100083,172,99926,172,100236,172,99919,172,100256,172,99908,172,100257,200,99889,100,100331,100,99863,100,100388,100,99824,100,100438,100,99634,100,100446,100,99605,100,100624,100,99568,100
2019-06-28 09:50:28.755562158,100011,172,99944,72,100083,172,99926,172,100236,172,99919,172,100256,172,99908,172,100257,200,99889,100,100331,100,99863,100,100388,100,99824,100,100438,100,99634,100,100446,100,99605,100,100624,100,99568,100
2019-06-28 09:50:30.000000000,100011,245,99926,245,100083,245,99919,245,100236,100,99908,100,100256,100,99889,100,100257,200,99863,100,100331,100,99824,100,100388,100,99634,100,100438,100,99605,100,100446,100,99568,100,100624,100,99431,100
2019-06-28 09:50:37.118773394,100011,245,99926,245,100083,245,99919,245,100236,100,99908,100,100256,100,99889,100,100257,200,99863,100,100331,100,99824,100,100388,100,99634,100,100438,100,99605,100,100446,100,99568,100,100624,100,99431,100
2019-06-28 09:50:38.118779977,100011,245,99926,245,100083,245,99919,245,100236,100,99908,100,100256,100,99889,100,100257,200,99863,100,100331,100,99824,100,100388,100,99634,100,100438,100,99605,100,100446,100,99568,100,100624,100,99431,100
2019-06-28 09:50:39.511543265,100011,145,99926,145,100083,245,99919,245,100236,100,99908,100,100256,100,99889,100,100257,200,99863,100,100331,100,99824,100,100388,100,99634,100,100438,100,99605,100,100446,100,99568,100,100624,100,99431,100
2019-06-28 09:50:40.000000000,100083,158,99919,158,100236,158,99908,158,100256,158,99889,158,100257,258,99863,158,100331,158,99824,158,100388,100,99634,100,100438,100,99605,100,100446,100,99568,100,100624,100,99431,100,101576,100,99378,100
2019-06-28 09:50:47.900169732,99944,100,99919,158,100083,158,99908,158,100236,158,99889,158,100256,58,99863,158,100257,258,99824,158,100331,158,99634,100,100388,100,99605,100,100438,100,99568,100,100446,100,99431,100,100624,100,99378,100
2019-06-28 09:50:50.000000000,99944,245,99919,245,100083,245,99908,245,100236,100,99889,100,100257,200,99863,100,100331,100,99824,100,100388,100,99634,100,100438,100,99605,100,100446,100,99568,100,100624,100,99431,100,101576,100,99378,100
2019-06-28 09:50:57.723861402,99944,245,99919,145,100083,245,99908,245,100236,100,99889,100,100257,200,99863,100,100331,100,99824,100,100388,100,99634,100,100438,100,99605,100,100446,100,99597,100,100624,100,99568,100,101576,100,99431,100
2019-06-28 09:51:00.000000000,99944,172,99908,172,100083,172,99889,172,100236,172,99863,172,100257,272,99824,172,100331,100,99634,100,100388,100,99605,100,100438,100,99597,100,100446,100,99568,100,100624,100,99431,100,101576,100,99378,100
2019-06-28 09:51:02.833654178,99944,172,99908,72,100083,172,99889,172,100236,172,99863,172,100257,272,99824,172,100331,100,99634,100,100388,100,99597,100,100438,100,99568,100,100446,100,99431,100,100624,100,99378,100,101576,100,99254,100
2019-06-28 09:51:10.000000000,99944,199,99889,199,100083,196,99863,196,100236,196,99824,196,100257,200,99634,100,100331,100,99597,100,100388,100,99568,100,100438,100,99431,100,100446,100,99378,100,100624,100,99254,100,101576,100,,
2019-06-28 09:51:16.406478730,99944,199,99889,199,100083,196,99863,196,100236,196,99824,196,100257,200,99634,100,100331,100,99597,100,100388,100,99568,100,100438,100,99450,100,100446,100,99431,100,100624,100,99378,100,101576,100,99254,100
2019-06-28 09:51:17.951700943,99926,100,99889,199,99944,199,99863,196,100083,196,99824,196,100236,196,99634,100,100257,200,99597,100,100331,100,99568,100,100388,100,99450,100,100438,100,99431,100,100446,100,99378,100,100624,100,99254,100
2019-06-28 09:51:20.000000000,99926,172,99889,172,99944,172,99863,172,100083,172,99824,172,100236,172,99634,172,100257,200,99597,100,100331,100,99568,100,100388,100,99450,100,100438,100,99431,100,100446,100,99378,100,100624,100,99254,100
2019-06-28 09:51:25.527916749,99926,172,99889,172,99944,172,99863,72,100083,172,99824,172,100236,172,99634,172,100257,200,99597,100,100331,100,99568,100,100388,100,99450,100,100438,100,99431,100,100446,100,99405,100,100624,100,99378,100
2019-06-28 09:51:30.000000000,99926,390,99889,390,99944,100,99824,100,100083,100,99634,100,100236,100,99597,100,100257,200,99568,100,100331,100,99450,100,100388,100,99431,100,100438,100,99405,100,100446,100,99378,100,100624,100,99254,100
2019-06-28 09:51:40.000000000,99926,172,99889,172,99944,172,99824,172,100083,172,99634,172,100236,172,99597,172,100257,200,99568,100,100331,100,99450,100,100388,100,99431,100,100438,100,99405,100,100446,100,99378,100,100624,100,99254,100
2019-06-28 09:51:50.000000000,99926,245,99889,245,99944,245,99824,245,100083,100,99634,100,100236,100,99597,100,100257,200,99568,100,100331,100,99450,100,100388,100,99431,100,100438,100,99405,100,100446,100,99378,100,100624,100,99254,100
2019-06-28 09:52:00.000000000,99926,199,99889,199,99944,196,99824,196,100083,196,99634,196,100236,100,99597,100,100257,200,99568,100,100331,100,99450,100,100388,100,99431,100,100438,100,99405,100,100446,100,99378,100,100624,100,99254,100
2019-06-28 09:52:10.000000000,99926,245,99889,245,99944,245,99824,245,100083,100,99634,100,100236,100,99597,100,100257,200,99568,100,100331,100,99450,100,100388,100,99431,100,100438,100,99405,100,100446,100,99378,100,100624,100,99254,100
2019-06-28 09:52:20.000000000,99926,172,99889,172,99944,172,99824,172,100083,172,99634,172,100236,172,99597,172,100257,200,99568,100,100331,100,99450,100,100388,100,99431,100,100438,100,99405,100,100446,100,99378,100,100624,100,99254,100
2019-06-28 09:52:22.319877822,99926,172,99889,172,99944,172,99824,172,100083,172,99634,172,100236,72,99597,172,100257,200,99568,100,100331,100,99450,100,100388,100,99431,100,100438,100,99405,100,100446,100,99378,100,100624,100,99254,100
2019-06-28 09:52:23.346968060,99926,172,99889,72,99944,172,99824,172,100083,172,99634,172,100236,72,99597,172,100257,200,99568,100,100331,100,99450,100,100388,100,99431,100,100438,100,99405,100,100446,100,99378,100,100624,100,99254,100
2019-06-28 09:52:30.000000000,99926,245,99824,245,99944,245,99634,245,100083,100,99597,100,100257,200,99568,100,100331,100,99450,100,100388,100,99431,100,100438,100,99405,100,100446,100,99378,100,100624,100,99254,100,101576,100,,
2019-06-28 09:52:33.150637342,99926,245,99824,145,99944,245,99634,245,100083,100,99597,100,100257,200,99568,100,100331,100,99450,100,100388,100,99431,100,100438,100,99405,100,100446,100,99378,100,100624,100,99254,100,101576,100,,
2019-06-28 09:52:40.000000000,99926,390,99634,390,99944,100,99597,100,100083,100,99568,100,100257,200,99450,100,100331,100,99431,100,100388,100,99405,100,100438,100,99378,100,100446,100,99254,100,100624,100,,,101576,100,,
2019-06-28 09:52:50.000000000,99926,158,99634,158,99944,158,99597,158,100083,158,99568,158,100257,258,99450,158,100331,158,99431,158,100388,100,99405,100,100438,100,99378,100,100446,100,99254,100,100624,100,,,101576,100,,
2019-06-28 09:53:00.000000000,99926,245,99634,245,99944,245,99597,245,100083,100,99568,100,100257,200,99450,100,100331,100,99431,100,100388,100,99405,100,100438,100,99378,100,100446,100,99254,100,100624,100,,,101576,100,,
2019-06-28 09:53:10.000000000,99926,158,99634,158,99944,158,99597,158,100083,158,99568,158,100257,258,99450,158,100331,158,99431,158,100388,100,99405,100,100438,100,99378,100,100446,100,99254,100,100624,100,,,101576,100,,
2019-06-28 09:53:13.844157479,99926,158,99634,58,99944,158,99597,58,100083,158,99568,158,100257,258,99450,158,100331,158,99431,158,100388,100,99405,100,100438,100,99378,100,100446,100,99254,100,100624,100,,,101576,100,,
2019-06-28 09:53:20.000000000,99926,158,99568,158,99944,158,99450,158,100083,158,99431,158,100257,258,99405,158,100331,158,99378,158,100388,100,99254,100,100438,100,,,100446,100,,,100624,100,,,101576,100,,
2019-06-28 09:53:30.000000000,99926,158,99568,158,99944,158,99450,158,100083,158,99431,158,100257,258,99405,158,100331,158,99378,158,100388,100,99254,100,100438,100,,,100446,100,,,100624,100,,,101576,100,,
2019-06-28 09:53:40.000000000,99926,172,99568,172,99944,172,99450,172,100083,172,99431,172,100257,272,99405,172,100331,100,99378,100,100388,100,99254,100,100438,100,,,100446,100,,,100624,100,,,101576,100,,
2019-06-28 09:53:50.000000000,99926,390,99568,390,99944,100,99450,100,100083,100,99431,100,100257,200,99405,100,100331,100,99378,100,100388,100,99254,100,100438,100,,,100446,100,,,100624,100,,,101576,100,,
2019-06-28 09:54:00.000000000,99926,199,99568,199,99944,196,99450,196,100083,196,99431,196,100257,200,99405,100,100331,100,99378,100,100388,100,99254,100,100438,100,,,100446,100,,,100624,100,,,101576,100,,
2019-06-28 09:54:10.000000000,99926,245,99568,245,99944,245,99450,245,100083,100,99431,100,100257,200,99405,100,100331,100,99378,100,100388,100,99254,100,100438,100,,,100446,100,,,100624,100,,,101576,100,,
2019-06-28 09:54:20.000000000,99926,245,99568,245,99944,245,99450,245,100083,100,99431,100,100257,200,99405,100,100331,100,99378,100,100388,100,99254,100,100438,100,,,100446,100,,,100624,100,,,101576,100,,
2019-06-28 09:54:30.000000000,99926,158,99568,158,99944,158,99450,158,100083,158,99431,158,100257,258,99405,158,100331,158,99378,158,100388,100,99254,100,100438,100,,,100446,100,,,100624,100,,,101576,100,,
2019-06-28 09:54:40.000000000,99926,245,99568,245,99944,245,99450,245,100083,100,99431,100,100257,200,99405,100,100331,100,99378,100,100388,100,99254,100,100438,100,,,100446,100,,,100624,100,,,101576,100,,
2019-06-28 09:54:50.000000000,99926,390,99568,390,99944,100,99450,100,100083,100,99431,100,100257,200,99405,100,100331,100,99378,100,100388,100,99254,100,100438,100,,,100446,100,,,100624,100,,,101576,100,,
2019-06-28 09:55:00.000000000,99926,172,99568,172,99944,172,99450,172,100083,172,99431,172,100257,272,99405,172,100331,100,99378,100,100388,100,99254,100,100438,100,,,100446,100,,,100624,100,,,101576,100,,
2019-06-28 09:55:07.850150427,99926,172,99890,100,99944,172,99568,172,100083,172,99450,172,100257,272,99431,172,100331,100,99405,172,100388,100,99378,100,100438,100,99254,100,100446,100,,,100624,100,,,101576,100,,
2019-06-28 09:55:10.000000000,99926,172,99890,172,99944,172,99568,172,100083,172,99450,172,100257,272,99431,172,100331,100,99405,100,100388,100,99378,100,100438,100,99254,100,100446,100,,,100624,100,,,101576,100,,
2019-06-28 09:55:20.000000000,99926,199,99890,199,99944,196,99568,196,100083,196,99450,196,100257,200,99431,100,100331,100,99405,100,100388,100,99378,100,100438,100,99254,100,100446,100,,,100624,100,,,101576,100,,
2019-06-28 09:55:25.805132369,99926,199,99890,199,99944,196,99825,100,100083,196,99568,196,100257,200,99450,196,100331,100,99431,100,100388,100,99405,100,100438,100,99378,100,100446,100,99254,100,100624,100,,,101576,100,,
2019-06-28 09:55:30.000000000,99926,390,99890,390,99944,100,99825,100,100083,100,99568,100,100257,200,99450,100,100331,100,99431,100,100388,100,99405,100,100438,100,99378,100,100446,100,99254,100,100624,100,,,101576,100,,
2019-06-28 09:55:30.380516021,99900,100,99890,390,99926,390,99825,100,99944,100,99568,100,100083,100,99450,100,100257,200,99431,100,100331,100,99405,100,100388,100,99378,100,100438,100,99254,100,100446,100,,,100624,100,,
2019-06-28 09:55:40.000000000,99900,172,99890,172,99926,172,99825,172,99944,172,99568,172,100083,172,99450,172,100257,200,99431,100,100331,100,99405,100,100388,100,99378,100,100438,100,99254,100,100446,100,,,100624,100,,
2019-06-28 09:55:43.195810875,99900,172,99890,172,99926,172,99836,100,99944,172,99825,172,100083,172,99568,172,100257,200,99450,172,100331,100,99431,100,100388,100,99405,100,100438,100,99254,100,100446,100,,,100624,100,,
2019-06-28 09:55:49.706334520,99900,172,99890,172,99926,172,99836,100,99944,172,99825,72,100083,172,99568,172,100257,200,99450,172,100331,100,99431,100,100388,100,99405,100,100438,100,99254,100,100446,100,,,100624,100,,
2019-06-28 09:55:50.000000000,99900,245,99890,245,99926,245,99836,245,99944,100,99568,100,100083,100,99450,100,100257,200,99431,100,100331,100,99405,100,100388,100,99254,100,100438,100,,,100446,100,,,100624,100,,
2019-06-28 09:56:00.000000000,99900,390,99890,390,99926,100,99836,100,99944,100,99568,100,100083,100,99450,100,100257,200,99431,100,100331,100,99405,100,100388,100,99254,100,100438,100,,,100446,100,,,100624,100,,
2019-06-28 09:56:06.543750217,99900,390,99890,390,99926,100,99836,100,99944,100,99568,100,100257,200,99450,100,100331,100,99431,100,100388,100,99405,100,100438,100,99254,100,100446,100,,,100624,100,,,101576,100,,
2019-06-28 09:56:10.000000000,99900,199,99890,199,99926,196,99836,196,99944,196,99568,196,100257,200,99450,100,100331,100,99431,100,100388,100,99405,100,100438,100,99254,100,100446,100,,,100624,100,,,101576,100,,
2019-06-28 09:56:20.000000000,99900,172,99890,172,99926,172,99836,172,99944,172,99568,172,100257,272,99450,172,100331,100,99431,100,100388,100,99405,100,100438,100,99254,100,100446,100,,,100624,100,,,101576,100,,
2019-06-28 09:56:30.000000000,99900,158,99890,158,99926,158,99836,158,99944,158,99568,158,100257,258,99450,158,100331,158,99431,158,100388,100,99405,100,100438,100,99254,100,100446,100,,,100624,100,,,101576,100,,
2019-06-28 09:56:33.545629431,99900,158,99890,58,99926,158,99836,158,99944,158,99568,158,100257,258,99450,158,100331,158,99431,158,100388,100,99405,100,100438,100,99254,100,100446,100,,,100624,100,,,101576,100,,
2019-06-28 09:56:40.000000000,99900,390,99836,390,99926,100,99568,100,99944,100,99450,100,100257,200,99431,100,100331,100,99405,100,100388,100,99254,100,100438,100,,,100446,100,,,100624,100,,,101576,100,,
2019-06-28 09:56:45.089266605,99900,390,99836,390,99926,100,99635,100,99944,100,99568,100,100257,200,99450,100,100331,100,99431,100,100388,100,99405,100,100438,100,99254,100,100446,100,,,100624,100,,,101576,100,,
2019-06-28 09:56:50.000000000,99900,172,99836,172,99926,172,99635,172,99944,172,99568,172,100257,272,99450,172,100331,100,99431,100,100388,100,99405,100,100438,100,99254,100,100446,100,,,100624,100,,,101576,100,,
2019-06-28 09:56:52.322460672,99900,172,99836,172,99926,172,99635,172,99944,172,99568,172,100257,272,99450,172,100331,100,99431,100,100388,100,99405,100,100438,100,99288,100,100446,100,99254,100,100624,100,,,101576,100,,
2019-06-28 09:57:00.000000000,99900,172,99836,172,99926,172,99635,172,99944,172,99568,172,100257,272,99450,172,100331,100,99431,100,100388,100,99405,100,100438,100,99288,100,100446,100,99254,100,100624,100,,,101576,100,,
2019-06-28 09:57:04.197916324,99900,172,99836,72,99926,172,99635,172,99944,172,99568,172,100257,272,99450,172,100331,100,99431,100,100438,100,99405,100,100446,100,99288,100,100624,100,99254,100,101576,100,,,101674,100,,
2019-06-28 09:57:10.000000000,99900,172,99635,172,99926,172,99568,172,99944,172,99450,172,100257,272,99431,172,100331,100,99405,100,100438,100,99288,100,100446,100,99254,100,100624,100,,,101576,100,,,101674,100,,
2019-06-28 09:57:12.134027872,99858,100,99635,172,99900,172,99568,172,99926,172,99450,172,99944,172,99431,172,100257,272,99405,100,100331,100,99288,100,100438,100,99254,100,100446,100,,,100624,100,,,101576,100,,
2019-06-28 09:57:19.067027521,99858,100,99635,172,99890,100,99568,172,99900,172,99450,172,99926,172,99431,172,99944,172,99405,100,100257,272,99288,100,100331,100,99254,100,100438,100,,,100446,100,,,100624,100,,
2019-06-28 09:57:20.000000000,99858,390,99635,390,99890,100,99568,100,99900,100,99450,100,99926,100,99431,100,99944,100,99405,100,100257,200,99288,100,100331,100,99254,100,100438,100,,,100446,100,,,100624,100,,
2019-06-28 09:57:30.000000000,99858,245,99635,245,99890,245,99568,245,99900,100,99450,100,99926,100,99431,100,99944,100,99405,100,100257,200,99288,100,100331,100,99254,100,100438,100,,,100446,100,,,100624,100,,
2019-06-28 09:57:31.549264809,99858,245,99635,245,99890,245,99568,245,99900,100,99462,100,99926,100,99450,100,99944,100,99431,100,100257,200,99405,100,100438,100,99288,100,100446,100,99254,100,100624,100,,,101576,100,,
2019-06-28 09:57:31.848739261,99858,245,99635,245,99890,245,99568,245,99900,100,99462,100,99926,100,99450,100,99944,100,99431,100,100257,100,99405,100,100438,100,99288,100,100446,100,99254,100,100624,100,,,101576,100,,
2019-06-28 09:57:40.000000000,99858,390,99635,390,99890,100,99568,100,99900,100,99462,100,99926,100,99450,100,99944,100,99431,100,100257,100,99405,100,100438,100,99288,100,100446,100,99254,100,100624,100,,,101576,100,,
2019-06-28 09:57:50.000000000,99858,245,99635,245,99890,245,99568,245,99900,100,99462,100,99926,100,99450,100,99944,100,99431,100,100257,100,99405,100,100438,100,99288,100,100446,100,99254,100,100624,100,,,101576,100,,
2019-06-28 09:58:00.000000000,99858,390,99635,390,99890,100,99568,100,99900,100,99462,100,99926,100,99450,100,99944,100,99431,100,100257,100,99405,100,100438,100,99288,100,100446,100,99254,100,100624,100,,,101576,100,,
2019-06-28 09:58:10.000000000,99858,245,99635,245,99890,245,99568,245,99900,100,99462,100,99926,100,99450,100,99944,100,99431,100,100257,100,99405,100,100438,100,99288,100,100446,100,99254,100,100624,100,,,101576,100,,
2019-06-28 09:58:13.841101640,99858,245,99635,145,99890,245,99568,245,99900,100,99462,100,99926,100,99450,100,99944,100,99431,100,100257,100,99405,100,100438,100,99288,100,100446,100,99254,100,100624,100,,,101576,100,,
2019-06-28 09:58:17.064495394,99725,100,99635,145,99858,245,99568,245,99890,245,99462,100,99900,100,99450,100,99926,100,99431,100,99944,100,99405,100,100257,100,99288,100,100438,100,99254,100,100446,100,,,100624,100,,
2019-06-28 09:58:20.000000000,99725,245,99568,245,99858,245,99462,245,99890,100,99450,100,99900,100,99431,100,99926,100,99405,100,99944,100,99288,100,100257,100,99254,100,100438,100,,,100446,100,,,100624,100,,
2019-06-28 09:58:30.000000000,99725,245,99568,245,99858,245,99462,245,99890,100,99450,100,99900,100,99431,100,99926,100,99405,100,99944,100,99288,100,100257,100,99254,100,100438,100,,,100446,100,,,100624,100,,
2019-06-28 09:58:32.228793981,99574,100,99568,245,99725,245,99462,245,99858,245,99450,100,99890,100,99431,100,99900,100,99405,100,99926,100,99288,100,99944,100,99254,100,100257,100,,,100438,100,,,100624,100,,
2019-06-28 09:58:40.000000000,99574,390,99568,390,99725,100,99462,100,99858,100,99450,100,99890,100,99431,100,99900,100,99405,100,99926,100,99288,100,99944,100,99254,100,100257,100,,,100438,100,,,100624,100,,
2019-06-28 09:58:40.388138690,99574,390,99568,390,99725,100,99462,100,99836,100,99450,100,99858,100,99431,100,99890,100,99405,100,99900,100,99288,100,99926,100,99254,100,99944,100,,,100257,100,,,100438,100,,
2019-06-28 09:58:44.297748721,99574,290,99568,290,99725,100,99462,100,99836,100,99450,100,99858,100,99431,100,99890,100,99405,100,99900,100,99288,100,99926,100,99254,100,99944,100,,,100257,100,,,100438,100,,
2019-06-28 09:58:46.509391715,99574,290,99568,190,99725,100,99462,100,99836,100,99450,100,99858,100,99431,100,99890,100,99288,100,99900,100,99254,100,99926,100,,,99944,100,,,100257,100,,,100438,100,,
2019-06-28 09:58:50.000000000,99725,199,99462,199,99836,196,99450,196,99858,196,99431,196,99890,100,99288,100,99900,100,99254,100,99926,100,,,99944,100,,,100257,100,,,100438,100,,,100624,100,,
2019-06-28 09:59:00.000000000,99725,245,99462,245,99836,245,99450,245,99858,100,99431,100,99890,100,99288,100,99900,100,99254,100,99926,100,,,99944,100,,,100257,100,,,100438,100,,,100624,100,,
2019-06-28 09:59:07.741957167,99725,245,99462,245,99836,245,99450,245,99858,100,99431,100,99890,100,99391,100,99900,100,99288,100,99926,100,99254,100,99944,100,,,100257,100,,,100438,100,,,100624,100,,
2019-06-28 09:59:10.000000000,99725,245,99462,245,99836,245,99450,245,99858,100,99431,100,99890,100,99391,100,99900,100,99288,100,99926,100,99254,100,99944,100,,,100257,100,,,100438,100,,,100624,100,,
2019-06-28 09:59:20.000000000,99725,172,99462,172,99836,172,99450,172,99858,172,99431,172,99890,172,99391,172,99900,100,99288,100,99926,100,99254,100,99944,100,,,100257,100,,,100438,100,,,100624,100,,
2019-06-28 09:59:20.701457304,99725,172,99462,72,99836,172,99450,172,99858,172,99431,172,99890,172,99391,172,99900,100,99288,100,99926,100,99254,100,99944,100,,,100257,100,,,100438,100,,,100624,100,,
2019-06-28 09:59:28.114710209,99725,172,99462,72,99836,172,99450,172,99858,172,99431,172,99890,172,99391,172,99900,100,99288,100,99926,100,99254,100,99944,100,99232,100,100257,100,,,100438,100,,,100624,100,,
2019-06-28 09:59:30.000000000,99725,199,99450,199,99836,196,99431,196,99858,196,99391,196,99890,100,99288,100,99900,100,99254,100,99926,100,99232,100,99944,100,,,100257,100,,,100438,100,,,100624,100,,
2019-06-28 09:59:40.000000000,99725,390,99450,390,99836,100,99431,100,99858,100,99391,100,99890,100,99288,100,99900,100,99254,100,99926,100,99232,100,99944,100,,,100257,100,,,100438,100,,,100624,100,,
2019-06-28 09:59:50.000000000,99725,172,99450,172,99836,172,99431,172,99858,172,99391,172,99890,172,99288,172,99900,100,99254,100,99926,100,99232,100,99944,100,,,100257,100,,,100438,100,,,100624,100,,
2019-06-28 09:59:58.266628475,99725,172,99450,72,99836,172,99431,172,99858,172,99391,172,99890,172,99288,172,99900,100,99254,100,99926,100,99232,100,99944,100,,,100257,100,,,100438,100,,,100624,100,,
2019-06-28 10:00:00.000000000,99725,158,99431,158,99836,158,99391,158,99858,158,99288,158,99890,158,99254,158,99900,158,99232,158,99926,100,,,99944,100,,,100257,100,,,100438,100,,,100624,100,,
2019-06-28 10:00:10.000000000,99725,390,99431,390,99836,100,99391,100,99858,100,99288,100,99890,100,99254,100,99900,100,99232,100,99926,100,,,99944,100,,,100257,100,,,100438,100,,,100624,100,,
2019-06-28 10:00:12.471011726,99725,390,99431,390,99836,100,99391,100,99858,100,99288,100,99890,100,99254,100,99900,100,99232,100,99926,100,99146,100,99944,100,,,100257,100,,,100438,100,,,100624,100,,
2019-06-28 10:00:20.000000000,99725,245,99431,245,99836,245,99391,245,99858,100,99288,100,99890,100,99254,100,99900,100,99232,100,99926,100,99146,100,99944,100,,,100257,100,,,100438,100,,,100624,100,,
2019-06-28 10:00:26.487231962,99462,100,99431,245,99725,245,99391,245,99836,245,99288,100,99858,100,99254,100,99890,100,99232,100,99900,100,99146,100,99926,100,,,99944,100,,,100257,100,,,100438,100,,
2019-06-28 10:00:30.000000000,99462,245,99431,245,99725,245,99391,245,99836,100,99288,100,99858,100,99254,100,99890,100,99232,100,99900,100,99146,100,99926,100,,,99944,100,,,100257,100,,,100438,100,,
2019-06-28 10:00:31.874258545,99462,245,99431,145,99725,245,99391,245,99836,100,99288,100,99858,100,99254,100,99890,100,99232,100,99900,100,99146,100,99926,100,,,99944,100,,,100257,100,,,100438,100,,
2019-06-28 10:00:38.030890886,99462,245,99431,145,99725,245,99391,245,99836,100,99288,100,99858,100,99254,100,99890,100,99232,100,99900,100,99146,100,99926,100,98810,100,99944,100,,,100257,100,,,100438,100,,
2019-06-28 10:00:40.000000000,99462,199,99391,199,99725,196,99288,196,99836,196,99254,196,99858,100,99232,100,99890,100,99146,100,99900,100,98810,100,99926,100,,,99944,100,,,100257,100,,,100438,100,,
2019-06-28 10:00:41.248120715,99462,199,99391,199,99725,196,99288,196,99836,196,99254,196,99858,100,99232,100,99890,100,99146,100,99900,100,98854,100,99926,100,98810,100,99944,100,,,100257,100,,,100438,100,,
2019-06-28 10:00:48.876227555,99462,199,99391,99,99725,196,99288,196,99836,196,99254,196,99858,100,99232,100,99890,100,99146,100,99900,100,98854,100,99926,100,98810,100,99944,100,98740,100,100257,100,,,100438,100,,
2019-06-28 10:00:50.000000000,99462,390,99288,390,99725,100,99254,100,99836,100,99232,100,99858,100,99146,100,99890,100,98854,100,99900,100,98810,100,99926,100,98740,100,99944,100,,,100257,100,,,100438,100,,
2019-06-28 10:01:00.000000000,99462,245,99288,245,99725,245,99254,245,99836,100,99232,100,99858,100,99146,100,99890,100,98854,100,99900,100,98810,100,99926,100,98740,100,99944,100,,,100257,100,,,100438,100,,
2019-06-28 10:01:10.000000000,99462,245,99288,245,99725,245,99254,245,99836,100,99232,100,99858,100,99146,100,99890,100,98854,100,99900,100,98810,100,99926,100,98740,100,99944,100,,,100257,100,,,100438,100,,
2019-06-28 10:01:11.622915463,99462,245,99288,245,99725,245,99254,245,99836,100,99232,100,99858,100,99146,100,99890,100,98854,100,99900,100,98810,100,99926,100,98740,100,99944,100,98612,100,100257,100,,,100438,100,,
2019-06-28 10:01:20.000000000,99462,245,99288,245,99725,245,99254,245,99836,100,99232,100,99858,100,99146,100,99890,100,98854,100,99900,100,98810,100,99926,100,98740,100,99944,100,98612,100,100257,100,,,100438,100,,
2019-06-28 10:01:30.000000000,99462,158,99288,158,99725,158,99254,158,99836,158,99232,158,99858,158,99146,158,99890,158,98854,158,99900,100,98810,100,99926,100,98740,100,99944,100,98612,100,100257,100,,,100438,100,,
2019-06-28 10:01:40.000000000,99462,199,99288,199,99725,196,99254,196,99836,196,99232,196,99858,100,99146,100,99890,100,98854,100,99900,100,98810,100,99926,100,98740,100,99944,100,98612,100,100257,100,,,100438,100,,
2019-06-28 10:01:50.000000000,99462,390,99288,390,99725,100,99254,100,99836,100,99232,100,99858,100,99146,100,99890,100,98854,100,99900,100,98810,100,99926,100,98740,100,99944,100,98612,100,100257,100,,,100438,100,,
2019-06-28 10:02:00.000000000,99462,172,99288,172,99725,172,99254,172,99836,172,99232,172,99858,172,99146,172,99890,100,98854,100,99900,100,98810,100,99926,100,98740,100,99944,100,98612,100,100257,100,,,100438,100,,
2019-06-28 10:02:02.080468081,99462,172,99451,100,99725,172,99288,172,99836,172,99254,172,99858,172,99232,172,99890,100,99146,172,99900,100,98854,100,99926,100,98810,100,99944,100,98740,100,100257,100,98612,100,100438,100,,
2019-06-28 10:02:10.000000000,99462,172,99451,172,99725,172,99288,172,99836,172,99254,172,99858,172,99232,172,99890,100,99146,100,99900,100,98854,100,99926,100,98810,100,99944,100,98740,100,100257,100,98612,100,100438,100,,
2019-06-28 10:02:15.063789082,99462,172,99451,272,99725,172,99288,172,99836,172,99254,172,99858,172,99232,172,99890,100,99146,100,99900,100,98854,100,99926,100,98810,100,99944,100,98740,100,100257,100,98612,100,100438,100,,
2019-06-28 10:02:20.000000000,99462,158,99451,258,99725,158,99288,158,99836,158,99254,158,99858,158,99232,158,99890,158,99146,158,99900,100,98854,100,99926,100,98810,100,99944,100,98740,100,100257,100,98612,100,100438,100,,
2019-06-28 10:02:30.000000000,99462,199,99451,299,99725,196,99288,196,99836,196,99254,196,99858,100,99232,100,99890,100,99146,100,99900,100,98854,100,99926,100,98810,100,99944,100,98740,100,100257,100,98612,100,100438,100,,
2019-06-28 10:02:31.583979054,99462,199,99451,399,99725,196,99288,196,99836,196,99254,196,99858,100,99232,100,99890,100,99146,100,99900,100,98854,100,99926,100,98810,100,99944,100,98740,100,100257,100,98612,100,100438,100,,
2019-06-28 10:02:40.000000000,99462,172,99451,372,99725,172,99288,172,99836,172,99254,172,99858,172,99232,172,99890,100,99146,100,99900,100,98854,100,99926,100,98810,100,99944,100,98740,100,100257,100,98612,100,100438,100,,
2019-06-28 10:02:41.723682408,99462,172,99451,372,99725,172,99288,172,99836,172,99254,172,99842,100,99232,172,99858,172,99146,100,99890,100,98854,100,99900,100,98810,100,99926,100,98740,100,99944,100,98612,100,100257,100,,
2019-06-28 10:02:50.000000000,99462,199,99451,399,99725,196,99288,196,99836,196,99254,196,99842,100,99232,100,99858,100,99146,100,99890,100,98854,100,99900,100,98810,100,99926,100,98740,100,99944,100,98612,100,100257,100,,
2019-06-28 10:03:00.000000000,99462,158,99451,358,99725,158,99288,158,99836,158,99254,158,99842,158,99232,158,99858,158,99146,158,99890,100,98854,100,99900,100,98810,100,99926,100,98740,100,99944,100,98612,100,100257,100,,
2019-06-28 10:03:10.000000000,99462,199,99451,399,99725,196,99288,196,99836,196,99254,196,99842,100,99232,100,99858,100,99146,100,99890,100,98854,100,99900,100,98810,100,99926,100,98740,100,99944,100,98612,100,100257,100,,
2019-06-28 10:03:20.000000000,99462,199,99451,399,99725,196,99288,196,99836,196,99254,196,99842,100,99232,100,99858,100,99146,100,99890,100,98854,100,99900,100,98810,100,99926,100,98740,100,99944,100,98612,100,100257,100,,
2019-06-28 10:03:23.137845705,99462,199,99451,399,99725,196,99288,196,99836,196,99254,196,99842,100,99232,100,99858,100,99146,100,99890,100,98854,100,99900,100,98810,100,99926,100,98740,100,99944,100,98612,100,100257,100,,
2019-06-28 10:03:25.410403870,99462,99,99451,399,99725,196,99288,196,99836,196,99254,196,99842,100,99232,100,99858,100,99146,100,99890,100,98854,100,99900,100,98810,100,99926,100,98740,100,99944,100,98612,100,100257,100,,
2019-06-28 10:03:30.000000000,99725,245,99451,445,99836,245,99288,245,99842,100,99254,100,99858,100,99232,100,99890,100,99146,100,99900,100,98854,100,99926,100,98810,100,99944,100,98740,100,100257,100,98612,100,100438,100,,
2019-06-28 10:03:34.575959928,99725,245,99451,445,99836,245,99288,245,99842,100,99254,100,99858,100,99232,100,99890,100,99146,100,99900,100,98854,100,99926,100,98810,100,99944,100,98740,100,100221,100,98612,100,100257,100,,
2019-06-28 10:03:40.000000000,99725,245,99451,445,99836,245,99288,245,99842,100,99254,100,99858,100,99232,100,99890,100,99146,100,99900,100,98854,100,99926,100,98810,100,99944,100,98740,100,100221,100,98612,100,100257,100,,
2019-06-28 10:03:50.000000000,99725,172,99451,372,99836,172,99288,172,99842,172,99254,172,99858,172,99232,172,99890,100,99146,100,99900,100,98854,100,99926,100,98810,100,99944,100,98740,100,100221,100,98612,100,100257,100,,
2019-06-28 10:04:00.000000000,99725,245,99451,445,99836,245,99288,245,99842,100,99254,100,99858,100,99232,100,99890,100,99146,100,99900,100,98854,100,99926,100,98810,100,99944,100,98740,100,100221,100,98612,100,100257,100,,
2019-06-28 10:04:01.621958910,99725,145,99451,445,99836,245,99288,245,99842,100,99254,100,99858,100,99232,100,99890,100,99146,100,99900,100,98854,100,99926,100,98810,100,99944,100,98740,100,100221,100,98612,100,100257,100,,
2019-06-28 10:04:04.210677239,99725,45,99451,445,99836,245,99288,145,99842,100,99254,100,99858,100,99232,100,99890,100,99146,100,99900,100,98854,100,99926,100,98810,100,99944,100,98740,100,100221,100,98612,100,100257,100,,
2019-06-28 10:04:10.000000000,99836,172,99451,372,99842,172,99254,172,99858,172,99232,172,99890,172,99146,172,99900,100,98854,100,99926,100,98810,100,99944,100,98740,100,100221,100,98612,100,100257,100,,,100438,100,,
2019-06-28 10:04:20.000000000,99836,158,99451,358,99842,158,99254,158,99858,158,99232,158,99890,158,99146,158,99900,158,98854,158,99926,100,98810,100,99944,100,98740,100,100221,100,98612,100,100257,100,,,100438,100,,
2019-06-28 10:04:30.000000000,99836,390,99451,590,99842,100,99254,100,99858,100,99232,100,99890,100,99146,100,99900,100,98854,100,99926,100,98810,100,99944,100,98740,100,100221,100,98612,100,100257,100,,,100438,100,,
2019-06-28 10:04:35.691484243,99836,390,99725,100,99842,100,99451,490,99858,100,99254,100,99890,100,99232,100,99900,100,99146,100,99926,100,98854,100,99944,100,98810,100,100221,100,98740,100,100257,100,98612,100,100438,100,,
2019-06-28 10:04:36.504099655,99836,390,99725,100,99842,100,99451,490,99858,100,99254,100,99890,100,99232,100,99900,100,99146,100,99926,100,98854,100,99944,100,98810,100,100044,100,98740,100,100221,100,98612,100,100257,100,,
2019-06-28 10:04:40.000000000,99836,390,99725,390,99842,100,99451,200,99858,100,99254,100,99890,100,99232,100,99900,100,99146,100,99926,100,98854,100,99944,100,98810,100,100044,100,98740,100,100221,100,98612,100,100257,100,,
2019-06-28 10:04:50.000000000,99836,158,99725,158,99842,158,99451,258,99858,158,99254,158,99890,158,99232,158,99900,158,99146,158,99926,100,98854,100,99944,100,98810,100,100044,100,98740,100,100221,100,98612,100,100257,100,,
2019-06-28 10:04:56.302861090,99836,158,99725,158,99842,158,99451,258,99858,158,99254,158,99890,158,99232,158,99900,58,99146,158,99926,100,98854,100,99944,100,98810,100,100044,100,98740,100,100221,100,98612,100,100257,100,,
2019-06-28 10:05:00.000000000,99836,158,99725,158,99842,158,99451,258,99858,158,99254,158,99890,158,99232,158,99926,158,99146,158,99944,100,98854,100,100044,100,98810,100,100221,100,98740,100,100257,100,98612,100,100270,100,,
2019-06-28 10:05:10.000000000,99836,390,99725,390,99842,100,99451,200,99858,100,99254,100,99890,100,99232,100,99926,100,99146,100,99944,100,98854,100,100044,100,98810,100,100221,100,98740,100,100257,100,98612,100,100270,100,,
2019-06-28 10:05:12.493571512,99836,390,99725,390,99842,100,99451,200,99858,100,99254,100,99890,100,99232,100,99926,100,99146,100,99944,100,98854,100,100044,100,98810,100,100221,100,98740,100,100257,100,98612,100,100270,100,,
2019-06-28 10:05:13.914106416,99836,390,99725,390,99842,100,99451,200,99858,100,99254,100,99926,100,99232,100,99944,100,99146,100,100044,100,98854,100,100221,100,98810,100,100257,100,98740,100,100270,100,98612,100,100438,100,,
2019-06-28 10:05:16.452430111,99836,390,99725,390,99842,100,99451,200,99858,100,99254,100,99926,100,99232,100,99944,100,99146,100,100221,100,98854,100,100257,100,98810,100,100270,100,98740,100,100438,100,98612,100,100592,100,,
2019-06-28 10:05:20.000000000,99836,390,99725,390,99842,100,99451,200,99858,100,99254,100,99926,100,99232,100,99944,100,99146,100,100221,100,98854,100,100257,100,98810,100,100270,100,98740,100,100438,100,98612,100,100592,100,,
2019-06-28 10:05:30.000000000,99836,158,99725,158,99842,158,99451,258,99858,158,99254,158,99926,158,99232,158,99944,158,99146,158,100221,100,98854,100,100257,100,98810,100,100270,100,98740,100,100438,100,98612,100,100592,100,,
2019-06-28 10:05:40.000000000,99836,245,99725,245,99842,245,99451,345,99858,100,99254,100,99926,100,99232,100,99944,100,99146,100,100221,100,98854,100,100257,100,98810,100,100270,100,98740,100,100438,100,98612,100,100592,100,,
2019-06-28 10:05:50.000000000,99836,172,99725,172,99842,172,99451,272,99858,172,99254,172,99926,172,99232,172,99944,100,99146,100,100221,100,98854,100,100257,100,98810,100,100270,100,98740,100,100438,100,98612,100,100592,100,,
2019-06-28 10:06:00.000000000,99836,172,99725,172,99842,172,99451,272,99858,172,99254,172,99926,172,99232,172,99944,100,99146,100,100221,100,98854,100,100257,100,98810,100,100270,100,98740,100,100438,100,98612,100,100592,100,,
2019-06-28 10:06:01.923108330,99836,172,99725,272,99842,172,99451,272,99858,172,99254,172,99926,172,99232,172,99944,100,99146,100,100221,100,98854,100,100257,100,98810,100,100270,100,98740,100,100438,100,98612,100,100592,100,,
2019-06-28 10:06:10.000000000,99836,245,99725,345,99842,245,99451,345,99858,100,99254,100,99926,100,99232,100,99944,100,99146,100,100221,100,98854,100,100257,100,98810,100,100270,100,98740,100,100438,100,98612,100,100592,100,,
2019-06-28 10:06:18.579251733,99836,245,99725,445,99842,245,99451,245,99858,100,99254,100,99926,100,99232,100,99944,100,99146,100,100221,100,98854,100,100257,100,98810,100,100270,100,98740,100,100438,100,98612,100,100592,100,,
2019-06-28 10:06:20.000000000,99836,199,99725,399,99842,196,99451,196,99858,196,99254,196,99926,100,99232,100,99944,100,99146,100,100221,100,98854,100,100257,100,98810,100,100270,100,98740,100,100438,100,98612,100,100592,100,,
2019-06-28 10:06:30.000000000,99836,390,99725,590,99842,100,99451,100,99858,100,99254,100,99926,100,99232,100,99944,100,99146,100,100221,100,98854,100,100257,100,98810,100,100270,100,98740,100,100438,100,98612,100,100592,100,,
2019-06-28 10:06:33.612023306,99836,290,99725,590,99842,100,99451,100,99858,100,99254,100,99926,100,99232,100,99944,100,99146,100,100221,100,98854,100,100257,100,98810,100,100438,100,98740,100,100592,100,98612,100,100624,100,,
2019-06-28 10:06:40.000000000,99842,390,99725,590,99858,100,99451,100,99926,100,99254,100,99944,100,99232,100,100221,100,99146,100,100257,100,98854,100,100438,100,98810,100,100592,100,98740,100,100624,100,98612,100,100813,100,,
2019-06-28 10:06:40.236328978,99842,390,99726,100,99858,100,99725,590,99926,100,99451,100,100221,100,99254,100,100257,100,99232,100,100438,100,99146,100,100592,100,98854,100,100624,100,98810,100,100813,100,98740,100,101576,100,98612,100
2019-06-28 10:06:50.000000000,99842,245,99726,245,99858,245,99725,445,99926,100,99451,100,100221,100,99254,100,100257,100,99232,100,100438,100,99146,100,100592,100,98854,100,100624,100,98810,100,100813,100,98740,100,101576,100,98612,100
2019-06-28 10:06:51.594817688,99842,245,99726,245,99858,245,99725,445,99926,100,99451,100,100221,100,99254,100,100257,100,99232,100,100438,100,99146,100,100592,100,98854,100,100624,100,98810,100,100756,100,98740,100,100813,100,98612,100
2019-06-28 10:07:00.000000000,99842,390,99726,390,99858,100,99725,300,99926,100,99451,100,100221,100,99254,100,100257,100,99232,100,100438,100,99146,100,100592,100,98854,100,100624,100,98810,100,100756,100,98740,100,100813,100,98612,100
2019-06-28 10:07:10.000000000,99842,199,99726,199,99858,196,99725,396,99926,196,99451,196,100221,100,99254,100,100257,100,99232,100,100438,100,99146,100,100592,100,98854,100,100624,100,98810,100,100756,100,98740,100,100813,100,98612,100
2019-06-28 10:07:20.000000000,99842,172,99726,172,99858,172,99725,372,99926,172,99451,172,100221,172,99254,172,100257,100,99232,100,100438,100,99146,100,100592,100,98854,100,100624,100,98810,100,100756,100,98740,100,100813,100,98612,100
2019-06-28 10:07:22.701945192,99842,172,99726,272,99858,172,99725,372,99926,172,99451,172,100221,172,99254,172,100257,100,99232,100,100438,100,99146,100,100592,100,98854,100,100624,100,98810,100,100756,100,98740,100,100813,100,98612,100
2019-06-28 10:07:25.236385497,99842,72,99726,272,99858,172,99725,372,99926,172,99451,172,100221,172,99254,172,100257,100,99232,100,100438,100,99146,100,100592,100,98854,100,100624,100,98810,100,100756,100,98740,100,100813,100,98612,100
2019-06-28 10:07:30.000000000,99858,199,99726,299,99926,196,99725,396,100221,196,99451,196,100257,100,99254,100,100438,100,99232,100,100592,100,99146,100,100624,100,98854,100,100756,100,98810,100,100813,100,98740,100,101576,100,98612,100
2019-06-28 10:07:40.000000000,99858,172,99726,272,99926,172,99725,372,100221,172,99451,172,100257,172,99254,172,100438,100,99232,100,100592,100,99146,100,100624,100,98854,100,100756,100,98810,100,100813,100,98740,100,101576,100,98612,100
2019-06-28 10:07:49.080257743,99858,72,99726,272,99926,172,99725,372,100221,172,99451,172,100257,172,99254,172,100438,100,99232,100,100592,100,99146,100,100624,100,98854,100,100756,100,98810,100,100813,100,98740,100,101576,100,98612,100
2019-06-28 10:07:50.000000000,99926,245,99726,345,100221,245,99725,445,100257,100,99451,100,100438,100,99254,100,100592,100,99232,100,100624,100,99146,100,100756,100,98854,100,100813,100,98810,100,101576,100,98740,100,101674,100,98612,100
2019-06-28 10:07:57.161644347,99926,145,99726,345,100221,245,99725,445,100257,100,99451,100,100438,100,99254,100,100592,100,99232,100,100624,100,99146,100,100756,100,98854,100,100813,100,98810,100,101576,100,98740,100,101674,100,98612,100
