,ask_price_1,ask_size_1,bid_price_1,bid_size_1,ask_price_2,ask_size_2,bid_price_2,bid_size_2,ask_price_3,ask_size_3,bid_price_3,bid_size_3,ask_price_4,ask_size_4,bid_price_4,bid_size_4,ask_price_5,ask_size_5,bid_price_5,bid_size_5,ask_price_6,ask_size_6,bid_price_6,bid_size_6,ask_price_7,ask_size_7,bid_price_7,bid_size_7,ask_price_8,ask_size_8,bid_price_8,bid_size_8,ask_price_9,ask_size_9,bid_price_9,bid_size_9,ask_price_10,ask_size_10,bid_price_10,bid_size_10
2019-06-28 09:30:00.000000002,99999,100,99971,100,,,99923,100,,,,,,,,,,,,,,,,,,,,,,,,,,,,,,,,
2019-06-28 09:30:00.000000003,99999,100,99971,100,,,99934,100,,,99923,100,,,,,,,,,,,,,,,,,,,,,,,,,,,,
2019-06-28 09:30:00.000000004,99999,100,99971,100,100085,100,99934,100,,,99923,100,,,,,,,,,,,,,,,,,,,,,,,,,,,,
2019-06-28 09:30:00.000000005,99999,100,99971,100,100085,100,99934,100,,,99923,100,,,99792,100,,,,,,,,,,,,,,,,,,,,,,,,
2019-06-28 09:30:00.000000006,99999,100,99971,100,100085,100,99934,100,100177,100,99923,100,,,99792,100,,,,,,,,,,,,,,,,,,,,,,,,
2019-06-28 09:30:00.000000007,99999,100,99971,100,100085,100,99934,100,100166,100,99923,100,100177,100,99792,100,,,,,,,,,,,,,,,,,,,,,,,,
2019-06-28 09:30:00.000000008,99999,100,99971,100,100081,100,99934,100,100085,100,99923,100,100166,100,99792,100,100177,100,,,,,,,,,,,,,,,,,,,,,,
2019-06-28 09:30:00.000000012,99999,100,99971,100,100081,100,99934,100,100085,100,99926,100,100166,100,99923,100,100177,100,99792,100,,,,,,,,,,,,,,,,,,,,
2019-06-28 09:30:00.000000015,99999,100,99971,100,100081,100,99959,100,100085,100,99934,100,100166,100,99926,100,100177,100,99923,100,100223,100,99792,100,,,,,,,,,,,,,,,,
2019-06-28 09:30:00.000000016,99999,100,99998,100,100081,100,99971,100,100085,100,99959,100,100166,100,99934,100,100177,100,99926,100,100223,100,99923,100,,,99792,100,,,,,,,,,,,,
2019-06-28 09:30:00.000000017,99999,100,99998,100,100081,100,99971,100,100085,100,99959,100,100166,100,99934,100,100177,100,99926,100,100223,100,99923,100,,,99862,100,,,99792,100,,,,,,,,
2019-06-28 09:30:00.000000020,99999,100,99971,100,100081,100,99959,100,100085,100,99934,100,100166,100,99926,100,100177,100,99923,100,100223,100,99862,100,,,99792,100,,,,,,,,,,,,
2019-06-28 09:30:00.000000025,99999,100,99971,100,100013,100,99959,100,100081,100,99934,100,100085,100,99926,100,100166,100,99923,100,100177,100,99862,100,100223,100,99792,100,,,,,,,,,,,,
2019-06-28 09:30:00.000000027,99999,100,99971,100,100013,100,99959,100,100081,100,99934,100,100085,100,99926,100,100106,100,99923,100,100166,100,99862,100,100177,100,99792,100,100223,100,,,,,,,,,,
2019-06-28 09:30:00.000000028,99999,100,99971,100,100013,100,99959,100,100081,100,99934,100,100085,100,99926,100,100106,100,99923,100,100166,100,99862,100,100177,200,99792,100,100223,100,,,,,,,,,,
2019-06-28 09:30:00.000000029,99981,100,99971,100,99999,100,99959,100,100013,100,99934,100,100081,100,99926,100,100085,100,99923,100,100106,100,99862,100,100166,100,99832,100,100177,200,99792,100,100223,100,,,,,,
2019-06-28 09:30:00.000000030,99981,100,99971,100,99999,100,99959,100,100013,100,99934,100,100076,100,99926,100,100081,100,99923,100,100085,100,99919,100,100106,100,99862,100,100166,100,99832,100,100177,200,99792,100,100223,100,,
2019-06-28 09:30:00.000000032,99981,100,99971,100,99999,100,99959,100,100013,100,99934,100,100076,100,99926,100,100081,100,99923,100,100085,100,99919,100,100105,100,99862,100,100106,100,99832,100,100166,100,99792,100,100177,200,,
2019-06-28 09:30:00.000000036,99981,100,99959,100,99999,100,99934,100,100013,100,99926,100,100076,100,99923,100,100081,100,99919,100,100085,100,99862,100,100105,100,99832,100,100106,100,99792,100,100166,100,,,100177,200,,
2019-06-28 09:30:00.000000037,99981,100,99959,100,99999,100,99934,100,100013,100,99926,100,100024,100,99923,100,100076,100,99919,100,100081,100,99862,100,100085,100,99832,100,100105,100,99792,100,100106,100,,,100166,100,,
2019-06-28 09:30:00.000000041,99981,100,99971,100,99999,100,99959,100,100013,100,99934,100,100024,100,99926,100,100076,100,99923,100,100081,100,99919,100,100085,100,99862,100,100105,100,99832,100,100106,100,99792,100,100166,100,,
2019-06-28 09:30:00.000000044,99981,100,99971,200,99999,100,99959,100,100013,100,99934,100,100024,100,99926,100,100076,100,99923,100,100081,100,99919,100,100085,100,99862,100,100105,100,99832,100,100106,100,99792,100,100166,100,,
2019-06-28 09:30:00.000000045,99980,100,99971,200,99981,100,99959,100,99999,100,99934,100,100013,100,99929,100,100024,100,99926,100,100076,100,99923,100,100081,100,99919,100,100085,100,99862,100,100105,100,99832,100,100106,100,99792,100
2019-06-28 09:30:00.000000049,99980,100,99971,200,99981,100,99959,100,99999,100,99934,100,100013,100,99929,100,100024,100,99926,100,100076,100,99923,100,100081,100,99919,100,100085,100,99862,100,100105,100,99832,100,100106,100,99792,100
2019-06-28 09:30:00.000000054,99980,100,99971,200,99981,100,99959,100,99999,100,99934,100,100013,100,99929,100,100024,100,99926,100,100076,100,99923,100,100081,100,99919,100,100085,100,99862,100,100105,200,99851,100,100106,100,99832,100
2019-06-28 09:30:00.000000057,99980,100,99971,200,99981,100,99959,100,99999,100,99934,100,100013,100,99929,100,100024,100,99926,100,100076,100,99923,100,100081,100,99919,100,100085,100,99911,100,100105,200,99907,100,100106,100,99862,100
2019-06-28 09:30:00.000000058,99980,100,99971,200,99981,100,99959,100,99999,100,99957,100,100013,100,99934,100,100024,100,99929,100,100076,100,99926,100,100081,100,99923,100,100085,100,99919,100,100105,200,99916,100,100106,100,99911,100
2019-06-28 09:30:00.000000059,99980,100,99971,200,99981,100,99959,100,99999,100,99957,100,100013,100,99934,200,100024,100,99929,100,100076,100,99926,100,100081,100,99923,100,100085,100,99919,100,100105,200,99916,100,100106,100,99911,100
2019-06-28 09:30:00.000000061,99980,100,99971,300,99981,100,99959,100,99998,100,99957,100,99999,100,99934,200,100013,100,99929,100,100024,100,99926,100,100049,100,99923,100,100076,100,99919,100,100081,100,99916,100,100085,100,99911,100
2019-06-28 09:30:00.000000063,99980,100,99971,300,99981,100,99959,100,99998,100,99957,100,99999,100,99934,200,100013,100,99929,100,100024,100,99926,100,100049,100,99923,100,100076,100,99919,100,100081,100,99916,100,100085,100,99911,100
2019-06-28 09:30:00.000000066,99980,100,99971,300,99981,100,99959,100,99998,100,99957,100,99999,100,99934,200,100013,100,99929,100,100024,100,99926,100,100049,100,99923,100,100060,100,99919,100,100076,100,99916,100,100081,100,99911,100
2019-06-28 09:30:00.000000067,99981,100,99971,300,99998,100,99959,100,99999,100,99957,100,100013,100,99934,200,100024,100,99929,100,100049,100,99926,100,100060,100,99923,100,100076,100,99919,100,100081,100,99916,100,100085,100,99911,100
2019-06-28 09:30:00.000000069,99980,100,99971,300,99981,100,99959,100,99998,100,99957,100,99999,100,99934,200,100013,100,99929,100,100024,100,99926,100,100049,100,99923,100,100060,100,99919,100,100076,100,99916,100,100081,100,99911,100
2019-06-28 09:30:00.000000070,99980,100,99971,300,99981,100,99959,100,99998,100,99957,100,99999,100,99934,200,100013,100,99929,100,100024,100,99926,100,100031,100,99923,100,100045,100,99919,100,100049,100,99916,100,100060,100,99911,100
2019-06-28 09:30:00.000000074,99980,100,99971,300,99981,100,99959,100,99998,100,99957,100,99999,100,99934,200,100013,100,99929,100,100024,100,99926,100,100031,100,99923,100,100045,100,99919,100,100049,100,99916,100,100051,100,99911,100
2019-06-28 09:30:00.000000078,99980,100,99971,300,99981,100,99959,100,99998,100,99957,100,99999,100,99934,200,100013,100,99930,100,100024,100,99929,100,100031,100,99926,100,100045,100,99923,100,100049,100,99919,100,100051,100,99916,100
2019-06-28 09:30:00.000000079,99980,100,99971,300,99981,100,99959,100,99998,100,99957,100,99999,100,99934,200,100013,100,99930,100,100024,100,99929,100,100031,100,99926,100,100045,100,99923,100,100049,100,99919,100,100051,100,99916,100
2019-06-28 09:30:00.000000081,99980,100,99971,300,99981,100,99959,100,99998,100,99957,100,99999,100,99934,200,100013,100,99930,100,100024,100,99929,100,100031,100,99926,100,100045,100,99923,100,100049,100,99919,100,100051,100,99916,100
2019-06-28 09:30:00.000000083,99980,100,99971,300,99981,100,99959,100,99998,100,99957,100,99999,100,99934,200,100003,100,99930,100,100013,100,99929,100,100019,100,99926,100,100024,100,99923,100,100031,100,99919,100,100045,100,99916,100
2019-06-28 09:30:00.000000084,99980,100,99971,300,99981,100,99959,100,99998,100,99957,100,99999,100,99934,200,100003,100,99930,100,100013,100,99929,100,100019,100,99926,100,100024,100,99923,100,100031,100,99919,100,100045,100,99916,100
2019-06-28 09:30:00.000000087,99980,100,99971,300,99981,100,99959,100,99998,200,99957,100,99999,100,99934,200,100003,100,99930,100,100013,100,99929,100,100019,100,99926,100,100024,100,99923,100,100031,100,99919,100,100045,100,99916,100
2019-06-28 09:30:00.000000093,99980,100,99971,300,99981,100,99959,100,99998,200,99957,200,99999,100,99934,200,100003,100,99930,100,100013,100,99929,100,100019,100,99926,100,100024,100,99923,100,100031,100,99919,100,100045,100,99916,100
2019-06-28 09:30:00.000000094,99980,100,99971,300,99981,100,99959,100,99998,200,99957,200,99999,100,99934,200,100003,100,99930,100,100013,100,99929,100,100019,100,99926,100,100024,100,99923,100,100031,100,99919,100,100045,100,99916,100
2019-06-28 09:30:00.000000095,99981,100,99971,300,99998,200,99959,100,99999,100,99957,200,100003,100,99934,200,100013,100,99930,100,100019,100,99929,100,100024,100,99926,100,100031,100,99923,100,100045,100,99919,100,100049,100,99916,100
2019-06-28 09:30:00.000000096,99981,100,99971,300,99998,200,99959,100,99999,100,99957,200,100003,100,99934,200,100013,100,99930,100,100019,100,99929,100,100024,100,99926,100,100031,100,99923,100,100045,100,99919,100,100049,100,99916,100
2019-06-28 09:30:00.000000097,99998,200,99971,300,99999,100,99959,100,100003,100,99957,200,100013,100,99934,200,100019,100,99930,100,100024,100,99929,100,100031,100,99926,100,100045,100,99923,100,100049,100,99919,100,100051,100,99916,100
2019-06-28 09:30:00.000000098,99998,200,99971,300,99999,100,99959,100,100003,100,99957,200,100013,100,99934,200,100019,100,99930,100,100024,100,99929,100,100031,100,99926,100,100041,100,99923,100,100045,100,99919,100,100049,100,99916,100
2019-06-28 09:30:00.000000099,99998,200,99971,300,99999,100,99959,100,100003,100,99957,200,100013,100,99934,200,100019,100,99930,100,100024,100,99929,100,100031,100,99926,100,100041,100,99923,100,100045,100,99919,100,100049,100,99916,100
2019-06-28 09:30:10.000000000,99998,316,99971,416,99999,216,99959,216,100003,216,99957,316,100013,216,99934,316,100019,100,99930,100,100024,100,99929,100,100031,100,99926,100,100041,100,99923,100,100045,100,99919,100,100049,100,99916,100
2019-06-28 09:30:10.666845958,99981,100,99971,416,99998,316,99959,216,99999,216,99957,316,100003,216,99934,316,100013,216,99930,100,100019,100,99929,100,100024,100,99926,100,100031,100,99923,100,100041,100,99919,100,100045,100,99916,100
2019-06-28 09:30:20.000000000,99981,331,99971,531,99998,431,99959,331,99999,100,99957,200,100003,100,99934,200,100013,100,99930,100,100019,100,99929,100,100024,100,99926,100,100031,100,99923,100,100041,100,99919,100,100045,100,99916,100
2019-06-28 09:30:30.000000000,99981,562,99971,762,99998,200,99959,100,99999,100,99957,200,100003,100,99934,200,100013,100,99930,100,100019,100,99929,100,100024,100,99926,100,100031,100,99923,100,100041,100,99919,100,100045,100,99916,100
2019-06-28 09:30:36.451448378,99981,562,99971,762,99998,200,99959,100,99999,100,99957,200,100003,100,99934,200,100013,100,99930,100,100019,100,99929,100,100024,100,99926,100,100031,100,99923,100,100041,100,99919,100,100045,100,99916,100
2019-06-28 09:30:39.370481432,99981,662,99971,762,99998,200,99959,100,99999,100,99957,200,100003,100,99934,200,100013,100,99930,100,100019,100,99929,100,100024,100,99926,100,100031,100,99923,100,100041,100,99919,100,100045,100,99916,100
2019-06-28 09:30:40.000000000,99981,357,99971,457,99998,352,99959,252,99999,252,99957,352,100003,100,99934,200,100013,100,99930,100,100019,100,99929,100,100024,100,99926,100,100031,100,99923,100,100041,100,99919,100,100045,100,99916,100
2019-06-28 09:30:41.515563871,99981,357,99971,457,99998,352,99959,252,99999,252,99957,352,100003,100,99934,200,100013,100,99930,100,100019,100,99929,100,100024,100,99923,100,100031,100,99919,100,100041,100,99916,100,100045,100,99911,100
2019-06-28 09:30:50.000000000,99981,357,99971,457,99998,352,99959,252,99999,252,99957,352,100003,100,99934,200,100013,100,99930,100,100019,100,99929,100,100024,100,99923,100,100031,100,99919,100,100041,100,99916,100,100045,100,99911,100
2019-06-28 09:30:51.037125507,99981,357,99971,457,99998,352,99959,252,99999,252,99957,352,100003,100,99934,200,100013,100,99930,100,100019,100,99929,100,100024,100,99923,100,100031,100,99919,100,100041,100,99916,100,100045,100,99911,100
2019-06-28 09:31:00.000000000,99981,431,99971,531,99998,431,99959,331,99999,100,99957,200,100003,100,99934,200,100013,100,99930,100,100019,100,99929,100,100024,100,99923,100,100031,100,99919,100,100041,100,99916,100,100045,100,99911,100
2019-06-28 09:31:10.000000000,99981,292,99971,392,99998,292,99959,192,99999,192,99957,292,100003,192,99934,292,100013,192,99930,192,100019,100,99929,100,100024,100,99923,100,100031,100,99919,100,100041,100,99916,100,100045,100,99911,100
2019-06-28 09:31:20.000000000,99981,292,99971,392,99998,292,99959,192,99999,192,99957,292,100003,192,99934,292,100013,192,99930,192,100019,100,99929,100,100024,100,99923,100,100031,100,99919,100,100041,100,99916,100,100045,100,99911,100
2019-06-28 09:31:30.000000000,99981,357,99971,457,99998,352,99959,252,99999,252,99957,352,100003,100,99934,200,100013,100,99930,100,100019,100,99929,100,100024,100,99923,100,100031,100,99919,100,100041,100,99916,100,100045,100,99911,100
2019-06-28 09:31:40.000000000,99981,357,99971,457,99998,352,99959,252,99999,252,99957,352,100003,100,99934,200,100013,100,99930,100,100019,100,99929,100,100024,100,99923,100,100031,100,99919,100,100041,100,99916,100,100045,100,99911,100
2019-06-28 09:31:50.000000000,99981,316,99971,416,99998,316,99959,216,99999,216,99957,316,100003,216,99934,316,100013,100,99930,100,100019,100,99929,100,100024,100,99923,100,100031,100,99919,100,100041,100,99916,100,100045,100,99911,100
2019-06-28 09:31:57.347936146,99981,316,99971,416,99998,216,99959,216,99999,216,99957,316,100003,216,99934,316,100013,100,99930,100,100019,100,99929,100,100024,100,99923,100,100031,100,99919,100,100041,100,99916,100,100045,100,99911,100
2019-06-28 09:32:00.000000000,99981,292,99971,392,99998,192,99959,192,99999,192,99957,292,100003,192,99934,292,100013,192,99930,192,100019,100,99929,100,100024,100,99923,100,100031,100,99919,100,100041,100,99916,100,100045,100,99911,100
2019-06-28 09:32:00.107335054,99981,292,99980,100,99998,192,99971,392,99999,192,99959,192,100003,192,99957,292,100013,192,99934,292,100019,100,99930,192,100024,100,99929,100,100031,100,99923,100,100041,100,99919,100,100045,100,99916,100
2019-06-28 09:32:10.000000000,99981,292,99980,192,99998,192,99971,392,99999,192,99959,192,100003,192,99957,292,100013,192,99934,292,100019,100,99930,100,100024,100,99929,100,100031,100,99923,100,100041,100,99919,100,100045,100,99916,100
2019-06-28 09:32:20.000000000,99981,431,99980,331,99998,331,99971,531,99999,100,99959,100,100003,100,99957,200,100013,100,99934,200,100019,100,99930,100,100024,100,99929,100,100031,100,99923,100,100041,100,99919,100,100045,100,99916,100
2019-06-28 09:32:23.880162094,99981,431,99980,331,99998,331,99971,531,99999,100,99959,100,100003,100,99957,200,100013,100,99934,200,100019,100,99930,100,100024,100,99929,100,100031,100,99923,100,100041,100,99919,100,100045,100,99916,100
2019-06-28 09:32:30.000000000,99981,357,99980,257,99998,252,99971,452,99999,252,99959,252,100003,100,99957,200,100013,100,99934,200,100019,100,99930,100,100024,100,99929,100,100031,100,99923,100,100041,100,99919,100,100045,100,99916,100
2019-06-28 09:32:39.002969555,99981,357,99980,157,99998,252,99971,452,99999,252,99959,252,100003,100,99957,200,100013,100,99934,200,100019,100,99930,100,100024,100,99929,100,100031,100,99923,100,100041,100,99919,100,100045,100,99916,100
2019-06-28 09:32:39.461042281,99981,357,99980,157,99998,252,99971,452,99999,252,99959,252,100003,100,99957,200,100013,100,99934,200,100019,100,99930,100,100024,100,99929,100,100031,100,99923,100,100041,100,99919,100,100045,100,99916,100
2019-06-28 09:32:40.000000000,99981,357,99971,457,99998,252,99959,252,99999,252,99957,352,100003,100,99934,200,100013,100,99930,100,100019,100,99929,100,100024,100,99923,100,100031,100,99919,100,100041,100,99916,100,100045,100,99911,100
2019-06-28 09:32:40.960467243,99981,257,99971,457,99998,252,99959,252,99999,252,99957,352,100003,100,99934,200,100013,100,99930,100,100019,100,99929,100,100024,100,99923,100,100031,100,99919,100,100041,100,99916,100,100045,100,99911,100
2019-06-28 09:32:45.836837855,99981,157,99971,457,99998,252,99959,252,99999,252,99957,352,100003,100,99934,200,100013,100,99930,100,100019,100,99929,100,100024,100,99923,100,100031,100,99919,100,100041,100,99916,100,100045,100,99911,100
2019-06-28 09:32:50.000000000,99998,331,99971,531,99999,331,99959,331,100003,100,99957,200,100013,100,99934,200,100019,100,99930,100,100024,100,99929,100,100031,100,99923,100,100041,100,99919,100,100045,100,99916,100,100049,100,99911,100
2019-06-28 09:32:53.268236623,99998,331,99971,531,99999,331,99959,331,100003,100,99957,200,100013,100,99934,200,100019,100,99930,100,100024,100,99929,100,100031,100,99923,100,100041,100,99919,100,100045,100,99916,100,100049,100,99911,100
2019-06-28 09:32:58.401082222,99998,331,99971,531,99999,331,99959,331,100003,100,99957,200,100013,100,99934,200,100019,100,99930,100,100024,100,99923,100,100031,100,99919,100,100041,100,99916,100,100045,100,99911,100,100049,100,99907,100
2019-06-28 09:33:00.000000000,99998,562,99971,762,99999,100,99959,100,100003,100,99957,200,100013,100,99934,200,100019,100,99930,100,100024,100,99923,100,100031,100,99919,100,100041,100,99916,100,100045,100,99911,100,100049,100,99907,100
2019-06-28 09:33:10.000000000,99998,331,99971,531,99999,331,99959,331,100003,100,99957,200,100013,100,99934,200,100019,100,99930,100,100024,100,99923,100,100031,100,99919,100,100041,100,99916,100,100045,100,99911,100,100049,100,99907,100
2019-06-28 09:33:20.000000000,99998,192,99971,392,99999,192,99959,192,100003,192,99957,292,100013,192,99934,292,100019,192,99930,192,100024,100,99923,100,100031,100,99919,100,100041,100,99916,100,100045,100,99911,100,100049,100,99907,100
2019-06-28 09:33:22.030112617,99998,92,99971,392,99999,192,99959,192,100003,192,99957,292,100013,192,99934,292,100019,192,99930,192,100024,100,99923,100,100031,100,99919,100,100041,100,99911,100,100045,100,99907,100,100049,100,99877,100
2019-06-28 09:33:28.155462638,99998,92,99981,100,99999,192,99971,292,100003,192,99959,192,100013,192,99957,292,100019,192,99934,292,100024,100,99930,192,100031,100,99923,100,100041,100,99919,100,100045,100,99911,100,100049,100,99907,100
2019-06-28 09:33:28.639902333,99999,192,99998,8,100003,192,99981,100,100013,192,99971,292,100019,192,99959,92,100024,100,99957,292,100031,100,99934,292,100041,100,99930,192,100045,100,99923,100,100049,100,99919,100,100051,100,99911,100
2019-06-28 09:33:30.000000000,99999,257,99998,165,100003,252,99981,252,100013,252,99971,352,100019,100,99957,200,100024,100,99934,200,100031,100,99930,100,100041,100,99923,100,100045,100,99919,100,100049,100,99911,100,100051,100,99907,100
2019-06-28 09:33:40.000000000,99999,257,99998,165,100003,252,99981,252,100013,252,99971,352,100019,100,99957,200,100024,100,99934,200,100031,100,99930,100,100041,100,99923,100,100045,100,99919,100,100049,100,99911,100,100051,100,99907,100
2019-06-28 09:33:44.928388240,99999,257,99998,265,100003,252,99981,252,100013,252,99971,352,100019,100,99957,200,100024,100,99934,200,100031,100,99930,100,100041,100,99923,100,100045,100,99919,100,100049,100,99911,100,100051,100,99907,100
2019-06-28 09:33:45.018135580,99999,257,99998,365,100003,252,99981,252,100013,152,99971,352,100019,100,99957,200,100024,100,99934,200,100031,100,99930,100,100041,100,99923,100,100045,100,99919,100,100049,100,99911,100,100051,100,99907,100
2019-06-28 09:33:50.000000000,99999,257,99998,365,100003,252,99981,252,100019,252,99971,352,100024,100,99957,200,100031,100,99934,200,100041,100,99930,100,100045,100,99923,100,100049,100,99919,100,100051,100,99911,100,100055,100,99907,100
2019-06-28 09:34:00.000000000,99999,331,99998,439,100003,331,99981,331,100019,100,99971,200,100024,100,99957,200,100031,100,99934,200,100041,100,99930,100,100045,100,99923,100,100049,100,99919,100,100051,100,99911,100,100055,100,99907,100
2019-06-28 09:34:03.033013584,99999,231,99998,439,100003,331,99981,331,100019,100,99971,200,100024,100,99957,200,100031,100,99934,200,100041,100,99930,100,100045,100,99923,100,100049,100,99919,100,100051,100,99911,100,100060,200,99907,100
2019-06-28 09:34:10.000000000,100003,216,99998,324,100019,216,99981,216,100024,216,99971,316,100031,216,99957,316,100041,100,99934,200,100045,100,99930,100,100049,100,99923,100,100051,100,99919,100,100060,200,99911,100,100084,200,99907,100
2019-06-28 09:34:20.000000000,100003,331,99998,439,100019,331,99981,331,100024,100,99971,200,100031,100,99957,200,100041,100,99934,200,100045,100,99930,100,100049,100,99923,100,100051,100,99919,100,100060,200,99911,100,100084,200,99907,100
2019-06-28 09:34:27.096980278,100003,331,99998,439,100019,331,99981,331,100024,100,99971,200,100031,100,99957,100,100041,100,99934,200,100045,100,99930,100,100049,100,99923,100,100051,100,99919,100,100060,200,99911,100,100084,200,99907,100
2019-06-28 09:34:30.000000000,100003,216,99998,324,100019,216,99981,216,100024,216,99971,316,100031,216,99957,216,100041,100,99934,200,100045,100,99930,100,100049,100,99923,100,100051,100,99919,100,100060,200,99911,100,100084,200,99907,100
2019-06-28 09:34:40.000000000,100003,331,99998,439,100019,331,99981,331,100024,100,99971,200,100031,100,99957,100,100041,100,99934,200,100045,100,99930,100,100049,100,99923,100,100051,100,99919,100,100060,200,99911,100,100084,200,99907,100
2019-06-28 09:34:50.000000000,100003,562,99998,670,100019,100,99981,100,100024,100,99971,200,100031,100,99957,100,100041,100,99934,200,100045,100,99930,100,100049,100,99923,100,100051,100,99919,100,100060,200,99911,100,100084,200,99907,100
2019-06-28 09:34:51.888006625,100003,562,99998,570,100019,100,99981,100,100024,100,99971,200,100031,100,99957,100,100041,100,99934,200,100045,100,99930,100,100049,100,99923,100,100051,100,99919,100,100060,200,99911,100,100084,200,99907,100
2019-06-28 09:34:52.255111907,100003,562,99999,100,100019,100,99998,570,100024,100,99981,100,100031,100,99971,200,100041,100,99957,100,100045,100,99934,200,100049,100,99930,100,100051,100,99923,100,100060,200,99919,100,100084,200,99911,100
2019-06-28 09:35:00.000000000,100003,331,99999,331,100019,331,99998,339,100024,100,99981,100,100031,100,99971,200,100041,100,99957,100,100045,100,99934,200,100049,100,99930,100,100051,100,99923,100,100060,200,99919,100,100084,200,99911,100
2019-06-28 09:35:07.581096804,100003,331,99999,431,100019,331,99998,339,100024,100,99981,100,100031,100,99971,100,100041,100,99957,100,100045,100,99934,200,100049,100,99930,100,100051,100,99923,100,100060,200,99919,100,100084,200,99911,100
2019-06-28 09:35:10.000000000,100003,562,99999,662,100019,100,99998,108,100024,100,99981,100,100031,100,99971,100,100041,100,99957,100,100045,100,99934,200,100049,100,99930,100,100051,100,99923,100,100060,200,99919,100,100084,200,99911,100
2019-06-28 09:35:13.477752040,100003,562,99999,562,100019,100,99998,108,100024,100,99981,100,100031,100,99971,100,100041,100,99957,100,100045,100,99934,200,100049,100,99930,100,100051,100,99923,100,100060,200,99919,100,100084,200,99911,100
2019-06-28 09:35:16.683210681,100003,562,99999,462,100019,100,99998,108,100031,100,99981,100,100041,100,99971,100,100045,100,99957,100,100049,100,99934,200,100051,100,99930,100,100060,200,99923,100,100084,200,99919,100,100085,100,99911,100
2019-06-28 09:35:20.000000000,100003,257,99998,265,100019,252,99981,252,100031,252,99971,252,100041,100,99957,100,100045,100,99934,200,100049,100,99930,100,100051,100,99923,100,100060,200,99919,100,100084,200,99911,100,100085,100,99907,100
2019-06-28 09:35:30.000000000,100003,257,99998,265,100019,252,99981,252,100031,252,99971,252,100041,100,99957,100,100045,100,99934,200,100049,100,99930,100,100051,100,99923,100,100060,200,99919,100,100084,200,99911,100,100085,100,99907,100
2019-06-28 09:35:40.000000000,100003,257,99998,265,100019,252,99981,252,100031,252,99971,252,100041,100,99957,100,100045,100,99934,200,100049,100,99930,100,100051,100,99923,100,100060,200,99919,100,100084,200,99911,100,100085,100,99907,100
2019-06-28 09:35:50.000000000,100003,562,99998,570,100019,100,99981,100,100031,100,99971,100,100041,100,99957,100,100045,100,99934,200,100049,100,99930,100,100051,100,99923,100,100060,200,99919,100,100084,200,99911,100,100085,100,99907,100
2019-06-28 09:35:50.605491425,100003,562,99998,570,100019,100,99981,100,100031,100,99971,100,100041,100,99957,100,100045,100,99934,100,100049,100,99930,100,100051,100,99923,100,100060,200,99919,100,100084,200,99911,100,100085,100,99907,100
2019-06-28 09:36:00.000000000,100003,331,99998,339,100019,331,99981,331,100031,100,99971,100,100041,100,99957,100,100045,100,99934,100,100049,100,99930,100,100051,100,99923,100,100060,200,99919,100,100084,200,99911,100,100085,100,99907,100
2019-06-28 09:36:10.000000000,100003,331,99998,339,100019,331,99981,331,100031,100,99971,100,100041,100,99957,100,100045,100,99934,100,100049,100,99930,100,100051,100,99923,100,100060,200,99919,100,100084,200,99911,100,100085,100,99907,100
2019-06-28 09:36:20.000000000,100003,257,99998,265,100019,252,99981,252,100031,252,99971,252,100041,100,99957,100,100045,100,99934,100,100049,100,99930,100,100051,100,99923,100,100060,200,99919,100,100084,200,99911,100,100085,100,99907,100
2019-06-28 09:36:30.000000000,100003,192,99998,200,100019,192,99981,192,100031,192,99971,192,100041,192,99957,192,100045,192,99934,192,100049,100,99930,100,100051,100,99923,100,100060,200,99919,100,100084,200,99911,100,100085,100,99907,100
2019-06-28 09:36:40.000000000,100003,257,99998,265,100019,252,99981,252,100031,252,99971,252,100041,100,99957,100,100045,100,99934,100,100049,100,99930,100,100051,100,99923,100,100060,200,99919,100,100084,200,99911,100,100085,100,99907,100
2019-06-28 09:36:46.689587334,100003,257,99998,165,100019,252,99981,252,100031,252,99971,252,100041,100,99957,100,100045,100,99934,100,100049,100,99930,100,100051,100,99923,100,100060,200,99919,100,100084,200,99911,100,100085,100,99907,100
2019-06-28 09:36:50.000000000,100003,331,99998,239,100019,331,99981,331,100031,100,99971,100,100041,100,99957,100,100045,100,99934,100,100049,100,99930,100,100051,100,99923,100,100060,200,99919,100,100084,200,99911,100,100085,100,99907,100
2019-06-28 09:36:50.185679668,100003,331,99998,239,100019,331,99981,331,100031,100,99971,100,100037,100,99957,100,100041,100,99934,100,100045,100,99930,100,100049,100,99923,100,100051,100,99919,100,100060,200,99911,100,100084,200,99907,100
2019-06-28 09:37:00.000000000,100003,331,99998,239,100019,331,99981,331,100031,100,99971,100,100037,100,99957,100,100041,100,99934,100,100045,100,99930,100,100049,100,99923,100,100051,100,99919,100,100060,200,99911,100,100084,200,99907,100
2019-06-28 09:37:09.803072045,100003,331,99998,239,100019,331,99981,331,100031,100,99971,100,100037,100,99957,100,100041,100,99934,100,100045,100,99930,100,100049,100,99923,100,100051,100,99919,100,100060,200,99911,100,100074,100,99907,100
2019-06-28 09:37:10.000000000,100003,257,99998,165,100019,252,99981,252,100031,252,99971,252,100037,100,99957,100,100041,100,99934,100,100045,100,99930,100,100049,100,99923,100,100051,100,99919,100,100060,200,99911,100,100074,100,99907,100
2019-06-28 09:37:19.418688738,100003,257,99998,165,100019,252,99981,252,100031,252,99971,252,100037,100,99957,100,100041,100,99934,100,100045,100,99930,100,100049,100,99923,100,100051,100,99919,100,100060,200,99911,100,100074,100,99907,100
2019-06-28 09:37:20.000000000,100003,216,99998,124,100019,216,99981,216,100031,216,99971,216,100037,216,99957,216,100041,100,99934,100,100045,100,99930,100,100049,100,99923,100,100051,100,99919,100,100060,200,99911,100,100074,100,99907,100
2019-06-28 09:37:22.015223060,100003,216,99998,124,100019,216,99981,216,100031,216,99971,216,100037,216,99957,216,100045,100,99934,100,100049,100,99930,100,100051,100,99923,100,100060,200,99919,100,100074,100,99911,100,100084,200,99907,100
2019-06-28 09:37:24.103509895,100003,216,99998,124,100019,216,99981,216,100031,216,99971,216,100037,216,99957,216,100045,100,99934,100,100049,100,99930,100,100051,100,99923,100,100060,200,99919,100,100074,100,99911,100,100084,200,99907,100
2019-06-28 09:37:30.000000000,100003,331,99998,239,100019,331,99981,331,100031,100,99971,100,100037,100,99957,100,100045,100,99934,100,100049,100,99930,100,100051,100,99923,100,100060,200,99919,100,100074,100,99911,100,100084,200,99907,100
2019-06-28 09:37:32.739942490,100003,331,99998,239,100019,331,99981,331,100031,100,99971,100,100037,100,99957,100,100045,100,99934,100,100049,100,99930,100,100051,100,99923,100,100060,200,99919,100,100074,100,99911,100,100084,200,99907,100
2019-06-28 09:37:33.749276306,100003,331,99998,139,100019,331,99981,331,100031,100,99971,100,100037,100,99957,100,100045,100,99934,100,100049,100,99930,100,100051,100,99923,100,100060,200,99919,100,100074,100,99911,100,100084,200,99907,100
2019-06-28 09:37:40.000000000,100003,562,99981,562,100019,100,99971,100,100031,100,99957,100,100037,100,99934,100,100045,100,99930,100,100049,100,99923,100,100051,100,99919,100,100060,200,99911,100,100074,100,99907,100,100084,200,99877,100
2019-06-28 09:37:50.000000000,100003,331,99981,331,100019,331,99971,331,100031,100,99957,100,100037,100,99934,100,100045,100,99930,100,100049,100,99923,100,100051,100,99919,100,100060,200,99911,100,100074,100,99907,100,100084,200,99877,100
2019-06-28 09:37:59.736364120,100003,331,99981,231,100019,331,99971,331,100031,100,99957,100,100037,100,99934,100,100045,100,99930,100,100049,100,99923,100,100051,100,99919,100,100060,200,99911,100,100074,100,99907,100,100084,100,99877,100
2019-06-28 09:38:00.000000000,100003,331,99971,331,100019,331,99957,331,100031,100,99934,100,100037,100,99930,100,100045,100,99923,100,100049,100,99919,100,100051,100,99911,100,100060,200,99907,100,100074,100,99877,100,100084,100,99862,100
2019-06-28 09:38:03.515325165,100003,331,99971,331,100019,331,99957,331,100031,100,99934,100,100037,100,99930,100,100045,100,99923,100,100049,100,99919,100,100051,100,99911,100,100060,200,99907,100,100074,100,99877,100,100084,100,99862,100
2019-06-28 09:38:06.329360560,100003,331,99971,331,100019,331,99957,331,100031,100,99934,100,100037,100,99930,100,100045,100,99923,100,100049,100,99919,100,100051,100,99911,100,100060,200,99907,100,100074,100,99877,100,100084,100,99862,100
2019-06-28 09:38:10.000000000,100003,562,99971,562,100019,100,99957,100,100031,100,99934,100,100037,100,99930,100,100045,100,99923,100,100049,100,99919,100,100051,100,99911,100,100060,200,99907,100,100074,100,99877,100,100084,100,99862,100
2019-06-28 09:38:20.000000000,100003,216,99971,216,100019,216,99957,216,100031,216,99934,216,100037,216,99930,216,100045,100,99923,100,100049,100,99919,100,100051,100,99911,100,100060,200,99907,100,100074,100,99877,100,100084,100,99862,100
2019-06-28 09:38:30.000000000,100003,192,99971,192,100019,192,99957,192,100031,192,99934,192,100037,192,99930,192,100045,192,99923,192,100049,100,99919,100,100051,100,99911,100,100060,200,99907,100,100074,100,99877,100,100084,100,99862,100
2019-06-28 09:38:35.327490622,100003,192,99971,192,100019,192,99957,192,100031,192,99934,192,100037,192,99930,192,100045,192,99923,192,100049,100,99919,100,100051,100,99911,100,100060,200,99907,100,100074,100,99877,100,100084,100,99862,100
2019-06-28 09:38:39.904984723,100003,192,99971,192,100019,192,99957,192,100031,92,99934,192,100037,192,99930,192,100045,192,99923,192,100049,100,99919,100,100051,100,99911,100,100060,200,99907,100,100074,100,99877,100,100084,100,99874,100
2019-06-28 09:38:40.000000000,100003,216,99971,216,100019,216,99957,216,100037,216,99934,216,100045,216,99930,216,100049,100,99923,100,100051,100,99919,100,100060,200,99911,100,100074,100,99907,100,100084,100,99877,100,100085,100,99874,100
2019-06-28 09:38:40.823933854,100003,116,99971,216,100019,216,99957,216,100037,216,99934,216,100045,216,99930,216,100049,100,99923,100,100051,100,99919,100,100060,200,99911,100,100074,100,99907,100,100084,100,99877,100,100085,100,99874,100
2019-06-28 09:38:45.886383391,100003,116,99971,216,100019,216,99957,216,100025,100,99934,216,100037,216,99930,116,100045,216,99923,100,100049,100,99919,100,100051,100,99911,100,100060,200,99907,100,100074,100,99877,100,100084,100,99874,100
2019-06-28 09:38:46.963294985,100003,116,99982,100,100019,216,99971,216,100025,100,99957,216,100037,216,99934,216,100045,216,99930,116,100049,100,99923,100,100051,100,99919,100,100060,200,99911,100,100074,100,99907,100,100084,100,99877,100
2019-06-28 09:38:50.000000000,100019,216,99982,216,100025,216,99971,216,100037,216,99957,216,100045,216,99934,216,100049,100,99923,100,100051,100,99919,100,100060,200,99911,100,100074,100,99907,100,100084,100,99877,100,100085,100,99874,100
2019-06-28 09:39:00.000000000,100019,192,99982,192,100025,192,99971,192,100037,192,99957,192,100045,192,99934,192,100049,192,99923,192,100051,100,99919,100,100060,200,99911,100,100074,100,99907,100,100084,100,99877,100,100085,100,99874,100
2019-06-28 09:39:00.311418045,100019,192,99982,192,100025,192,99971,192,100037,192,99957,192,100045,192,99934,192,100049,192,99923,192,100060,200,99919,100,100074,100,99911,100,100084,100,99907,100,100085,100,99891,100,100094,100,99877,100
2019-06-28 09:39:10.000000000,100019,562,99982,562,100025,100,99971,100,100037,100,99957,100,100045,100,99934,100,100049,100,99923,100,100060,200,99919,100,100074,100,99911,100,100084,100,99907,100,100085,100,99891,100,100094,100,99877,100
2019-06-28 09:39:20.000000000,100019,192,99982,192,100025,192,99971,192,100037,192,99957,192,100045,192,99934,192,100049,192,99923,192,100060,200,99919,100,100074,100,99911,100,100084,100,99907,100,100085,100,99891,100,100094,100,99877,100
2019-06-28 09:39:30.000000000,100019,192,99982,192,100025,192,99971,192,100037,192,99957,192,100045,192,99934,192,100049,192,99923,192,100060,200,99919,100,100074,100,99911,100,100084,100,99907,100,100085,100,99891,100,100094,100,99877,100
2019-06-28 09:39:40.000000000,100019,192,99982,192,100025,192,99971,192,100037,192,99957,192,100045,192,99934,192,100049,192,99923,192,100060,200,99919,100,100074,100,99911,100,100084,100,99907,100,100085,100,99891,100,100094,100,99877,100
2019-06-28 09:39:50.000000000,100019,257,99982,257,100025,252,99971,252,100037,252,99957,252,100045,100,99934,100,100049,100,99923,100,100060,200,99919,100,100074,100,99911,100,100084,100,99907,100,100085,100,99891,100,100094,100,99877,100
2019-06-28 09:39:56.905994217,100019,257,99982,257,100025,252,99971,252,100037,252,99957,252,100045,100,99934,100,100049,100,99923,100,100060,200,99919,100,100074,100,99911,100,100084,100,99907,100,100085,100,99891,100,100094,100,99877,100
2019-06-28 09:40:00.000000000,100019,562,99982,562,100025,100,99971,100,100037,100,99957,100,100045,100,99934,100,100049,100,99923,100,100060,200,99919,100,100074,100,99911,100,100084,100,99907,100,100085,100,99891,100,100094,100,99877,100
2019-06-28 09:40:03.365756549,100019,562,99982,562,100025,100,99971,100,100037,100,99957,100,100045,100,99934,100,100049,100,99923,100,100060,100,99919,100,100074,100,99911,100,100084,100,99907,100,100085,100,99891,100,100094,100,99877,100
2019-06-28 09:40:04.963270681,100019,562,99982,562,100025,100,99971,100,100037,100,99957,100,100045,100,99934,100,100049,100,99923,100,100060,100,99919,100,100074,100,99911,100,100084,100,99907,100,100085,100,99891,100,100094,100,99877,100
2019-06-28 09:40:10.000000000,100019,257,99982,257,100025,252,99971,252,100037,252,99957,252,100045,100,99934,100,100049,100,99923,100,100060,100,99919,100,100074,100,99911,100,100084,100,99907,100,100085,100,99891,100,100094,100,99877,100
2019-06-28 09:40:20.000000000,100019,257,99982,257,100025,252,99971,252,100037,252,99957,252,100045,100,99934,100,100049,100,99923,100,100060,100,99919,100,100074,100,99911,100,100084,100,99907,100,100085,100,99891,100,100094,100,99877,100
2019-06-28 09:40:30.000000000,100019,562,99982,562,100025,100,99971,100,100037,100,99957,100,100045,100,99934,100,100049,100,99923,100,100060,100,99919,100,100074,100,99911,100,100084,100,99907,100,100085,100,99891,100,100094,100,99877,100
2019-06-28 09:40:40.000000000,100019,257,99982,257,100025,252,99971,252,100037,252,99957,252,100045,100,99934,100,100049,100,99923,100,100060,100,99919,100,100074,100,99911,100,100084,100,99907,100,100085,100,99891,100,100094,100,99877,100
2019-06-28 09:40:50.000000000,100019,216,99982,216,100025,216,99971,216,100037,216,99957,216,100045,216,99934,216,100049,100,99923,100,100060,100,99919,100,100074,100,99911,100,100084,100,99907,100,100085,100,99891,100,100094,100,99877,100
2019-06-28 09:40:53.398503905,100019,216,99982,216,100025,216,99971,216,100037,216,99957,216,100045,216,99934,216,100049,100,99923,100,100060,100,99919,100,100074,100,99911,100,100084,100,99907,100,100085,100,99891,100,100094,100,99877,100
2019-06-28 09:41:00.000000000,100019,331,99982,331,100025,331,99971,331,100037,100,99957,100,100045,100,99934,100,100049,100,99923,100,100060,100,99919,100,100074,100,99911,100,100084,100,99907,100,100085,100,99891,100,100094,100,99877,100
2019-06-28 09:41:10.000000000,100019,192,99982,192,100025,192,99971,192,100037,192,99957,192,100045,192,99934,192,100049,192,99923,192,100060,100,99919,100,100074,100,99911,100,100084,100,99907,100,100085,100,99891,100,100094,100,99877,100
2019-06-28 09:41:15.527535858,100019,92,99982,192,100025,192,99971,192,100037,192,99957,192,100045,192,99934,192,100049,192,99923,192,100060,100,99919,100,100074,100,99911,100,100084,100,99907,100,100085,100,99877,100,100094,100,99874,100
2019-06-28 09:41:20.000000000,100025,216,99982,216,100037,216,99971,216,100045,216,99957,216,100049,216,99934,216,100060,100,99923,100,100074,100,99919,100,100084,100,99911,100,100085,100,99907,100,100094,100,99877,100,100105,100,99874,100
2019-06-28 09:41:30.000000000,100025,216,99982,216,100037,216,99971,216,100045,216,99957,216,100049,216,99934,216,100060,100,99923,100,100074,100,99919,100,100084,100,99911,100,100085,100,99907,100,100094,100,99877,100,100105,100,99874,100
2019-06-28 09:41:40.000000000,100025,216,99982,216,100037,216,99971,216,100045,216,99957,216,100049,216,99934,216,100060,100,99923,100,100074,100,99919,100,100084,100,99911,100,100085,100,99907,100,100094,100,99877,100,100105,100,99874,100
2019-06-28 09:41:45.255433340,100025,216,99982,216,100037,216,99971,216,100045,216,99957,216,100049,216,99934,216,100060,100,99923,100,100074,100,99919,100,100084,100,99911,100,100085,100,99907,100,100105,100,99877,100,100117,100,99874,100
2019-06-28 09:41:50.000000000,100025,216,99982,216,100037,216,99971,216,100045,216,99957,216,100049,216,99934,216,100060,100,99923,100,100074,100,99919,100,100084,100,99911,100,100085,100,99907,100,100105,100,99877,100,100117,100,99874,100
2019-06-28 09:41:52.994532399,100025,216,99982,216,100037,216,99971,216,100045,216,99957,216,100049,216,99934,216,100060,100,99923,100,100074,100,99919,100,100084,100,99911,100,100085,100,99907,100,100105,100,99877,100,100117,100,99874,100
2019-06-28 09:41:55.048219847,100025,216,99982,216,100037,216,99971,216,100045,216,99957,216,100049,216,99934,216,100060,100,99923,100,100074,100,99919,100,100084,100,99911,100,100085,100,99907,100,100105,100,99877,100,100117,100,99874,100
2019-06-28 09:42:00.000000000,100025,562,99982,562,100037,100,99971,100,100045,100,99957,100,100049,100,99934,100,100060,100,99923,100,100074,100,99919,100,100084,100,99911,100,100085,100,99907,100,100105,100,99877,100,100117,100,99874,100
2019-06-28 09:42:10.000000000,100025,562,99982,562,100037,100,99971,100,100045,100,99957,100,100049,100,99934,100,100060,100,99923,100,100074,100,99919,100,100084,100,99911,100,100085,100,99907,100,100105,100,99877,100,100117,100,99874,100
2019-06-28 09:42:12.862861084,100025,562,100003,100,100037,100,99982,562,100045,100,99971,100,100049,100,99957,100,100060,100,99934,100,100074,100,99923,100,100084,100,99919,100,100085,100,99911,100,100105,100,99907,100,100117,100,99877,100
2019-06-28 09:42:19.051138592,100025,462,100003,100,100037,100,99982,562,100045,100,99971,100,100049,100,99957,100,100060,100,99934,100,100074,100,99923,100,100084,100,99919,100,100085,100,99911,100,100117,100,99907,100,100205,100,99877,100
2019-06-28 09:42:20.000000000,100037,331,100003,331,100045,331,99982,331,100049,100,99971,100,100060,100,99957,100,100074,100,99934,100,100084,100,99923,100,100085,100,99919,100,100117,100,99911,100,100205,100,99907,100,100301,100,99877,100
2019-06-28 09:42:26.081708670,100037,331,100003,331,100045,331,99982,331,100049,100,99957,100,100060,100,99934,100,100074,100,99923,100,100084,100,99919,100,100085,100,99911,100,100117,100,99907,100,100205,100,99877,100,100301,100,99874,100
2019-06-28 09:42:27.190900068,100037,231,100003,331,100045,331,99982,331,100049,100,99957,100,100060,100,99934,100,100074,100,99923,100,100084,100,99919,100,100085,100,99911,100,100117,100,99907,100,100205,100,99877,100,100301,100,99874,100
2019-06-28 09:42:30.000000000,100045,216,100003,216,100049,216,99982,216,100060,216,99957,216,100074,216,99934,216,100084,100,99923,100,100085,100,99919,100,100117,100,99911,100,100205,100,99907,100,100301,100,99877,100,100307,100,99874,100
2019-06-28 09:42:40.000000000,100045,192,100003,192,100049,192,99982,192,100060,192,99957,192,100074,192,99934,192,100084,192,99923,192,100085,100,99919,100,100117,100,99911,100,100205,100,99907,100,100301,100,99877,100,100307,100,99874,100
2019-06-28 09:42:50.000000000,100045,331,100003,331,100049,331,99982,331,100060,100,99957,100,100074,100,99934,100,100084,100,99923,100,100085,100,99919,100,100117,100,99911,100,100205,100,99907,100,100301,100,99877,100,100307,100,99874,100
2019-06-28 09:43:00.000000000,100045,331,100003,331,100049,331,99982,331,100060,100,99957,100,100074,100,99934,100,100084,100,99923,100,100085,100,99919,100,100117,100,99911,100,100205,100,99907,100,100301,100,99877,100,100307,100,99874,100
2019-06-28 09:43:10.000000000,100045,216,100003,216,100049,216,99982,216,100060,216,99957,216,100074,216,99934,216,100084,100,99923,100,100085,100,99919,100,100117,100,99911,100,100205,100,99907,100,100301,100,99877,100,100307,100,99874,100
2019-06-28 09:43:14.007093144,100045,116,100003,216,100049,216,99982,216,100060,216,99957,216,100074,216,99934,216,100084,100,99923,100,100085,100,99919,100,100117,100,99911,100,100205,100,99907,100,100301,100,99877,100,100307,100,99874,100
2019-06-28 09:43:20.000000000,100049,216,100003,216,100060,216,99982,216,100074,216,99957,216,100084,216,99934,216,100085,100,99923,100,100117,100,99919,100,100205,100,99911,100,100301,100,99907,100,100307,100,99877,100,100335,100,99874,100
2019-06-28 09:43:30.000000000,100049,562,100003,562,100060,100,99982,100,100074,100,99957,100,100084,100,99934,100,100085,100,99923,100,100117,100,99919,100,100205,100,99911,100,100301,100,99907,100,100307,100,99877,100,100335,100,99874,100
2019-06-28 09:43:36.557248634,100049,562,100037,100,100060,100,100003,562,100074,100,99982,100,100084,100,99957,100,100085,100,99934,100,100117,100,99923,100,100205,100,99919,100,100301,100,99911,100,100307,100,99907,100,100335,100,99877,100
2019-06-28 09:43:40.000000000,100049,562,100037,562,100060,100,100003,100,100074,100,99982,100,100084,100,99957,100,100085,100,99934,100,100117,100,99923,100,100205,100,99919,100,100301,100,99911,100,100307,100,99907,100,100335,100,99877,100
2019-06-28 09:43:46.276510160,100049,462,100037,562,100060,100,100003,100,100074,100,99982,100,100085,100,99957,100,100117,100,99934,100,100205,100,99923,100,100301,100,99919,100,100307,100,99911,100,100335,100,99907,100,100434,100,99877,100
2019-06-28 09:43:50.000000000,100060,192,100037,192,100074,192,100003,192,100085,192,99982,192,100117,192,99957,192,100205,192,99934,192,100301,100,99923,100,100307,100,99919,100,100335,100,99911,100,100434,100,99907,100,100509,100,99877,100
2019-06-28 09:43:58.755752625,100060,92,100037,192,100074,192,100003,192,100085,192,99982,192,100117,192,99957,192,100205,192,99934,192,100301,100,99923,100,100307,100,99919,100,100335,100,99911,100,100434,100,99907,100,100509,100,99877,100
2019-06-28 09:44:00.000000000,100074,192,100037,192,100085,192,100003,192,100117,192,99982,192,100205,192,99957,192,100301,192,99934,192,100307,100,99923,100,100335,100,99919,100,100434,100,99911,100,100509,100,99907,100,100528,100,99877,100
2019-06-28 09:44:00.144664520,100074,192,100037,192,100085,192,100003,192,100117,192,99982,192,100205,192,99957,192,100301,192,99934,192,100307,100,99923,100,100335,100,99919,100,100434,100,99911,100,100509,100,99907,100,100528,100,99877,100
2019-06-28 09:44:02.135310961,100074,92,100037,192,100085,192,100003,192,100117,192,99982,192,100205,192,99957,192,100301,192,99934,192,100307,100,99923,100,100335,100,99919,100,100434,100,99911,100,100509,100,99907,100,100528,100,99877,100
2019-06-28 09:44:10.000000000,100085,331,100037,331,100117,331,100003,331,100205,100,99982,100,100301,100,99957,100,100307,100,99934,100,100335,100,99923,100,100434,100,99919,100,100509,100,99911,100,100528,100,99907,100,100570,100,99877,100
2019-06-28 09:44:20.000000000,100085,562,100037,562,100117,100,100003,100,100205,100,99982,100,100301,100,99957,100,100307,100,99934,100,100335,100,99923,100,100434,100,99919,100,100509,100,99911,100,100528,100,99907,100,100570,100,99877,100
2019-06-28 09:44:30.000000000,100085,331,100037,331,100117,331,100003,331,100205,100,99982,100,100301,100,99957,100,100307,100,99934,100,100335,100,99923,100,100434,100,99919,100,100509,100,99911,100,100528,100,99907,100,100570,100,99877,100
2019-06-28 09:44:36.708285815,100085,331,100037,331,100117,331,100003,331,100205,100,99982,100,100301,100,99934,100,100307,100,99923,100,100335,100,99919,100,100434,100,99911,100,100509,100,99907,100,100528,100,99877,100,100570,100,99874,100
2019-06-28 09:44:40.000000000,100085,192,100037,192,100117,192,100003,192,100205,192,99982,192,100301,192,99934,192,100307,192,99923,192,100335,100,99919,100,100434,100,99911,100,100509,100,99907,100,100528,100,99877,100,100570,100,99874,100
2019-06-28 09:44:48.203781135,100085,92,100037,192,100117,192,100003,192,100205,192,99982,192,100301,192,99934,192,100307,192,99923,192,100335,100,99919,100,100434,100,99911,100,100509,100,99907,100,100528,100,99877,100,100570,100,99874,100
2019-06-28 09:44:50.000000000,100117,192,100037,192,100205,192,100003,192,100301,192,99982,192,100307,192,99934,192,100335,192,99923,192,100434,100,99919,100,100509,100,99911,100,100528,100,99907,100,100570,100,99877,100,100664,100,99874,100
2019-06-28 09:44:53.718076312,100117,192,100074,100,100205,192,100037,192,100301,192,100003,192,100307,192,99982,192,100335,192,99934,192,100434,100,99923,192,100509,100,99919,100,100528,100,99911,100,100570,100,99907,100,100664,100,99877,100
2019-06-28 09:45:00.000000000,100117,192,100074,192,100205,192,100037,192,100301,192,100003,192,100307,192,99982,192,100335,192,99934,192,100434,100,99923,100,100509,100,99919,100,100528,100,99911,100,100570,100,99907,100,100664,100,99877,100
2019-06-28 09:45:05.671234711,100117,92,100074,192,100205,192,100037,192,100301,192,100003,192,100307,192,99982,192,100335,192,99934,192,100434,100,99923,100,100509,100,99919,100,100528,100,99911,100,100570,100,99907,100,100664,100,99877,100
2019-06-28 09:45:10.000000000,100205,216,100074,216,100301,216,100037,216,100307,216,100003,216,100335,216,99982,216,100434,100,99934,100,100509,100,99923,100,100528,100,99919,100,100570,100,99911,100,100664,100,99907,100,100681,100,99877,100
2019-06-28 09:45:11.117770988,100205,216,100074,216,100301,216,100037,216,100307,216,100003,216,100335,216,99982,216,100434,100,99934,100,100509,100,99923,100,100528,100,99919,100,100570,100,99911,100,100664,100,99907,100,100681,100,99877,100
2019-06-28 09:45:20.000000000,100205,562,100074,562,100301,100,100037,100,100307,100,100003,100,100335,100,99982,100,100434,100,99934,100,100509,100,99923,100,100528,100,99919,100,100570,100,99911,100,100664,100,99907,100,100681,100,99877,100
2019-06-28 09:45:28.914669090,100205,562,100085,100,100301,100,100074,562,100307,100,100037,100,100335,100,99982,100,100434,100,99934,100,100509,100,99923,100,100528,100,99919,100,100570,100,99911,100,100664,100,99907,100,100681,100,99877,100
2019-06-28 09:45:30.000000000,100205,257,100085,257,100301,252,100074,252,100307,252,100037,252,100335,100,99982,100,100434,100,99934,100,100509,100,99923,100,100528,100,99919,100,100570,100,99911,100,100664,100,99907,100,100681,100,99877,100
2019-06-28 09:45:31.092835785,100205,257,100085,357,100301,252,100074,252,100307,252,100037,252,100335,100,99982,100,100434,100,99934,100,100509,100,99923,100,100528,100,99919,100,100570,100,99911,100,100664,100,99907,100,100681,100,99877,100
2019-06-28 09:45:40.000000000,100205,216,100085,316,100301,216,100074,216,100307,216,100037,216,100335,216,99982,216,100434,100,99934,100,100509,100,99923,100,100528,100,99919,100,100570,100,99911,100,100664,100,99907,100,100681,100,99877,100
2019-06-28 09:45:48.785266494,100205,216,100085,416,100301,216,100074,216,100307,216,100037,216,100335,216,99982,216,100434,100,99934,100,100509,100,99923,100,100528,100,99919,100,100570,100,99911,100,100664,100,99907,100,100681,100,99877,100
2019-06-28 09:45:50.000000000,100205,192,100085,392,100301,192,100074,192,100307,192,100037,192,100335,192,99982,192,100434,192,99934,192,100509,100,99923,100,100528,100,99919,100,100570,100,99911,100,100664,100,99907,100,100681,100,99877,100
2019-06-28 09:46:00.000000000,100205,257,100085,457,100301,252,100074,252,100307,252,100037,252,100335,100,99982,100,100434,100,99934,100,100509,100,99923,100,100528,100,99919,100,100570,100,99911,100,100664,100,99907,100,100681,100,99877,100
2019-06-28 09:46:10.000000000,100205,562,100085,762,100301,100,100074,100,100307,100,100037,100,100335,100,99982,100,100434,100,99934,100,100509,100,99923,100,100528,100,99919,100,100570,100,99911,100,100664,100,99907,100,100681,100,99877,100
2019-06-28 09:46:11.726513932,100205,562,100085,862,100301,100,100074,100,100307,100,100037,100,100335,100,99982,100,100434,100,99934,100,100509,100,99923,100,100528,100,99911,100,100570,100,99907,100,100664,100,99877,100,100681,100,99874,100
2019-06-28 09:46:16.829914062,100205,562,100085,962,100301,100,100074,100,100307,100,100037,100,100335,100,99982,100,100434,100,99934,100,100509,100,99923,100,100528,100,99911,100,100570,100,99907,100,100664,100,99877,100,100681,100,99874,100
2019-06-28 09:46:20.000000000,100205,192,100085,592,100301,192,100074,192,100307,192,100037,192,100335,192,99982,192,100434,192,99934,192,100509,100,99923,100,100528,100,99911,100,100570,100,99907,100,100664,100,99877,100,100681,100,99874,100
2019-06-28 09:46:21.808811211,100205,192,100085,592,100301,192,100074,192,100307,192,100037,192,100309,100,99982,192,100335,192,99934,192,100434,192,99923,100,100509,100,99911,100,100528,100,99907,100,100570,100,99877,100,100664,100,99874,100
2019-06-28 09:46:30.000000000,100205,257,100085,657,100301,252,100074,252,100307,252,100037,252,100309,100,99982,100,100335,100,99934,100,100434,100,99923,100,100509,100,99911,100,100528,100,99907,100,100570,100,99877,100,100664,100,99874,100
2019-06-28 09:46:40.000000000,100205,257,100085,657,100301,252,100074,252,100307,252,100037,252,100309,100,99982,100,100335,100,99934,100,100434,100,99923,100,100509,100,99911,100,100528,100,99907,100,100570,100,99877,100,100664,100,99874,100
2019-06-28 09:46:43.087711643,100205,257,100085,657,100301,252,100074,252,100307,252,100037,252,100309,100,99982,100,100335,100,99934,100,100434,100,99923,100,100509,100,99911,100,100528,100,99907,100,100570,100,99877,100,100681,100,99874,100
2019-06-28 09:46:50.000000000,100205,257,100085,657,100301,252,100074,252,100307,252,100037,252,100309,100,99982,100,100335,100,99934,100,100434,100,99923,100,100509,100,99911,100,100528,100,99907,100,100570,100,99877,100,100681,100,99874,100
2019-06-28 09:47:00.000000000,100205,216,100085,616,100301,216,100074,216,100307,216,100037,216,100309,216,99982,216,100335,100,99934,100,100434,100,99923,100,100509,100,99911,100,100528,100,99907,100,100570,100,99877,100,100681,100,99874,100
2019-06-28 09:47:03.254830083,100205,116,100085,616,100301,216,100074,216,100307,216,100037,216,100309,216,99982,216,100335,100,99934,100,100434,100,99923,100,100509,100,99911,100,100528,100,99907,100,100570,100,99877,100,100681,100,99874,100
2019-06-28 09:47:10.000000000,100301,192,100085,592,100307,192,100074,192,100309,192,100037,192,100335,192,99982,192,100434,192,99934,192,100509,100,99923,100,100528,100,99911,100,100570,100,99907,100,100681,100,99877,100,100737,100,99874,100
2019-06-28 09:47:10.703956518,100301,192,100117,100,100307,192,100085,592,100309,192,100074,192,100335,192,100037,192,100434,192,99982,192,100509,100,99934,192,100528,100,99923,100,100570,100,99911,100,100681,100,99907,100,100737,100,99877,100
2019-06-28 09:47:20.000000000,100301,216,100117,216,100307,216,100085,616,100309,216,100074,216,100335,216,100037,216,100434,100,99982,100,100509,100,99934,100,100528,100,99923,100,100570,100,99911,100,100681,100,99907,100,100737,100,99877,100
2019-06-28 09:47:30.000000000,100301,216,100117,216,100307,216,100085,616,100309,216,100074,216,100335,216,100037,216,100434,100,99982,100,100509,100,99934,100,100528,100,99923,100,100570,100,99911,100,100681,100,99907,100,100737,100,99877,100
2019-06-28 09:47:36.147675417,100301,116,100117,216,100307,216,100085,616,100309,216,100074,216,100335,216,100037,216,100434,100,99982,100,100509,100,99934,100,100528,100,99923,100,100570,100,99911,100,100681,100,99907,100,100737,100,99877,100
2019-06-28 09:47:40.000000000,100307,257,100117,257,100309,252,100085,652,100335,252,100074,252,100434,100,100037,100,100509,100,99982,100,100528,100,99934,100,100570,100,99923,100,100681,100,99911,100,100737,100,99907,100,101432,100,99877,100
2019-06-28 09:47:49.815514396,100307,157,100117,257,100309,252,100085,652,100335,252,100074,252,100434,100,100037,100,100509,100,99982,100,100528,100,99934,100,100570,100,99923,100,100681,100,99911,100,100737,100,99907,100,101432,100,99877,100
2019-06-28 09:47:50.000000000,100309,562,100117,562,100335,100,100085,500,100434,100,100074,100,100509,100,100037,100,100528,100,99982,100,100570,100,99934,100,100681,100,99923,100,100737,100,99911,100,101432,100,99907,100,,,99877,100
2019-06-28 09:48:00.000000000,100309,562,100117,562,100335,100,100085,500,100434,100,100074,100,100509,100,100037,100,100528,100,99982,100,100570,100,99934,100,100681,100,99923,100,100737,100,99911,100,101432,100,99907,100,,,99877,100
2019-06-28 09:48:02.948164026,100309,562,100301,100,100335,100,100117,562,100434,100,100085,500,100509,100,100074,100,100528,100,100037,100,100570,100,99982,100,100681,100,99934,100,100737,100,99911,100,101432,100,99907,100,,,99877,100
2019-06-28 09:48:10.000000000,100309,192,100301,192,100335,192,100117,192,100434,192,100085,592,100509,192,100074,192,100528,192,100037,192,100570,100,99982,100,100681,100,99934,100,100737,100,99911,100,101432,100,99907,100,,,99877,100
2019-06-28 09:48:10.368185712,100309,92,100301,192,100335,192,100117,192,100434,192,100085,592,100509,192,100074,192,100528,192,100037,192,100570,100,99982,100,100681,100,99934,100,100737,100,99911,100,101432,100,99907,100,,,99877,100
2019-06-28 09:48:20.000000000,100335,192,100301,192,100434,192,100117,192,100509,192,100085,592,100528,192,100074,192,100570,192,100037,192,100681,100,99982,100,100737,100,99934,100,101432,100,99911,100,,,99907,100,,,99877,100
2019-06-28 09:48:30.000000000,100335,192,100301,192,100434,192,100117,192,100509,192,100085,592,100528,192,100074,192,100570,192,100037,192,100681,100,99982,100,100737,100,99934,100,101432,100,99911,100,,,99907,100,,,99877,100
2019-06-28 09:48:38.939056789,100335,192,100301,192,100434,192,100117,192,100509,192,100085,592,100528,192,100074,192,100570,192,100037,192,100681,100,99982,100,100737,100,99934,100,101206,100,99911,100,101432,100,99907,100,,,99877,100
2019-06-28 09:48:39.609933979,100335,192,100301,192,100434,192,100117,192,100509,192,100085,592,100528,92,100074,192,100570,192,100037,192,100681,100,99982,100,100737,100,99934,100,101206,100,99911,100,101432,100,99907,100,101441,100,99877,100
2019-06-28 09:48:40.000000000,100335,331,100301,331,100434,331,100117,331,100509,100,100085,500,100570,100,100074,100,100681,100,100037,100,100737,100,99982,100,101206,100,99934,100,101432,100,99911,100,101441,100,99907,100,,,99877,100
2019-06-28 09:48:50.000000000,100335,257,100301,257,100434,252,100117,252,100509,252,100085,652,100570,100,100074,100,100681,100,100037,100,100737,100,99982,100,101206,100,99934,100,101432,100,99911,100,101441,100,99907,100,,,99877,100
2019-06-28 09:49:00.000000000,100335,192,100301,192,100434,192,100117,192,100509,192,100085,592,100570,192,100074,192,100681,192,100037,192,100737,100,99982,100,101206,100,99934,100,101432,100,99911,100,101441,100,99907,100,,,99877,100
2019-06-28 09:49:01.385596047,100335,192,100301,192,100434,192,100117,92,100509,192,100085,592,100570,192,100074,192,100681,192,100037,192,100737,100,99982,100,101206,100,99934,100,101432,100,99911,100,101441,100,99907,100,,,99877,100
2019-06-28 09:49:03.637676267,100335,192,100301,192,100434,192,100117,92,100509,192,100085,592,100570,192,100074,192,100681,192,100037,192,100737,100,99982,100,101110,100,99934,100,101206,100,99907,100,101432,100,99877,100,101441,100,99874,100
2019-06-28 09:49:08.305006488,100335,192,100307,100,100434,192,100301,192,100509,192,100117,92,100570,192,100085,592,100681,192,100074,192,100737,100,100037,92,101110,100,99982,100,101206,100,99934,100,101432,100,99907,100,101441,100,99877,100
2019-06-28 09:49:10.000000000,100335,257,100307,257,100434,252,100301,252,100509,252,100085,652,100570,100,100074,100,100681,100,99982,100,100737,100,99934,100,101110,100,99907,100,101206,100,99877,100,101432,100,99874,100,101441,100,99862,100
2019-06-28 09:49:10.389242131,100335,257,100307,257,100434,252,100301,252,100509,252,100085,652,100570,100,100074,100,100681,100,99982,100,100737,100,99934,100,101062,100,99907,100,101110,100,99877,100,101206,100,99874,100,101432,100,99862,100
2019-06-28 09:49:20.000000000,100335,216,100307,216,100434,216,100301,216,100509,216,100085,616,100570,216,100074,216,100681,100,99982,100,100737,100,99934,100,101062,100,99907,100,101110,100,99877,100,101206,100,99874,100,101432,100,99862,100
2019-06-28 09:49:22.100196749,100335,116,100307,216,100434,216,100301,216,100509,216,100085,616,100570,216,100074,216,100681,100,99982,100,100737,100,99934,100,101062,100,99907,100,101110,100,99877,100,101206,100,99874,100,101441,100,99862,100
2019-06-28 09:49:22.868491088,100335,16,100307,216,100434,216,100301,216,100509,216,100085,616,100570,216,100074,216,100681,100,99982,100,100737,100,99934,100,101062,100,99907,100,101110,100,99877,100,101441,100,99874,100,,,99862,100
2019-06-28 09:49:30.000000000,100434,192,100307,192,100509,192,100301,192,100570,192,100085,592,100681,192,100074,192,100737,192,99982,192,101062,100,99934,100,101110,100,99907,100,101441,100,99877,100,,,99874,100,,,99862,100
2019-06-28 09:49:33.159909848,100434,192,100307,192,100509,192,100301,192,100570,192,100085,592,100586,100,100074,192,100681,192,99982,192,100737,192,99934,100,101062,100,99907,100,101110,100,99877,100,101441,100,99874,100,,,99862,100
2019-06-28 09:49:40.000000000,100434,216,100307,216,100509,216,100301,216,100570,216,100085,616,100586,216,100074,216,100681,100,99982,100,100737,100,99934,100,101062,100,99907,100,101110,100,99877,100,101441,100,99874,100,,,99862,100
2019-06-28 09:49:50.000000000,100434,331,100307,331,100509,331,100301,331,100570,100,100085,500,100586,100,100074,100,100681,100,99982,100,100737,100,99934,100,101062,100,99907,100,101110,100,99877,100,101441,100,99874,100,,,99862,100
2019-06-28 09:49:51.351844326,100434,231,100307,331,100509,331,100301,331,100570,100,100085,500,100586,100,100074,100,100681,100,99982,100,100737,100,99934,100,101062,100,99907,100,101110,100,99877,100,101441,100,99874,100,,,99862,100
2019-06-28 09:50:00.000000000,100509,331,100307,331,100570,331,100301,331,100586,100,100085,500,100681,100,100074,100,100737,100,99982,100,101062,100,99934,100,101110,100,99907,100,101441,100,99877,100,,,99874,100,,,99862,100
2019-06-28 09:50:00.232803096,100509,331,100307,331,100570,331,100301,331,100586,100,100085,500,100681,100,100074,100,100737,100,99934,100,101062,100,99907,100,101110,100,99877,100,101441,100,99874,100,,,99862,100,,,99851,100
2019-06-28 09:50:10.000000000,100509,562,100307,562,100570,100,100301,100,100586,100,100085,500,100681,100,100074,100,100737,100,99934,100,101062,100,99907,100,101110,100,99877,100,101441,100,99874,100,,,99862,100,,,99851,100
2019-06-28 09:50:20.000000000,100509,562,100307,562,100570,100,100301,100,100586,100,100085,500,100681,100,100074,100,100737,100,99934,100,101062,100,99907,100,101110,100,99877,100,101441,100,99874,100,,,99862,100,,,99851,100
2019-06-28 09:50:30.000000000,100509,192,100307,192,100570,192,100301,192,100586,192,100085,592,100681,192,100074,192,100737,192,99934,192,101062,100,99907,100,101110,100,99877,100,101441,100,99874,100,,,99862,100,,,99851,100
2019-06-28 09:50:30.167073506,100509,192,100335,100,100570,192,100307,192,100586,192,100301,192,100681,192,100085,592,100737,192,100074,192,101062,100,99934,192,101110,100,99907,100,101441,100,99877,100,,,99874,100,,,99862,100
2019-06-28 09:50:40.000000000,100509,257,100335,257,100570,252,100307,252,100586,252,100301,252,100681,100,100085,500,100737,100,100074,100,101062,100,99934,100,101110,100,99907,100,101441,100,99877,100,,,99874,100,,,99862,100
2019-06-28 09:50:50.000000000,100509,192,100335,192,100570,192,100307,192,100586,192,100301,192,100681,192,100085,592,100737,192,100074,192,101062,100,99934,100,101110,100,99907,100,101441,100,99877,100,,,99874,100,,,99862,100
2019-06-28 09:51:00.000000000,100509,562,100335,562,100570,100,100307,100,100586,100,100301,100,100681,100,100085,500,100737,100,100074,100,101062,100,99934,100,101110,100,99907,100,101441,100,99877,100,,,99874,100,,,99862,100
2019-06-28 09:51:10.000000000,100509,216,100335,216,100570,216,100307,216,100586,216,100301,216,100681,216,100085,616,100737,100,100074,100,101062,100,99934,100,101110,100,99907,100,101441,100,99877,100,,,99874,100,,,99862,100
2019-06-28 09:51:20.000000000,100509,331,100335,331,100570,331,100307,331,100586,100,100301,100,100681,100,100085,500,100737,100,100074,100,101062,100,99934,100,101110,100,99907,100,101441,100,99877,100,,,99874,100,,,99862,100
2019-06-28 09:51:28.776051899,100509,331,100335,231,100570,331,100307,331,100586,100,100301,100,100737,100,100085,500,101062,100,100074,100,101110,100,99934,100,101441,100,99907,100,,,99877,100,,,99874,100,,,99862,100
2019-06-28 09:51:30.000000000,100509,216,100307,216,100570,216,100301,216,100586,216,100085,616,100737,216,100074,216,101062,100,99934,100,101110,100,99907,100,101441,100,99877,100,,,99874,100,,,99862,100,,,99851,100
2019-06-28 09:51:40.000000000,100509,257,100307,257,100570,252,100301,252,100586,252,100085,652,100737,100,100074,100,101062,100,99934,100,101110,100,99907,100,101441,100,99877,100,,,99874,100,,,99862,100,,,99851,100
2019-06-28 09:51:50.000000000,100509,257,100307,257,100570,252,100301,252,100586,252,100085,652,100737,100,100074,100,101062,100,99934,100,101110,100,99907,100,101441,100,99877,100,,,99874,100,,,99862,100,,,99851,100
2019-06-28 09:52:00.000000000,100509,331,100307,331,100570,331,100301,331,100586,100,100085,500,100737,100,100074,100,101062,100,99934,100,101110,100,99907,100,101441,100,99877,100,,,99874,100,,,99862,100,,,99851,100
2019-06-28 09:52:06.969998777,100509,331,100307,231,100570,331,100301,331,100586,100,100085,500,100737,100,100074,100,101062,100,99934,100,101110,100,99907,100,101441,100,99877,100,,,99874,100,,,99862,100,,,99851,100
2019-06-28 09:52:10.000000000,100509,331,100301,331,100570,331,100085,731,100586,100,100074,100,100737,100,99934,100,101062,100,99907,100,101110,100,99877,100,101441,100,99874,100,,,99862,100,,,99851,100,,,99803,100
2019-06-28 09:52:15.433151010,100475,100,100301,331,100509,331,100085,731,100570,331,100074,100,100586,100,99934,100,100737,100,99907,100,101062,100,99877,100,101110,100,99874,100,101441,100,99862,100,,,99851,100,,,99803,100
2019-06-28 09:52:16.414833872,100335,100,100301,331,100475,100,100085,731,100509,331,100074,100,100570,331,99934,100,100586,100,99907,100,100737,100,99877,100,101062,100,99874,100,101110,100,99862,100,101441,100,99851,100,,,99803,100
2019-06-28 09:52:20.000000000,100335,257,100301,257,100475,252,100085,652,100509,252,100074,252,100570,100,99934,100,100586,100,99907,100,100737,100,99877,100,101062,100,99874,100,101110,100,99862,100,101441,100,99851,100,,,99803,100
2019-06-28 09:52:30.000000000,100335,562,100301,562,100475,100,100085,500,100509,100,100074,100,100570,100,99934,100,100586,100,99907,100,100737,100,99877,100,101062,100,99874,100,101110,100,99862,100,101441,100,99851,100,,,99803,100
2019-06-28 09:52:40.000000000,100335,192,100301,192,100475,192,100085,592,100509,192,100074,192,100570,192,99934,192,100586,192,99907,192,100737,100,99877,100,101062,100,99874,100,101110,100,99862,100,101441,100,99851,100,,,99803,100
2019-06-28 09:52:46.719306741,100335,192,100301,192,100475,192,100085,492,100509,192,100074,192,100570,192,99934,192,100586,192,99907,192,100737,100,99877,100,101062,100,99874,100,101110,100,99862,100,101441,100,99851,100,,,99803,100
2019-06-28 09:52:48.701139942,100335,192,100301,192,100475,192,100130,100,100509,192,100085,492,100570,192,100074,192,100586,192,99934,192,100737,100,99907,92,101062,100,99877,100,101110,100,99874,100,101441,100,99862,100,,,99851,100
2019-06-28 09:52:50.000000000,100335,192,100301,192,100475,192,100130,192,100509,192,100085,492,100570,192,100074,192,100586,192,99934,192,100737,100,99877,100,101062,100,99874,100,101110,100,99862,100,101441,100,99851,100,,,99803,100
2019-06-28 09:52:50.555264777,100335,192,100301,192,100364,100,100130,192,100475,192,100085,492,100509,192,100074,192,100570,192,99934,192,100586,192,99877,100,100737,100,99874,100,101062,100,99862,100,101110,100,99851,100,101441,100,99803,100
2019-06-28 09:52:59.762947470,100335,192,100301,192,100364,100,100130,192,100440,100,100085,492,100475,192,100074,192,100509,192,99934,192,100570,192,99877,100,100586,192,99874,100,100737,100,99862,100,101062,100,99851,100,101110,100,99803,100
2019-06-28 09:53:00.000000000,100335,216,100301,216,100364,216,100130,216,100440,216,100085,516,100475,216,100074,216,100509,100,99934,100,100570,100,99877,100,100586,100,99874,100,100737,100,99862,100,101062,100,99851,100,101110,100,99803,100
2019-06-28 09:53:09.319861281,100335,216,100301,216,100354,100,100130,216,100364,216,100085,516,100440,216,100074,216,100475,216,99934,100,100509,100,99877,100,100586,100,99874,100,100737,100,99862,100,101062,100,99851,100,101110,100,99803,100
2019-06-28 09:53:10.000000000,100335,192,100301,192,100354,192,100130,192,100364,192,100085,492,100440,192,100074,192,100475,192,99934,192,100509,100,99877,100,100586,100,99874,100,100737,100,99862,100,101062,100,99851,100,101110,100,99803,100
2019-06-28 09:53:20.000000000,100335,192,100301,192,100354,192,100130,192,100364,192,100085,492,100440,192,100074,192,100475,192,99934,192,100509,100,99877,100,100586,100,99874,100,100737,100,99862,100,101062,100,99851,100,101110,100,99803,100
2019-06-28 09:53:21.074640465,100335,192,100301,192,100354,192,100130,192,100364,192,100085,492,100440,192,100074,192,100475,192,99934,192,100509,100,99877,100,100586,100,99874,100,100596,100,99862,100,100737,100,99851,100,101062,100,99803,100
2019-06-28 09:53:30.000000000,100335,331,100301,331,100354,331,100130,331,100364,100,100085,400,100440,100,100074,100,100475,100,99934,100,100509,100,99877,100,100586,100,99874,100,100596,100,99862,100,100737,100,99851,100,101062,100,99803,100
2019-06-28 09:53:38.697298663,100335,331,100301,331,100354,331,100130,331,100364,100,100085,400,100440,100,100074,100,100475,100,99934,100,100509,100,99874,100,100586,100,99862,100,100596,100,99851,100,100737,100,99803,100,100775,100,99699,100
2019-06-28 09:53:38.752992950,100335,331,100301,331,100354,331,100130,331,100364,100,100085,400,100440,100,100074,100,100475,100,99934,100,100509,100,99874,100,100586,100,99862,100,100596,100,99851,100,100737,100,99803,100,100775,100,99699,100
2019-06-28 09:53:40.000000000,100335,192,100301,192,100354,192,100130,192,100364,192,100085,492,100440,192,100074,192,100475,192,99934,192,100509,100,99874,100,100586,100,99862,100,100596,100,99851,100,100737,100,99803,100,100775,100,99699,100
2019-06-28 09:53:45.483096627,100335,92,100301,192,100354,192,100130,192,100364,192,100085,492,100440,192,100074,192,100475,192,99934,192,100509,100,99874,100,100586,100,99862,100,100596,100,99851,100,100737,100,99803,100,100775,100,99699,100
2019-06-28 09:53:50.000000000,100354,257,100301,257,100364,252,100130,252,100440,252,100085,552,100475,100,100074,100,100509,100,99934,100,100586,100,99874,100,100596,100,99862,100,100737,100,99851,100,100775,100,99803,100,100880,100,99699,100
2019-06-28 09:53:59.331522103,100354,257,100301,257,100364,252,100130,252,100440,252,100085,552,100475,100,100074,100,100509,100,99934,100,100586,100,99874,100,100596,100,99862,100,100737,100,99851,100,100755,100,99803,100,100775,100,99699,100
2019-06-28 09:54:00.000000000,100354,562,100301,562,100364,100,100130,100,100440,100,100085,400,100475,100,100074,100,100509,100,99934,100,100586,100,99874,100,100596,100,99862,100,100737,100,99851,100,100755,100,99803,100,100775,100,99699,100
2019-06-28 09:54:08.865529404,100354,562,100301,562,100364,100,100130,100,100440,100,100085,400,100475,100,100074,100,100509,100,99934,100,100586,100,99874,100,100596,100,99862,100,100664,100,99851,100,100737,100,99803,100,100755,100,99699,100
2019-06-28 09:54:10.000000000,100354,331,100301,331,100364,331,100130,331,100440,100,100085,400,100475,100,100074,100,100509,100,99934,100,100586,100,99874,100,100596,100,99862,100,100664,100,99851,100,100737,100,99803,100,100755,100,99699,100
2019-06-28 09:54:20.000000000,100354,331,100301,331,100364,331,100130,331,100440,100,100085,400,100475,100,100074,100,100509,100,99934,100,100586,100,99874,100,100596,100,99862,100,100664,100,99851,100,100737,100,99803,100,100755,100,99699,100
2019-06-28 09:54:30.000000000,100354,331,100301,331,100364,331,100130,331,100440,100,100085,400,100475,100,100074,100,100509,100,99934,100,100586,100,99874,100,100596,100,99862,100,100664,100,99851,100,100737,100,99803,100,100755,100,99699,100
2019-06-28 09:54:40.000000000,100354,216,100301,216,100364,216,100130,216,100440,216,100085,516,100475,216,100074,216,100509,100,99934,100,100586,100,99874,100,100596,100,99862,100,100664,100,99851,100,100737,100,99803,100,100755,100,99699,100
2019-06-28 09:54:50.000000000,100354,216,100301,216,100364,216,100130,216,100440,216,100085,516,100475,216,100074,216,100509,100,99934,100,100586,100,99874,100,100596,100,99862,100,100664,100,99851,100,100737,100,99803,100,100755,100,99699,100
2019-06-28 09:54:55.979584314,100354,216,100301,216,100364,216,100130,216,100440,116,100085,516,100475,216,100074,216,100509,100,99934,100,100586,100,99874,100,100596,100,99862,100,100664,100,99851,100,100737,100,99803,100,100755,100,99699,100
2019-06-28 09:55:00.000000000,100354,562,100301,562,100364,100,100130,100,100475,100,100085,400,100509,100,100074,100,100586,100,99934,100,100596,100,99874,100,100664,100,99862,100,100737,100,99851,100,100755,100,99803,100,100775,100,99699,100
2019-06-28 09:55:10.000000000,100354,257,100301,257,100364,252,100130,252,100475,252,100085,552,100509,100,100074,100,100586,100,99934,100,100596,100,99874,100,100664,100,99862,100,100737,100,99851,100,100755,100,99803,100,100775,100,99699,100
2019-06-28 09:55:20.000000000,100354,257,100301,257,100364,252,100130,252,100475,252,100085,552,100509,100,100074,100,100586,100,99934,100,100596,100,99874,100,100664,100,99862,100,100737,100,99851,100,100755,100,99803,100,100775,100,99699,100
2019-06-28 09:55:30.000000000,100354,257,100301,257,100364,252,100130,252,100475,252,100085,552,100509,100,100074,100,100586,100,99934,100,100596,100,99874,100,100664,100,99862,100,100737,100,99851,100,100755,100,99803,100,100775,100,99699,100
2019-06-28 09:55:40.000000000,100354,192,100301,192,100364,192,100130,192,100475,192,100085,492,100509,192,100074,192,100586,192,99934,192,100596,100,99874,100,100664,100,99862,100,100737,100,99851,100,100755,100,99803,100,100775,100,99699,100
2019-06-28 09:55:50.000000000,100354,331,100301,331,100364,331,100130,331,100475,100,100085,400,100509,100,100074,100,100586,100,99934,100,100596,100,99874,100,100664,100,99862,100,100737,100,99851,100,100755,100,99803,100,100775,100,99699,100
2019-06-28 09:56:00.000000000,100354,331,100301,331,100364,331,100130,331,100475,100,100085,400,100509,100,100074,100,100586,100,99934,100,100596,100,99874,100,100664,100,99862,100,100737,100,99851,100,100755,100,99803,100,100775,100,99699,100
2019-06-28 09:56:10.000000000,100354,192,100301,192,100364,192,100130,192,100475,192,100085,492,100509,192,100074,192,100586,192,99934,192,100596,100,99874,100,100664,100,99862,100,100737,100,99851,100,100755,100,99803,100,100775,100,99699,100
2019-06-28 09:56:20.000000000,100354,257,100301,257,100364,252,100130,252,100475,252,100085,552,100509,100,100074,100,100586,100,99934,100,100596,100,99874,100,100664,100,99862,100,100737,100,99851,100,100755,100,99803,100,100775,100,99699,100
2019-06-28 09:56:30.000000000,100354,257,100301,257,100364,252,100130,252,100475,252,100085,552,100509,100,100074,100,100586,100,99934,100,100596,100,99874,100,100664,100,99862,100,100737,100,99851,100,100755,100,99803,100,100775,100,99699,100
2019-06-28 09:56:31.513266286,100354,157,100301,257,100364,252,100130,252,100475,252,100085,552,100509,100,100074,100,100586,100,99934,100,100596,100,99874,100,100664,100,99862,100,100737,100,99851,100,100755,100,99803,100,100775,100,99699,100
2019-06-28 09:56:40.000000000,100364,562,100301,562,100475,100,100130,100,100509,100,100085,400,100586,100,100074,100,100596,100,99934,100,100664,100,99874,100,100737,100,99862,100,100755,100,99851,100,100775,100,99803,100,100880,100,99699,100
2019-06-28 09:56:50.000000000,100364,216,100301,216,100475,216,100130,216,100509,216,100085,516,100586,216,100074,216,100596,100,99934,100,100664,100,99874,100,100737,100,99862,100,100755,100,99851,100,100775,100,99803,100,100880,100,99699,100
2019-06-28 09:57:00.000000000,100364,192,100301,192,100475,192,100130,192,100509,192,100085,492,100586,192,100074,192,100596,192,99934,192,100664,100,99874,100,100737,100,99862,100,100755,100,99851,100,100775,100,99803,100,100880,100,99699,100
2019-06-28 09:57:05.953028629,100364,192,100301,192,100475,192,100130,192,100509,192,100085,492,100586,192,100074,192,100596,192,99934,192,100664,100,99874,100,100737,100,99862,100,100755,100,99851,100,100775,100,99803,100,100880,100,99699,100
2019-06-28 09:57:10.000000000,100364,257,100301,257,100475,252,100130,252,100509,252,100085,552,100586,100,100074,100,100596,100,99934,100,100664,100,99874,100,100737,100,99862,100,100755,100,99851,100,100775,100,99803,100,100880,100,99699,100
2019-06-28 09:57:20.000000000,100364,216,100301,216,100475,216,100130,216,100509,216,100085,516,100586,216,100074,216,100596,100,99934,100,100664,100,99874,100,100737,100,99862,100,100755,100,99851,100,100775,100,99803,100,100880,100,99699,100
2019-06-28 09:57:30.000000000,100364,192,100301,192,100475,192,100130,192,100509,192,100085,492,100586,192,100074,192,100596,192,99934,192,100664,100,99874,100,100737,100,99862,100,100755,100,99851,100,100775,100,99803,100,100880,100,99699,100
2019-06-28 09:57:33.897215681,100364,192,100301,192,100475,192,100130,192,100509,192,100085,492,100586,192,100074,192,100596,192,99934,192,100664,100,99874,100,100737,100,99862,100,100755,100,99851,100,100775,100,99803,100,100825,100,99699,100
2019-06-28 09:57:40.000000000,100364,192,100301,192,100475,192,100130,192,100509,192,100085,492,100586,192,100074,192,100596,192,99934,192,100664,100,99874,100,100737,100,99862,100,100755,100,99851,100,100775,100,99803,100,100825,100,99699,100
2019-06-28 09:57:42.166427779,100364,92,100301,192,100475,192,100130,192,100509,192,100085,492,100586,192,100074,192,100596,192,99934,192,100664,100,99874,100,100737,100,99862,100,100755,100,99851,100,100775,100,99803,100,100880,100,99699,100
2019-06-28 09:57:43.913633772,100364,92,100354,100,100475,192,100301,192,100509,192,100130,192,100586,192,100085,492,100596,192,100074,192,100664,100,99934,192,100737,100,99874,100,100755,100,99862,100,100775,100,99851,100,100880,100,99803,100
2019-06-28 09:57:50.000000000,100475,257,100354,257,100509,252,100301,252,100586,252,100130,252,100596,100,100085,400,100664,100,100074,100,100737,100,99934,100,100755,100,99874,100,100775,100,99862,100,100880,100,99851,100,100996,100,99803,100
2019-06-28 09:58:00.000000000,100475,331,100354,331,100509,331,100301,331,100586,100,100130,100,100596,100,100085,400,100664,100,100074,100,100737,100,99934,100,100755,100,99874,100,100775,100,99862,100,100880,100,99851,100,100996,100,99803,100
2019-06-28 09:58:09.090664748,100475,331,100354,331,100509,331,100301,331,100586,100,100090,100,100596,100,100085,400,100664,100,100074,100,100737,100,99934,100,100755,100,99874,100,100775,100,99862,100,100880,100,99851,100,100996,100,99803,100
2019-06-28 09:58:10.000000000,100475,562,100354,562,100509,100,100301,100,100586,100,100090,100,100596,100,100085,400,100664,100,100074,100,100737,100,99934,100,100755,100,99874,100,100775,100,99862,100,100880,100,99851,100,100996,100,99803,100
2019-06-28 09:58:10.096181300,100475,562,100354,562,100509,100,100301,100,100586,100,100266,100,100596,100,100090,100,100664,100,100085,400,100737,100,100074,100,100755,100,99934,100,100775,100,99874,100,100880,100,99862,100,100996,100,99851,100
2019-06-28 09:58:14.959379261,100475,562,100354,462,100509,100,100301,100,100586,100,100266,100,100596,100,100090,100,100664,100,100085,400,100737,100,100074,100,100755,100,99934,100,100775,100,99874,100,100880,100,99862,100,100996,100,99851,100
2019-06-28 09:58:20.000000000,100475,562,100301,562,100509,100,100266,100,100586,100,100090,100,100596,100,100085,400,100664,100,100074,100,100737,100,99934,100,100755,100,99874,100,100775,100,99862,100,100880,100,99851,100,100996,100,99803,100
2019-06-28 09:58:30.000000000,100475,562,100301,562,100509,100,100266,100,100586,100,100090,100,100596,100,100085,400,100664,100,100074,100,100737,100,99934,100,100755,100,99874,100,100775,100,99862,100,100880,100,99851,100,100996,100,99803,100
2019-06-28 09:58:40.000000000,100475,216,100301,216,100509,216,100266,216,100586,216,100090,216,100596,216,100085,516,100664,100,100074,100,100737,100,99934,100,100755,100,99874,100,100775,100,99862,100,100880,100,99851,100,100996,100,99803,100
2019-06-28 09:58:50.000000000,100475,216,100301,216,100509,216,100266,216,100586,216,100090,216,100596,216,100085,516,100664,100,100074,100,100737,100,99934,100,100755,100,99874,100,100775,100,99862,100,100880,100,99851,100,100996,100,99803,100
2019-06-28 09:59:00.000000000,100475,331,100301,331,100509,331,100266,331,100586,100,100090,100,100596,100,100085,400,100664,100,100074,100,100737,100,99934,100,100755,100,99874,100,100775,100,99862,100,100880,100,99851,100,100996,100,99803,100
2019-06-28 09:59:10.000000000,100475,216,100301,216,100509,216,100266,216,100586,216,100090,216,100596,216,100085,516,100664,100,100074,100,100737,100,99934,100,100755,100,99874,100,100775,100,99862,100,100880,100,99851,100,100996,100,99803,100
2019-06-28 09:59:18.299768732,100475,216,100301,216,100509,216,100266,116,100586,216,100090,216,100596,216,100085,516,100664,100,100074,100,100737,100,99934,100,100755,100,99874,100,100766,100,99862,100,100775,100,99851,100,100880,100,99803,100
2019-06-28 09:59:20.000000000,100475,192,100301,192,100509,192,100090,192,100586,192,100085,492,100596,192,100074,192,100664,192,99934,192,100737,100,99874,100,100755,100,99862,100,100766,100,99851,100,100775,100,99803,100,100880,100,99699,100
2019-06-28 09:59:23.349059627,100475,92,100301,192,100509,192,100090,192,100586,192,100085,492,100596,192,100074,192,100664,192,99934,192,100737,100,99874,100,100755,100,99862,100,100766,100,99851,100,100775,100,99803,100,100880,100,99699,100
2019-06-28 09:59:30.000000000,100509,331,100301,331,100586,331,100090,331,100596,100,100085,400,100664,100,100074,100,100737,100,99934,100,100755,100,99874,100,100766,100,99862,100,100775,100,99851,100,100880,100,99803,100,100996,100,99699,100
2019-06-28 09:59:40.000000000,100509,562,100301,562,100586,100,100090,100,100596,100,100085,400,100664,100,100074,100,100737,100,99934,100,100755,100,99874,100,100766,100,99862,100,100775,100,99851,100,100880,100,99803,100,100996,100,99699,100
2019-06-28 09:59:50.000000000,100509,216,100301,216,100586,216,100090,216,100596,216,100085,516,100664,216,100074,216,100737,100,99934,100,100755,100,99874,100,100766,100,99862,100,100775,100,99851,100,100880,100,99803,100,100996,100,99699,100
2019-06-28 09:59:55.149230890,100509,216,100301,216,100586,216,100090,216,100596,216,100085,516,100664,216,100074,216,100737,100,99975,100,100755,100,99934,100,100766,100,99874,100,100775,100,99862,100,100880,100,99851,100,100996,100,99803,100
2019-06-28 10:00:00.000000000,100509,192,100301,192,100586,192,100090,192,100596,192,100085,492,100664,192,100074,192,100737,192,99975,192,100755,100,99934,100,100766,100,99874,100,100775,100,99862,100,100880,100,99851,100,100996,100,99803,100
2019-06-28 10:00:10.000000000,100509,192,100301,192,100586,192,100090,192,100596,192,100085,492,100664,192,100074,192,100737,192,99975,192,100755,100,99934,100,100766,100,99874,100,100775,100,99862,100,100880,100,99851,100,100996,100,99803,100
2019-06-28 10:00:20.000000000,100509,257,100301,257,100586,252,100090,252,100596,252,100085,552,100664,100,100074,100,100737,100,99975,100,100755,100,99934,100,100766,100,99874,100,100775,100,99862,100,100880,100,99851,100,100996,100,99803,100
2019-06-28 10:00:28.311825038,100509,257,100370,100,100586,252,100301,257,100596,252,100090,252,100664,100,100085,552,100737,100,100074,100,100755,100,99975,100,100766,100,99934,100,100775,100,99874,100,100880,100,99862,100,100996,100,99851,100
2019-06-28 10:00:29.172333463,100509,257,100370,100,100565,100,100301,257,100586,252,100090,252,100596,252,100085,552,100664,100,100074,100,100737,100,99975,100,100755,100,99934,100,100766,100,99874,100,100775,100,99862,100,100880,100,99851,100
2019-06-28 10:00:30.000000000,100509,192,100370,192,100565,192,100301,192,100586,192,100090,192,100596,192,100085,492,100664,192,100074,192,100737,100,99975,100,100755,100,99934,100,100766,100,99874,100,100775,100,99862,100,100880,100,99851,100
2019-06-28 10:00:40.000000000,100509,216,100370,216,100565,216,100301,216,100586,216,100090,216,100596,216,100085,516,100664,100,100074,100,100737,100,99975,100,100755,100,99934,100,100766,100,99874,100,100775,100,99862,100,100880,100,99851,100
2019-06-28 10:00:42.014469452,100509,216,100501,100,100565,116,100370,216,100586,216,100301,216,100596,216,100090,216,100664,100,100085,516,100737,100,100074,100,100755,100,99975,100,100766,100,99934,100,100775,100,99874,100,100880,100,99862,100
2019-06-28 10:00:49.062576784,100509,216,100370,216,100565,116,100301,216,100586,216,100090,216,100596,216,100085,416,100664,100,100074,100,100737,100,99975,100,100755,100,99934,100,100766,100,99874,100,100775,100,99862,100,100880,100,99851,100
2019-06-28 10:00:50.000000000,100509,331,100370,331,100586,331,100301,331,100596,100,100090,100,100664,100,100085,300,100737,100,100074,100,100755,100,99975,100,100766,100,99934,100,100775,100,99874,100,100880,100,99862,100,100996,100,99851,100
2019-06-28 10:01:00.000000000,100509,331,100370,331,100586,331,100301,331,100596,100,100090,100,100664,100,100085,300,100737,100,100074,100,100755,100,99975,100,100766,100,99934,100,100775,100,99874,100,100880,100,99862,100,100996,100,99851,100
2019-06-28 10:01:10.000000000,100509,216,100370,216,100586,216,100301,216,100596,216,100090,216,100664,216,100085,416,100737,100,100074,100,100755,100,99975,100,100766,100,99934,100,100775,100,99874,100,100880,100,99862,100,100996,100,99851,100
2019-06-28 10:01:20.000000000,100509,562,100370,562,100586,100,100301,100,100596,100,100090,100,100664,100,100085,300,100737,100,100074,100,100755,100,99975,100,100766,100,99934,100,100775,100,99874,100,100880,100,99862,100,100996,100,99851,100
2019-06-28 10:01:21.651395356,100509,562,100370,462,100586,100,100301,100,100596,100,100090,100,100664,100,100085,300,100737,100,100074,100,100755,100,99975,100,100766,100,99934,100,100775,100,99874,100,100880,100,99862,100,100996,100,99851,100
2019-06-28 10:01:30.000000000,100509,562,100301,562,100586,100,100090,100,100596,100,100085,300,100664,100,100074,100,100737,100,99975,100,100755,100,99934,100,100766,100,99874,100,100775,100,99862,100,100880,100,99851,100,100996,100,99803,100
2019-06-28 10:01:34.455356275,100509,462,100301,562,100586,100,100090,100,100596,100,100085,300,100664,100,100074,100,100755,100,99975,100,100766,100,99934,100,100775,100,99874,100,100880,100,99862,100,100996,100,99851,100,101062,100,99803,100
2019-06-28 10:01:40.000000000,100586,331,100301,331,100596,331,100090,331,100664,100,100085,300,100755,100,100074,100,100766,100,99975,100,100775,100,99934,100,100880,100,99874,100,100996,100,99862,100,101062,100,99851,100,101110,100,99803,100
2019-06-28 10:01:50.000000000,100586,331,100301,331,100596,331,100090,331,100664,100,100085,300,100755,100,100074,100,100766,100,99975,100,100775,100,99934,100,100880,100,99874,100,100996,100,99862,100,101062,100,99851,100,101110,100,99803,100
2019-06-28 10:02:00.000000000,100586,216,100301,216,100596,216,100090,216,100664,216,100085,416,100755,216,100074,216,100766,100,99975,100,100775,100,99934,100,100880,100,99874,100,100996,100,99862,100,101062,100,99851,100,101110,100,99803,100
2019-06-28 10:02:01.737015056,100586,216,100301,216,100596,216,100090,216,100648,100,100085,416,100664,116,100074,216,100755,216,99975,100,100766,100,99934,100,100775,100,99874,100,100880,100,99862,100,100996,100,99851,100,101062,100,99803,100
2019-06-28 10:02:03.505785213,100586,216,100301,216,100596,216,100090,216,100597,100,100085,416,100648,100,100074,216,100664,116,99975,100,100755,216,99934,100,100766,100,99874,100,100775,100,99862,100,100880,100,99851,100,100996,100,99803,100
2019-06-28 10:02:10.000000000,100586,562,100301,562,100596,100,100090,100,100597,100,100085,300,100648,100,100074,100,100755,100,99975,100,100766,100,99934,100,100775,100,99874,100,100880,100,99862,100,100996,100,99851,100,101062,100,99803,100
2019-06-28 10:02:20.000000000,100586,257,100301,257,100596,252,100090,252,100597,252,100085,452,100648,100,100074,100,100755,100,99975,100,100766,100,99934,100,100775,100,99874,100,100880,100,99862,100,100996,100,99851,100,101062,100,99803,100
2019-06-28 10:02:30.000000000,100586,216,100301,216,100596,216,100090,216,100597,216,100085,416,100648,216,100074,216,100755,100,99975,100,100766,100,99934,100,100775,100,99874,100,100880,100,99862,100,100996,100,99851,100,101062,100,99803,100
2019-06-28 10:02:40.000000000,100586,216,100301,216,100596,216,100090,216,100597,216,100085,416,100648,216,100074,216,100755,100,99975,100,100766,100,99934,100,100775,100,99874,100,100880,100,99862,100,100996,100,99851,100,101062,100,99803,100
2019-06-28 10:02:47.996550130,100586,216,100301,216,100596,216,100284,100,100597,216,100090,216,100648,216,100085,416,100755,100,100074,216,100766,100,99975,100,100775,100,99934,100,100880,100,99874,100,100996,100,99862,100,101062,100,99803,100
2019-06-28 10:02:50.000000000,100586,192,100301,192,100596,192,100284,192,100597,192,100090,192,100648,192,100085,392,100755,192,100074,192,100766,100,99975,100,100775,100,99934,100,100880,100,99874,100,100996,100,99862,100,101062,100,99803,100
2019-06-28 10:02:53.927574622,100586,192,100301,192,100596,192,100284,192,100597,192,100108,100,100648,192,100090,192,100755,192,100085,392,100766,100,100074,192,100880,100,99975,100,100996,100,99934,100,101062,100,99874,100,101110,100,99862,100
2019-06-28 10:03:00.000000000,100586,257,100301,257,100596,252,100284,252,100597,252,100108,252,100648,100,100090,100,100755,100,100085,300,100766,100,100074,100,100880,100,99975,100,100996,100,99934,100,101062,100,99874,100,101110,100,99862,100
2019-06-28 10:03:10.000000000,100586,331,100301,331,100596,331,100284,331,100597,100,100108,100,100648,100,100090,100,100755,100,100085,300,100766,100,100074,100,100880,100,99975,100,100996,100,99934,100,101062,100,99874,100,101110,100,99862,100
2019-06-28 10:03:20.000000000,100586,216,100301,216,100596,216,100284,216,100597,216,100108,216,100648,216,100090,216,100755,100,100085,300,100766,100,100074,100,100880,100,99975,100,100996,100,99934,100,101062,100,99874,100,101110,100,99862,100
2019-06-28 10:03:28.678454541,100365,100,100301,216,100586,216,100284,216,100596,216,100108,216,100597,216,100090,216,100648,216,100085,300,100755,100,100074,100,100766,100,99975,100,100880,100,99934,100,100996,100,99874,100,101062,100,99862,100
2019-06-28 10:03:30.000000000,100365,216,100301,216,100586,216,100284,216,100596,216,100108,216,100597,216,100090,216,100648,100,100085,300,100755,100,100074,100,100766,100,99975,100,100880,100,99934,100,100996,100,99874,100,101062,100,99862,100
2019-06-28 10:03:35.389826110,100365,216,100301,216,100586,216,100284,216,100596,216,100229,100,100597,216,100108,216,100648,100,100090,216,100755,100,100085,300,100766,100,100074,100,100880,100,99975,100,100996,100,99934,100,101062,100,99874,100
2019-06-28 10:03:40.000000000,100365,257,100301,257,100586,252,100284,252,100596,252,100229,252,100597,100,100108,100,100648,100,100090,100,100755,100,100085,300,100766,100,100074,100,100880,100,99975,100,100996,100,99934,100,101062,100,99874,100
2019-06-28 10:03:44.933810839,100365,257,100301,157,100586,252,100284,252,100596,252,100229,252,100597,100,100108,100,100648,100,100090,100,100755,100,100085,300,100766,100,100074,100,100880,100,99975,100,100996,100,99934,100,101062,100,99874,100
2019-06-28 10:03:50.000000000,100365,192,100284,192,100586,192,100229,192,100596,192,100108,192,100597,192,100090,192,100648,192,100085,392,100755,100,100074,100,100766,100,99975,100,100880,100,99934,100,100996,100,99874,100,101062,100,99862,100
2019-06-28 10:03:53.021634174,100365,192,100284,192,100508,100,100229,192,100586,192,100108,192,100596,192,100090,192,100597,192,100085,392,100648,192,99975,100,100755,100,99934,100,100766,100,99874,100,100880,100,99862,100,100996,100,99803,100
2019-06-28 10:04:00.000000000,100365,562,100284,562,100508,100,100229,100,100586,100,100108,100,100596,100,100090,100,100597,100,100085,300,100648,100,99975,100,100755,100,99934,100,100766,100,99874,100,100880,100,99862,100,100996,100,99803,100
2019-06-28 10:04:03.394914905,100365,562,100284,462,100508,100,100229,100,100586,100,100108,100,100596,100,100090,100,100597,100,100085,300,100648,100,99934,100,100755,100,99874,100,100766,100,99862,100,100880,100,99803,100,100996,100,99699,100
2019-06-28 10:04:09.646377909,100365,562,100284,462,100508,100,100229,100,100586,100,100108,100,100596,100,100090,100,100597,100,100085,300,100648,100,99934,100,100755,100,99914,100,100766,100,99874,100,100880,100,99862,100,100996,100,99803,100
2019-06-28 10:04:09.992397258,100365,562,100284,462,100508,100,100229,100,100586,100,100132,100,100596,100,100108,100,100597,100,100090,100,100648,100,100085,300,100755,100,99934,100,100766,100,99914,100,100880,100,99874,100,100996,100,99862,100
2019-06-28 10:04:10.000000000,100365,192,100229,192,100508,192,100132,192,100586,192,100108,192,100596,192,100090,192,100597,192,100085,392,100648,100,99934,100,100755,100,99914,100,100766,100,99874,100,100880,100,99862,100,100996,100,99803,100
2019-06-28 10:04:20.000000000,100365,216,100229,216,100508,216,100132,216,100586,216,100108,216,100596,216,100090,216,100597,100,100085,300,100648,100,99934,100,100755,100,99914,100,100766,100,99874,100,100880,100,99862,100,100996,100,99803,100
2019-06-28 10:04:29.256799733,100365,216,100229,216,100508,216,100132,216,100586,216,100108,216,100596,216,100090,216,100597,100,100085,300,100648,100,99934,100,100755,100,99914,100,100766,100,99874,100,100880,100,99862,100,100996,100,99803,100
2019-06-28 10:04:30.000000000,100365,562,100229,562,100508,100,100132,100,100586,100,100108,100,100596,100,100090,100,100597,100,100085,300,100648,100,99934,100,100755,100,99914,100,100766,100,99874,100,100880,100,99862,100,100996,100,99803,100
2019-06-28 10:04:38.030045870,100365,562,100229,462,100508,100,100132,100,100586,100,100108,100,100596,100,100090,100,100597,100,100085,300,100648,100,99934,100,100755,100,99914,100,100766,100,99874,100,100880,100,99862,100,100996,100,99803,100
2019-06-28 10:04:39.782111219,100365,562,100229,462,100586,100,100132,100,100596,100,100108,100,100597,100,100090,100,100648,100,100085,300,100755,100,99934,100,100766,100,99914,100,100880,100,99874,100,100996,100,99862,100,101062,100,99803,100
2019-06-28 10:04:40.000000000,100365,562,100132,562,100586,100,100108,100,100596,100,100090,100,100597,100,100085,300,100648,100,99934,100,100755,100,99914,100,100766,100,99874,100,100880,100,99862,100,100996,100,99803,100,101062,100,99751,100
2019-06-28 10:04:50.000000000,100365,216,100132,216,100586,216,100108,216,100596,216,100090,216,100597,216,100085,416,100648,100,99934,100,100755,100,99914,100,100766,100,99874,100,100880,100,99862,100,100996,100,99803,100,101062,100,99751,100
2019-06-28 10:05:00.000000000,100365,331,100132,331,100586,331,100108,331,100596,100,100090,100,100597,100,100085,300,100648,100,99934,100,100755,100,99914,100,100766,100,99874,100,100880,100,99862,100,100996,100,99803,100,101062,100,99751,100
2019-06-28 10:05:10.000000000,100365,216,100132,216,100586,216,100108,216,100596,216,100090,216,100597,216,100085,416,100648,100,99934,100,100755,100,99914,100,100766,100,99874,100,100880,100,99862,100,100996,100,99803,100,101062,100,99751,100
2019-06-28 10:05:18.607603767,100365,216,100132,116,100586,216,100108,216,100596,216,100090,216,100597,216,100085,416,100648,100,99934,100,100755,100,99914,100,100766,100,99874,100,100880,100,99862,100,100996,100,99803,100,101062,100,99751,100
2019-06-28 10:05:20.000000000,100365,192,100108,192,100586,192,100090,192,100596,192,100085,392,100597,192,99934,192,100648,192,99914,192,100755,100,99874,100,100766,100,99862,100,100880,100,99803,100,100996,100,99751,100,101062,100,99699,100
2019-06-28 10:05:29.572778539,100365,192,100108,192,100586,192,100090,192,100596,192,100085,392,100597,192,99934,192,100648,192,99914,192,100755,100,99874,100,100766,100,99862,100,100880,100,99803,100,100996,100,99751,100,101062,100,99699,100
2019-06-28 10:05:30.000000000,100365,216,100108,216,100586,216,100090,216,100596,216,100085,416,100597,216,99934,216,100648,100,99914,100,100755,100,99874,100,100766,100,99862,100,100880,100,99803,100,100996,100,99751,100,101062,100,99699,100
2019-06-28 10:05:38.496307905,100365,216,100108,216,100586,216,100090,216,100596,216,100085,416,100597,216,99934,216,100648,100,99914,100,100755,100,99874,100,100766,100,99862,100,100880,100,99803,100,100996,100,99751,100,101062,100,99725,100
2019-06-28 10:05:40.000000000,100365,331,100108,331,100586,331,100090,331,100596,100,100085,300,100597,100,99934,100,100648,100,99914,100,100755,100,99874,100,100766,100,99862,100,100880,100,99803,100,100996,100,99751,100,101062,100,99725,100
2019-06-28 10:05:50.000000000,100365,216,100108,216,100586,216,100090,216,100596,216,100085,416,100597,216,99934,216,100648,100,99914,100,100755,100,99874,100,100766,100,99862,100,100880,100,99803,100,100996,100,99751,100,101062,100,99725,100
2019-06-28 10:06:00.000000000,100365,257,100108,257,100586,252,100090,252,100596,252,100085,452,100597,100,99934,100,100648,100,99914,100,100755,100,99874,100,100766,100,99862,100,100880,100,99803,100,100996,100,99751,100,101062,100,99725,100
2019-06-28 10:06:05.784415843,100229,100,100108,257,100365,257,100090,252,100586,252,100085,452,100596,252,99934,100,100597,100,99914,100,100648,100,99874,100,100755,100,99862,100,100766,100,99803,100,100880,100,99751,100,100996,100,99725,100
2019-06-28 10:06:10.000000000,100229,216,100108,216,100365,216,100090,216,100586,216,100085,416,100596,216,99934,216,100597,100,99914,100,100648,100,99874,100,100755,100,99862,100,100766,100,99803,100,100880,100,99751,100,100996,100,99725,100
2019-06-28 10:06:20.000000000,100229,562,100108,562,100365,100,100090,100,100586,100,100085,300,100596,100,99934,100,100597,100,99914,100,100648,100,99874,100,100755,100,99862,100,100766,100,99803,100,100880,100,99751,100,100996,100,99725,100
2019-06-28 10:06:30.000000000,100229,331,100108,331,100365,331,100090,331,100586,100,100085,300,100596,100,99934,100,100597,100,99914,100,100648,100,99874,100,100755,100,99862,100,100766,100,99803,100,100880,100,99751,100,100996,100,99725,100
2019-06-28 10:06:33.908534869,100229,331,100108,231,100365,331,100090,331,100586,100,100085,300,100596,100,99934,100,100597,100,99914,100,100648,100,99874,100,100755,100,99862,100,100766,100,99803,100,100880,100,99751,100,100996,100,99725,100
2019-06-28 10:06:40.000000000,100229,331,100090,331,100365,331,100085,531,100586,100,99934,100,100596,100,99914,100,100597,100,99874,100,100648,100,99862,100,100755,100,99803,100,100766,100,99751,100,100880,100,99725,100,100996,100,99699,100
2019-06-28 10:06:43.230439921,100229,331,100090,231,100365,331,100085,531,100596,100,99934,100,100597,100,99914,100,100648,100,99874,100,100755,100,99862,100,100766,100,99803,100,100880,100,99751,100,100996,100,99725,100,101062,100,99699,100
2019-06-28 10:06:46.113735482,100108,100,100090,231,100229,331,100085,531,100365,331,99934,100,100596,100,99914,100,100597,100,99874,100,100648,100,99862,100,100755,100,99803,100,100766,100,99751,100,100880,100,99725,100,100996,100,99699,100
2019-06-28 10:06:50.000000000,100108,331,100085,531,100229,331,99934,331,100365,100,99914,100,100596,100,99874,100,100597,100,99862,100,100648,100,99803,100,100755,100,99751,100,100766,100,99725,100,100880,100,99699,100,100996,100,99644,100
2019-06-28 10:06:50.451771973,100108,331,100085,531,100229,331,99934,331,100365,100,99914,100,100596,100,99874,100,100597,100,99862,100,100648,100,99803,100,100755,100,99751,100,100766,100,99725,100,100880,100,99699,100,100996,100,99644,100
2019-06-28 10:07:00.000000000,100108,331,100085,531,100229,331,99934,331,100365,100,99914,100,100596,100,99874,100,100597,100,99862,100,100648,100,99803,100,100755,100,99751,100,100766,100,99725,100,100880,100,99699,100,100996,100,99644,100
2019-06-28 10:07:10.000000000,100108,331,100085,531,100229,331,99934,331,100365,100,99914,100,100596,100,99874,100,100597,100,99862,100,100648,100,99803,100,100755,100,99751,100,100766,100,99725,100,100880,100,99699,100,100996,100,99644,100
2019-06-28 10:07:20.000000000,100108,331,100085,531,100229,331,99934,331,100365,100,99914,100,100596,100,99874,100,100597,100,99862,100,100648,100,99803,100,100755,100,99751,100,100766,100,99725,100,100880,100,99699,100,100996,100,99644,100
2019-06-28 10:07:30.000000000,100108,562,100085,762,100229,100,99934,100,100365,100,99914,100,100596,100,99874,100,100597,100,99862,100,100648,100,99803,100,100755,100,99751,100,100766,100,99725,100,100880,100,99699,100,100996,100,99644,100
