,ask_price_1,ask_size_1,bid_price_1,bid_size_1,ask_price_2,ask_size_2,bid_price_2,bid_size_2,ask_price_3,ask_size_3,bid_price_3,bid_size_3,ask_price_4,ask_size_4,bid_price_4,bid_size_4,ask_price_5,ask_size_5,bid_price_5,bid_size_5,ask_price_6,ask_size_6,bid_price_6,bid_size_6,ask_price_7,ask_size_7,bid_price_7,bid_size_7,ask_price_8,ask_size_8,bid_price_8,bid_size_8,ask_price_9,ask_size_9,bid_price_9,bid_size_9,ask_price_10,ask_size_10,bid_price_10,bid_size_10
2019-06-28 09:30:00.000000002,100066,100,99919,100,,,99907,100,,,,,,,,,,,,,,,,,,,,,,,,,,,,,,,,
2019-06-28 09:30:00.000000003,100066,100,99919,100,100079,100,99907,100,100116,100,,,,,,,,,,,,,,,,,,,,,,,,,,,,,,
2019-06-28 09:30:00.000000005,100066,100,99919,100,100079,100,99907,100,100106,100,,,100116,100,,,,,,,,,,,,,,,,,,,,,,,,,,
2019-06-28 09:30:00.000000006,100057,100,99919,100,100066,100,99907,100,100079,100,,,100106,100,,,100116,100,,,100127,100,,,,,,,,,,,,,,,,,,
2019-06-28 09:30:00.000000008,100057,100,99919,100,100066,100,99907,100,100079,100,99868,100,100106,100,,,100116,100,,,100127,100,,,100186,100,,,,,,,,,,,,,,
2019-06-28 09:30:00.000000009,100057,100,99919,100,100066,100,99907,100,100079,100,99876,100,100106,100,99868,100,100116,100,,,100127,100,,,100174,100,,,100186,100,,,,,,,,,,
2019-06-28 09:30:00.000000010,100057,100,99919,100,100066,100,99907,100,100079,100,99876,100,100106,100,99868,100,100116,100,,,100127,100,,,100154,100,,,100174,100,,,100186,100,,,,,,
2019-06-28 09:30:00.000000011,100057,100,100009,100,100066,100,99926,100,100079,100,99919,100,100106,100,99907,100,100116,100,99876,100,100127,100,99868,100,100154,100,,,100174,100,,,100186,100,,,,,,
2019-06-28 09:30:00.000000012,100057,100,100009,100,100066,100,99940,100,100079,100,99926,100,100106,100,99919,100,100116,100,99907,100,100127,100,99876,100,100154,100,99868,100,100174,100,,,100186,100,,,,,,
2019-06-28 09:30:00.000000013,100057,100,99940,100,100066,100,99926,100,100079,100,99919,100,100106,100,99907,100,100116,100,99876,100,100127,100,99868,100,100154,100,,,100174,100,,,100186,100,,,,,,
2019-06-28 09:30:00.000000015,100057,100,99940,100,100066,100,99926,100,100079,100,99919,100,100096,100,99907,100,100106,100,99902,100,100116,100,99876,100,100127,100,99868,100,100154,100,,,100174,100,,,100186,100,,
2019-06-28 09:30:00.000000017,99971,100,99940,100,100057,100,99926,100,100066,100,99919,100,100079,100,99907,100,100096,100,99902,100,100106,100,99876,100,100116,100,99868,100,100127,100,,,100154,100,,,100174,100,,
2019-06-28 09:30:00.000000020,99971,100,99940,100,100057,100,99926,100,100066,100,99919,100,100079,100,99907,100,100096,100,99902,100,100106,100,99876,100,100116,100,99868,100,100127,100,99821,100,100154,100,,,100174,100,,
2019-06-28 09:30:00.000000021,99971,100,99940,100,100057,100,99926,100,100066,100,99919,100,100072,100,99907,100,100079,100,99902,100,100096,100,99876,100,100106,100,99868,100,100116,100,99821,100,100127,100,,,100154,100,,
2019-06-28 09:30:00.000000022,99971,100,99940,100,100057,100,99926,100,100066,100,99919,100,100072,100,99907,100,100079,100,99902,100,100096,100,99876,100,100106,100,99868,100,100116,100,99821,100,100127,100,,,100137,100,,
2019-06-28 09:30:00.000000023,99971,100,99940,100,100016,100,99926,100,100057,100,99919,100,100066,100,99907,100,100072,100,99902,100,100079,100,99876,100,100096,100,99868,100,100106,100,99821,100,100116,100,,,100127,100,,
2019-06-28 09:30:00.000000025,100057,100,99940,100,100066,100,99926,100,100072,100,99919,100,100079,100,99907,100,100096,100,99902,100,100106,100,99876,100,100116,100,99868,100,100127,100,99821,100,100137,100,,,100154,100,,
2019-06-28 09:30:00.000000026,100057,100,99971,100,100066,100,99940,100,100072,100,99926,100,100079,100,99919,100,100096,100,99907,100,100106,100,99902,100,100116,100,99876,100,100127,100,99868,100,100137,100,99821,100,100154,100,,
2019-06-28 09:30:00.000000029,100057,100,100037,100,100066,100,99971,200,100072,100,99940,100,100079,100,99926,100,100096,100,99919,100,100106,100,99907,100,100116,100,99902,100,100127,100,99876,100,100137,100,99868,100,100154,100,99821,100
2019-06-28 09:30:00.000000030,100057,100,100037,100,100066,100,99971,400,100072,100,99940,100,100079,100,99926,100,100096,100,99919,100,100106,100,99907,100,100116,100,99902,100,100127,100,99876,100,100137,100,99868,100,100154,100,99821,100
2019-06-28 09:30:00.000000033,100057,100,99971,400,100066,100,99940,100,100072,100,99926,100,100079,100,99919,100,100096,100,99907,100,100106,100,99902,100,100116,100,99876,100,100127,100,99868,100,100137,100,99821,100,100154,100,99803,100
2019-06-28 09:30:00.000000034,100057,100,100016,100,100066,100,99971,400,100072,100,99940,100,100079,100,99926,100,100096,100,99919,100,100106,100,99907,100,100116,100,99902,100,100127,100,99876,100,100137,100,99868,100,100154,100,99821,100
2019-06-28 09:30:00.000000035,100057,100,100016,100,100066,100,99971,400,100072,100,99964,100,100079,100,99940,100,100096,100,99926,100,100106,100,99919,100,100116,100,99907,100,100127,100,99902,100,100137,100,99876,100,100154,100,99868,100
2019-06-28 09:30:00.000000039,100057,100,100016,100,100066,100,99971,400,100072,100,99964,100,100079,100,99940,100,100096,100,99926,100,100106,100,99919,100,100116,100,99907,100,100123,100,99902,100,100127,100,99876,100,100137,100,99868,100
2019-06-28 09:30:00.000000040,100037,100,100016,100,100057,100,99971,400,100066,100,99964,100,100072,100,99940,100,100079,100,99926,100,100096,100,99919,100,100106,100,99907,200,100116,100,99902,100,100123,100,99876,100,100127,100,99868,100
2019-06-28 09:30:00.000000041,100037,200,100016,100,100057,100,99971,400,100066,100,99964,100,100072,100,99940,100,100079,100,99926,100,100096,100,99919,100,100106,100,99907,200,100108,100,99902,100,100116,100,99876,100,100123,100,99868,100
2019-06-28 09:30:00.000000044,100037,200,100016,100,100057,100,99971,400,100066,100,99964,100,100072,100,99940,100,100079,100,99938,100,100096,100,99926,100,100106,100,99919,100,100108,100,99907,200,100116,100,99902,100,100123,100,99876,100
2019-06-28 09:30:00.000000045,100037,200,100016,100,100057,100,99971,400,100066,100,99964,100,100072,100,99940,100,100079,100,99938,100,100096,100,99926,100,100106,100,99919,100,100108,100,99907,200,100116,100,99902,100,100123,100,99876,100
2019-06-28 09:30:00.000000048,100037,200,100016,100,100057,100,99971,400,100066,100,99964,100,100072,100,99940,100,100079,100,99938,100,100096,100,99926,100,100106,100,99919,100,100108,100,99907,200,100116,100,99902,100,100123,100,99886,100
2019-06-28 09:30:00.000000049,100037,300,100016,100,100057,100,99971,400,100066,100,99964,100,100072,100,99940,100,100079,100,99938,100,100096,100,99926,100,100106,100,99919,100,100108,100,99907,200,100116,100,99902,100,100123,100,99889,100
2019-06-28 09:30:00.000000053,100037,300,100016,100,100057,100,99971,400,100066,100,99964,100,100071,100,99945,100,100072,100,99940,100,100079,100,99938,100,100096,100,99926,100,100106,100,99919,100,100108,100,99907,200,100116,100,99902,100
2019-06-28 09:30:00.000000054,100023,100,100016,100,100037,300,99971,400,100057,100,99964,100,100066,100,99945,100,100071,100,99940,100,100072,100,99938,100,100079,100,99926,100,100096,100,99919,100,100106,100,99907,200,100108,100,99902,100
2019-06-28 09:30:00.000000058,100037,300,100016,100,100057,100,99971,400,100066,100,99964,100,100071,100,99945,100,100072,100,99940,100,100079,100,99938,100,100096,100,99926,100,100106,100,99919,100,100108,100,99907,200,100116,100,99902,100
2019-06-28 09:30:00.000000061,100037,300,99971,400,100057,100,99964,100,100066,100,99945,100,100071,100,99940,100,100072,100,99938,100,100079,100,99926,100,100096,100,99919,100,100106,100,99907,200,100108,100,99902,100,100116,100,99889,100
2019-06-28 09:30:00.000000062,100037,300,100016,100,100057,100,99971,400,100066,100,99964,100,100071,100,99945,100,100072,100,99940,100,100079,100,99938,100,100096,100,99926,100,100106,100,99919,100,100108,100,99907,200,100116,100,99902,100
2019-06-28 09:30:00.000000063,100023,100,100016,100,100037,300,99971,400,100057,100,99964,100,100066,100,99945,100,100071,100,99940,100,100072,100,99938,100,100079,100,99926,100,100096,100,99919,100,100106,100,99907,200,100108,100,99902,100
2019-06-28 09:30:00.000000065,100023,100,100016,100,100037,300,99971,400,100057,100,99964,100,100066,100,99945,100,100071,100,99940,100,100072,100,99938,100,100079,100,99929,100,100096,100,99926,100,100106,100,99919,100,100108,100,99907,200
2019-06-28 09:30:00.000000067,100023,100,99971,400,100037,300,99964,100,100057,100,99945,100,100066,100,99940,100,100071,100,99938,100,100072,100,99929,100,100079,100,99926,100,100096,100,99919,100,100106,100,99907,200,100108,100,99902,100
2019-06-28 09:30:00.000000075,100037,300,99971,400,100057,100,99964,100,100066,100,99945,100,100071,100,99940,100,100072,100,99938,100,100079,100,99929,100,100096,100,99926,100,100106,100,99919,100,100108,100,99907,200,100116,100,99902,100
2019-06-28 09:30:00.000000076,100037,200,99971,400,100057,100,99964,100,100066,100,99945,100,100071,100,99940,100,100072,100,99938,100,100079,100,99929,100,100096,100,99926,100,100106,100,99919,100,100108,100,99907,200,100116,100,99902,100
2019-06-28 09:30:00.000000078,100037,100,99971,400,100057,100,99964,100,100066,100,99945,100,100071,100,99940,100,100072,100,99938,100,100079,100,99929,100,100096,100,99926,100,100106,100,99919,100,100108,100,99907,200,100116,100,99902,100
2019-06-28 09:30:00.000000079,100004,100,99971,400,100037,200,99964,100,100057,100,99945,100,100066,100,99940,100,100071,100,99938,100,100072,100,99929,100,100079,100,99926,100,100096,100,99921,100,100106,100,99919,100,100108,100,99907,200
2019-06-28 09:30:00.000000084,100004,100,99971,400,100034,100,99964,100,100037,200,99945,100,100057,100,99940,100,100066,100,99938,100,100071,100,99929,100,100072,100,99926,100,100079,100,99921,100,100096,100,99919,100,100106,100,99907,200
2019-06-28 09:30:00.000000085,100004,100,99971,400,100034,100,99964,100,100037,300,99945,100,100057,100,99940,100,100066,100,99938,100,100071,100,99929,100,100072,100,99926,100,100079,100,99921,100,100096,100,99919,100,100106,100,99907,200
2019-06-28 09:30:00.000000087,100004,100,99971,400,100034,100,99964,100,100037,300,99945,100,100057,100,99940,100,100066,100,99938,100,100071,100,99929,100,100072,100,99926,100,100079,100,99921,100,100096,100,99919,100,100106,100,99907,200
2019-06-28 09:30:00.000000091,100004,100,99971,400,100034,100,99964,100,100037,300,99945,100,100057,100,99940,100,100066,100,99938,100,100071,100,99929,100,100072,100,99926,100,100079,100,99921,100,100096,100,99919,100,100106,100,99907,200
2019-06-28 09:30:00.000000093,100004,100,99971,400,100034,100,99964,100,100037,300,99958,100,100057,100,99945,100,100066,100,99940,100,100071,100,99938,100,100072,100,99929,100,100079,100,99926,100,100096,100,99921,100,100106,100,99919,100
2019-06-28 09:30:00.000000097,100004,100,99971,400,100025,100,99964,100,100034,100,99958,100,100037,300,99945,100,100057,100,99940,100,100066,100,99938,100,100071,100,99929,100,100072,100,99926,100,100079,100,99921,100,100082,100,99919,100
2019-06-28 09:30:00.163600523,100025,100,99971,400,100034,100,99964,100,100037,300,99958,100,100057,100,99945,100,100066,100,99940,100,100071,100,99938,100,100072,100,99929,100,100079,100,99926,100,100082,100,99921,100,100096,100,99919,100
2019-06-28 09:30:06.117302561,100025,100,99971,400,100034,100,99964,100,100037,300,99958,100,100057,100,99945,100,100066,100,99940,100,100071,100,99938,100,100072,100,99929,100,100079,100,99926,100,100096,100,99921,100,100106,100,99919,100
2019-06-28 09:30:10.000000000,100025,344,99971,644,100034,344,99964,344,100037,300,99958,100,100057,100,99945,100,100066,100,99940,100,100071,100,99938,100,100072,100,99929,100,100079,100,99926,100,100096,100,99921,100,100106,100,99919,100
2019-06-28 09:30:16.193676452,100025,344,99971,644,100034,444,99964,344,100037,300,99958,100,100057,100,99945,100,100066,100,99940,100,100071,100,99938,100,100072,100,99929,100,100079,100,99926,100,100096,100,99921,100,100106,100,99919,100
2019-06-28 09:30:20.000000000,100025,587,99971,887,100034,200,99964,100,100037,300,99958,100,100057,100,99945,100,100066,100,99940,100,100071,100,99938,100,100072,100,99929,100,100079,100,99926,100,100096,100,99921,100,100106,100,99919,100
2019-06-28 09:30:28.516683070,100025,587,100004,100,100034,200,99971,887,100037,300,99964,100,100057,100,99958,100,100066,100,99945,100,100071,100,99940,100,100072,100,99938,100,100079,100,99929,100,100096,100,99926,100,100106,100,99921,100
2019-06-28 09:30:30.000000000,100025,587,100004,587,100034,200,99971,400,100037,300,99964,100,100057,100,99958,100,100066,100,99945,100,100071,100,99940,100,100072,100,99938,100,100079,100,99929,100,100096,100,99926,100,100106,100,99921,100
2019-06-28 09:30:40.000000000,100025,266,100004,266,100034,361,99971,561,100037,461,99964,261,100057,100,99958,100,100066,100,99945,100,100071,100,99940,100,100072,100,99938,100,100079,100,99929,100,100096,100,99926,100,100106,100,99921,100
2019-06-28 09:30:50.000000000,100025,344,100004,344,100034,444,99971,644,100037,300,99964,100,100057,100,99958,100,100066,100,99945,100,100071,100,99940,100,100072,100,99938,100,100079,100,99929,100,100096,100,99926,100,100106,100,99921,100
2019-06-28 09:30:58.860338022,100025,344,100004,344,100034,444,99981,100,100037,300,99971,644,100057,100,99964,100,100066,100,99958,100,100071,100,99945,100,100072,100,99940,100,100079,100,99938,100,100096,100,99929,100,100106,100,99921,100
2019-06-28 09:31:00.000000000,100025,344,100004,344,100034,444,99981,344,100037,300,99971,400,100057,100,99964,100,100066,100,99958,100,100071,100,99945,100,100072,100,99940,100,100079,100,99938,100,100096,100,99929,100,100106,100,99921,100
2019-06-28 09:31:10.000000000,100025,197,100004,197,100034,297,99981,197,100037,397,99971,497,100057,197,99964,197,100066,197,99958,197,100071,100,99945,100,100072,100,99940,100,100079,100,99938,100,100096,100,99929,100,100106,100,99921,100
2019-06-28 09:31:16.039003171,100025,197,100004,197,100034,297,100003,100,100037,397,99981,197,100057,197,99971,497,100066,197,99964,197,100071,100,99958,197,100072,100,99945,100,100079,100,99940,100,100096,100,99938,100,100106,100,99921,100
2019-06-28 09:31:20.000000000,100025,266,100004,266,100034,361,100003,261,100037,461,99981,261,100057,100,99971,400,100066,100,99964,100,100071,100,99958,100,100072,100,99945,100,100079,100,99940,100,100096,100,99938,100,100106,100,99921,100
2019-06-28 09:31:29.997315278,100025,266,100004,266,100034,361,100003,261,100037,461,99981,261,100057,100,99971,400,100066,100,99964,100,100072,100,99958,100,100079,100,99945,100,100096,100,99940,100,100106,100,99938,100,100108,100,99921,100
2019-06-28 09:31:30.000000000,100025,266,100004,266,100034,361,100003,261,100037,461,99981,261,100057,100,99971,400,100066,100,99964,100,100072,100,99958,100,100079,100,99945,100,100096,100,99940,100,100106,100,99938,100,100108,100,99921,100
2019-06-28 09:31:37.787154607,100025,166,100004,266,100034,361,100003,261,100037,461,99981,261,100057,100,99971,400,100066,100,99964,100,100072,100,99958,100,100079,100,99945,100,100096,100,99940,100,100106,100,99921,100,100108,100,99919,100
2019-06-28 09:31:40.000000000,100034,444,100004,344,100037,544,100003,344,100057,100,99981,100,100066,100,99971,400,100072,100,99964,100,100079,100,99958,100,100096,100,99945,100,100106,100,99940,100,100108,100,99921,100,100111,100,99919,100
2019-06-28 09:31:50.000000000,100034,687,100004,587,100037,300,100003,100,100057,100,99981,100,100066,100,99971,400,100072,100,99964,100,100079,100,99958,100,100096,100,99945,100,100106,100,99940,100,100108,100,99921,100,100111,100,99919,100
2019-06-28 09:31:50.421791467,100034,687,100004,587,100037,300,100003,100,100057,100,99981,100,100066,100,99971,400,100072,100,99964,100,100079,100,99958,100,100096,100,99945,100,100106,100,99940,100,100108,100,99921,100,100111,100,99919,100
2019-06-28 09:31:57.520747553,100034,687,100004,487,100037,300,100003,100,100057,100,99981,100,100066,100,99971,400,100072,100,99964,100,100079,100,99958,100,100096,100,99945,100,100106,100,99940,100,100108,100,99921,100,100116,100,99919,100
2019-06-28 09:32:00.000000000,100034,366,100003,266,100037,461,99981,261,100057,261,99971,561,100066,100,99964,100,100072,100,99958,100,100079,100,99945,100,100096,100,99940,100,100106,100,99921,100,100108,100,99919,100,100116,100,99907,200
2019-06-28 09:32:04.563670154,100034,366,100031,100,100037,461,100003,266,100057,261,99981,261,100066,100,99971,561,100072,100,99964,100,100079,100,99958,100,100096,100,99945,100,100106,100,99940,100,100108,100,99921,100,100123,100,99919,100
2019-06-28 09:32:10.000000000,100034,322,100031,222,100037,422,100003,222,100057,222,99981,222,100066,222,99971,522,100072,100,99964,100,100079,100,99958,100,100096,100,99945,100,100106,100,99940,100,100108,100,99921,100,100123,100,99919,100
2019-06-28 09:32:19.635237903,100034,322,100031,222,100037,422,100003,222,100057,222,99981,122,100066,222,99971,522,100072,100,99964,100,100079,100,99958,100,100096,100,99945,100,100106,100,99940,100,100108,100,99921,100,100123,100,99919,100
2019-06-28 09:32:20.000000000,100034,322,100031,222,100037,422,100003,222,100057,222,99971,522,100066,222,99964,222,100072,100,99958,100,100079,100,99945,100,100096,100,99940,100,100106,100,99921,100,100108,100,99919,100,100123,100,99907,200
2019-06-28 09:32:20.586434125,100034,322,100031,122,100037,422,100003,222,100057,222,99971,522,100066,222,99964,222,100072,100,99958,100,100079,100,99945,100,100096,100,99940,100,100106,100,99921,100,100108,100,99919,100,100123,100,99907,200
2019-06-28 09:32:30.000000000,100034,297,100003,197,100037,397,99971,497,100057,197,99964,197,100066,197,99958,197,100072,197,99945,197,100079,100,99940,100,100096,100,99921,100,100106,100,99919,100,100108,100,99907,200,100123,100,99902,100
2019-06-28 09:32:40.000000000,100034,687,100003,587,100037,300,99971,400,100057,100,99964,100,100066,100,99958,100,100072,100,99945,100,100079,100,99940,100,100096,100,99921,100,100106,100,99919,100,100108,100,99907,200,100123,100,99902,100
2019-06-28 09:32:41.030163751,100034,587,100003,587,100037,300,99971,400,100057,100,99964,100,100066,100,99958,100,100072,100,99945,100,100079,100,99940,100,100096,100,99921,100,100106,100,99919,100,100108,100,99907,200,100123,100,99902,100
2019-06-28 09:32:50.000000000,100034,197,100003,197,100037,397,99971,497,100057,197,99964,197,100066,197,99958,197,100072,197,99945,197,100079,100,99940,100,100096,100,99921,100,100106,100,99919,100,100108,100,99907,200,100123,100,99902,100
2019-06-28 09:32:58.463567971,100034,97,100003,197,100037,397,99971,497,100057,197,99964,197,100066,197,99958,197,100072,197,99945,197,100079,100,99940,100,100096,100,99921,100,100106,100,99919,100,100108,100,99907,200,100123,100,99902,100
2019-06-28 09:33:00.000000000,100037,544,100003,344,100057,344,99971,644,100066,100,99964,100,100072,100,99958,100,100079,100,99945,100,100096,100,99940,100,100106,100,99921,100,100108,100,99919,100,100123,100,99907,200,100127,100,99902,100
2019-06-28 09:33:10.000000000,100037,422,100003,222,100057,222,99971,522,100066,222,99964,222,100072,222,99958,222,100079,100,99945,100,100096,100,99940,100,100106,100,99921,100,100108,100,99919,100,100123,100,99907,200,100127,100,99902,100
2019-06-28 09:33:20.000000000,100037,544,100003,344,100057,344,99971,644,100066,100,99964,100,100072,100,99958,100,100079,100,99945,100,100096,100,99940,100,100106,100,99921,100,100108,100,99919,100,100123,100,99907,200,100127,100,99902,100
2019-06-28 09:33:27.706943128,100037,544,100003,344,100057,344,99971,644,100066,100,99964,100,100072,100,99958,100,100096,100,99945,100,100106,100,99940,100,100108,100,99921,100,100123,100,99919,100,100127,100,99907,200,100136,100,99902,100
2019-06-28 09:33:27.844182590,100037,544,100034,100,100057,344,100003,344,100066,100,99971,644,100072,100,99964,100,100096,100,99958,100,100106,100,99945,100,100108,100,99940,100,100123,100,99921,100,100127,100,99919,100,100136,100,99907,200
2019-06-28 09:33:30.000000000,100037,544,100034,344,100057,344,100003,344,100066,100,99971,400,100072,100,99964,100,100096,100,99958,100,100106,100,99945,100,100108,100,99940,100,100123,100,99921,100,100127,100,99919,100,100136,100,99907,200
2019-06-28 09:33:33.134880863,100037,544,100034,344,100057,344,100003,344,100066,100,99971,400,100072,100,99964,200,100096,100,99958,100,100106,100,99945,100,100108,100,99940,100,100123,100,99919,100,100127,100,99907,200,100136,100,99902,100
2019-06-28 09:33:40.000000000,100037,544,100034,344,100057,344,100003,344,100066,100,99971,400,100072,100,99964,200,100096,100,99958,100,100106,100,99945,100,100108,100,99940,100,100123,100,99919,100,100127,100,99907,200,100136,100,99902,100
2019-06-28 09:33:50.000000000,100037,787,100034,587,100057,100,100003,100,100066,100,99971,400,100072,100,99964,200,100096,100,99958,100,100106,100,99945,100,100108,100,99940,100,100123,100,99919,100,100127,100,99907,200,100136,100,99902,100
2019-06-28 09:34:00.000000000,100037,422,100034,222,100057,222,100003,222,100066,222,99971,522,100072,222,99964,322,100096,100,99958,100,100106,100,99945,100,100108,100,99940,100,100123,100,99919,100,100127,100,99907,200,100136,100,99902,100
2019-06-28 09:34:07.513360418,100037,422,100034,122,100057,222,100003,222,100066,222,99971,522,100072,222,99964,322,100096,100,99958,100,100106,100,99945,100,100108,100,99940,100,100123,100,99919,100,100127,100,99907,200,100136,100,99902,100
2019-06-28 09:34:10.000000000,100037,466,100003,266,100057,261,99971,561,100066,261,99964,361,100072,100,99958,100,100096,100,99945,100,100106,100,99940,100,100108,100,99919,100,100123,100,99907,200,100127,100,99902,100,100136,100,99900,100
2019-06-28 09:34:20.000000000,100037,544,100003,344,100057,344,99971,644,100066,100,99964,200,100072,100,99958,100,100096,100,99945,100,100106,100,99940,100,100108,100,99919,100,100123,100,99907,200,100127,100,99902,100,100136,100,99900,100
2019-06-28 09:34:30.000000000,100037,544,100003,344,100057,344,99971,644,100066,100,99964,200,100072,100,99958,100,100096,100,99945,100,100106,100,99940,100,100108,100,99919,100,100123,100,99907,200,100127,100,99902,100,100136,100,99900,100
2019-06-28 09:34:40.000000000,100037,422,100003,222,100057,222,99971,522,100066,222,99964,322,100072,222,99958,222,100096,100,99945,100,100106,100,99940,100,100108,100,99919,100,100123,100,99907,200,100127,100,99902,100,100136,100,99900,100
2019-06-28 09:34:50.000000000,100037,787,100003,587,100057,100,99971,400,100066,100,99964,200,100072,100,99958,100,100096,100,99945,100,100106,100,99940,100,100108,100,99919,100,100123,100,99907,200,100127,100,99902,100,100136,100,99900,100
2019-06-28 09:35:00.000000000,100037,787,100003,587,100057,100,99971,400,100066,100,99964,200,100072,100,99958,100,100096,100,99945,100,100106,100,99940,100,100108,100,99919,100,100123,100,99907,200,100127,100,99902,100,100136,100,99900,100
2019-06-28 09:35:08.288834998,100037,787,100003,587,100057,100,99971,300,100066,100,99964,200,100072,100,99958,100,100096,100,99945,100,100106,100,99940,100,100108,100,99919,100,100123,100,99907,200,100127,100,99902,100,100136,100,99900,100
2019-06-28 09:35:10.000000000,100037,787,100003,587,100057,100,99971,300,100066,100,99964,200,100072,100,99958,100,100096,100,99945,100,100106,100,99940,100,100108,100,99919,100,100123,100,99907,200,100127,100,99902,100,100136,100,99900,100
2019-06-28 09:35:20.000000000,100037,787,100003,587,100057,100,99971,300,100066,100,99964,200,100072,100,99958,100,100096,100,99945,100,100106,100,99940,100,100108,100,99919,100,100123,100,99907,200,100127,100,99902,100,100136,100,99900,100
2019-06-28 09:35:20.220823032,100037,787,100035,100,100057,100,100003,587,100066,100,99971,300,100072,100,99964,200,100096,100,99958,100,100106,100,99945,100,100108,100,99940,100,100123,100,99919,100,100127,100,99907,200,100136,100,99902,100
2019-06-28 09:35:23.324908005,100037,787,100035,100,100057,100,100003,587,100066,100,99971,300,100072,100,99964,200,100096,100,99958,100,100106,100,99945,100,100108,100,99940,100,100123,100,99919,100,100127,100,99907,200,100136,100,99902,100
2019-06-28 09:35:26.912344886,100037,687,100035,100,100057,100,100003,587,100066,100,99971,300,100072,100,99964,200,100096,100,99958,100,100106,100,99945,100,100108,100,99919,100,100123,100,99907,200,100127,100,99902,100,100136,100,99900,100
2019-06-28 09:35:30.000000000,100037,322,100035,222,100057,222,100003,222,100066,222,99971,422,100072,222,99964,322,100096,100,99958,100,100106,100,99945,100,100108,100,99919,100,100123,100,99907,200,100127,100,99902,100,100136,100,99900,100
2019-06-28 09:35:40.000000000,100037,366,100035,266,100057,261,100003,261,100066,261,99971,461,100072,100,99964,200,100096,100,99958,100,100106,100,99945,100,100108,100,99919,100,100123,100,99907,200,100127,100,99902,100,100136,100,99900,100
2019-06-28 09:35:43.750381938,100037,366,100035,266,100057,261,100003,261,100066,261,99971,461,100072,100,99964,200,100096,100,99958,100,100106,100,99945,100,100108,100,99919,100,100123,100,99907,200,100127,100,99902,100,100136,100,99900,100
2019-06-28 09:35:50.000000000,100037,297,100035,197,100057,197,100003,197,100066,197,99971,397,100072,197,99964,297,100096,197,99958,197,100106,100,99945,100,100108,100,99919,100,100123,100,99907,200,100127,100,99902,100,100136,100,99900,100
2019-06-28 09:35:53.190633886,100037,297,100036,100,100057,197,100035,197,100066,197,100003,197,100072,197,99971,297,100096,197,99964,297,100106,100,99958,197,100108,100,99945,100,100123,100,99919,100,100127,100,99907,200,100136,100,99902,100
2019-06-28 09:35:57.621344465,100037,297,100036,100,100057,197,100035,197,100066,197,100003,197,100072,197,99971,297,100096,197,99964,297,100106,100,99958,197,100108,100,99945,100,100123,100,99919,100,100127,100,99907,200,100136,100,99902,100
2019-06-28 09:36:00.000000000,100037,444,100036,344,100057,344,100035,344,100066,100,100003,100,100072,100,99971,200,100096,100,99964,200,100106,100,99958,100,100108,100,99945,100,100123,100,99919,100,100127,100,99907,200,100136,100,99902,100
2019-06-28 09:36:10.000000000,100037,444,100036,344,100057,344,100035,344,100066,100,100003,100,100072,100,99971,200,100096,100,99964,200,100106,100,99958,100,100108,100,99945,100,100123,100,99919,100,100127,100,99907,200,100136,100,99902,100
2019-06-28 09:36:10.858187769,100037,444,100036,344,100057,344,100035,344,100066,100,100003,100,100096,100,99971,200,100106,100,99964,200,100108,100,99958,100,100123,100,99945,100,100127,100,99919,100,100136,100,99907,200,100137,100,99902,100
2019-06-28 09:36:20.000000000,100037,687,100036,587,100057,100,100035,100,100066,100,100003,100,100096,100,99971,200,100106,100,99964,200,100108,100,99958,100,100123,100,99945,100,100127,100,99919,100,100136,100,99907,200,100137,100,99902,100
2019-06-28 09:36:30.000000000,100037,366,100036,266,100057,261,100035,261,100066,261,100003,261,100096,100,99971,200,100106,100,99964,200,100108,100,99958,100,100123,100,99945,100,100127,100,99919,100,100136,100,99907,200,100137,100,99902,100
2019-06-28 09:36:35.627844423,100037,366,100036,266,100057,261,100035,261,100066,261,100003,261,100096,100,99971,200,100106,100,99964,200,100108,100,99958,100,100123,100,99945,100,100127,100,99919,100,100136,100,99907,200,100137,100,99902,100
2019-06-28 09:36:40.000000000,100037,444,100036,344,100057,344,100035,344,100066,100,100003,100,100096,100,99971,200,100106,100,99964,200,100108,100,99958,100,100123,100,99945,100,100127,100,99919,100,100136,100,99907,200,100137,100,99902,100
2019-06-28 09:36:50.000000000,100037,297,100036,197,100057,197,100035,197,100066,197,100003,197,100096,197,99971,297,100106,197,99964,297,100108,100,99958,100,100123,100,99945,100,100127,100,99919,100,100136,100,99907,200,100137,100,99902,100
2019-06-28 09:36:51.798824421,100037,297,100036,197,100057,197,100035,197,100066,197,100003,197,100096,197,99971,297,100106,197,99964,297,100108,100,99958,100,100123,100,99945,100,100127,100,99919,100,100136,100,99907,200,100137,100,99902,100
2019-06-28 09:37:00.000000000,100037,297,100036,197,100057,197,100035,197,100066,197,100003,197,100096,197,99971,297,100106,197,99964,297,100108,100,99958,100,100123,100,99945,100,100127,100,99919,100,100136,100,99907,200,100137,100,99902,100
2019-06-28 09:37:01.930391945,100037,197,100036,197,100057,197,100035,197,100066,197,100003,197,100096,197,99971,297,100106,197,99964,297,100108,100,99958,100,100123,100,99945,100,100127,100,99919,100,100136,100,99907,200,100137,100,99902,100
2019-06-28 09:37:08.524553928,100037,97,100036,197,100057,197,100035,197,100066,197,100003,197,100096,197,99971,297,100106,197,99964,297,100108,100,99958,100,100123,100,99945,100,100127,100,99919,100,100136,100,99907,200,100137,100,99902,100
2019-06-28 09:37:10.000000000,100057,344,100036,344,100066,344,100035,344,100096,100,100003,100,100106,100,99971,200,100108,100,99964,200,100123,100,99958,100,100127,100,99945,100,100136,100,99919,100,100137,100,99907,200,100154,100,99902,100
2019-06-28 09:37:15.289259054,100057,344,100037,100,100066,344,100036,344,100096,100,100035,344,100106,100,100003,100,100108,100,99971,200,100123,100,99964,200,100127,100,99958,100,100136,100,99945,100,100154,100,99919,100,100186,100,99907,200
2019-06-28 09:37:16.435931694,100057,344,100037,100,100066,344,100036,344,100096,100,100035,344,100106,100,100003,100,100123,100,99971,200,100127,100,99964,200,100136,100,99958,100,100154,100,99945,100,100186,100,99919,100,100194,100,99907,200
2019-06-28 09:37:20.000000000,100057,344,100037,344,100066,344,100036,344,100096,100,100035,100,100106,100,100003,100,100123,100,99971,200,100127,100,99964,200,100136,100,99958,100,100154,100,99945,100,100186,100,99919,100,100194,100,99907,200
2019-06-28 09:37:22.619071898,100057,344,100037,444,100066,344,100036,344,100096,100,100035,100,100106,100,100003,100,100123,100,99971,200,100127,100,99964,200,100136,100,99958,100,100154,100,99945,100,100186,100,99919,100,100194,100,99907,200
2019-06-28 09:37:30.000000000,100057,344,100037,444,100066,344,100036,344,100096,100,100035,100,100106,100,100003,100,100123,100,99971,200,100127,100,99964,200,100136,100,99958,100,100154,100,99945,100,100186,100,99919,100,100194,100,99907,200
2019-06-28 09:37:31.247616759,100057,244,100037,444,100066,344,100036,344,100106,100,100035,100,100123,100,100003,100,100127,100,99971,200,100136,100,99964,200,100154,100,99958,100,100186,100,99945,100,100194,100,99919,100,100238,100,99907,200
2019-06-28 09:37:39.543878341,100057,244,100038,100,100066,344,100037,444,100106,100,100036,344,100123,100,100035,100,100127,100,100003,100,100136,100,99971,200,100154,100,99964,200,100186,100,99958,100,100194,100,99945,100,100238,100,99919,100
2019-06-28 09:37:40.000000000,100066,266,100038,266,100106,261,100037,361,100123,261,100036,261,100127,100,100035,100,100136,100,100003,100,100154,100,99971,200,100186,100,99964,200,100194,100,99958,100,100238,100,99945,100,100350,100,99919,100
2019-06-28 09:37:50.000000000,100066,344,100038,344,100106,344,100037,444,100123,100,100036,100,100127,100,100035,100,100136,100,100003,100,100154,100,99971,200,100186,100,99964,200,100194,100,99958,100,100238,100,99945,100,100350,100,99919,100
2019-06-28 09:37:55.312730487,100066,344,100038,344,100106,344,100037,444,100123,100,100036,100,100127,100,100035,100,100136,100,100003,100,100154,100,99971,200,100186,100,99964,200,100194,100,99958,100,100238,100,99945,100,100350,100,99919,100
2019-06-28 09:37:56.240507935,100066,344,100038,444,100106,344,100037,444,100123,100,100036,100,100127,100,100035,100,100136,100,100003,100,100154,100,99971,200,100186,100,99964,200,100194,100,99958,100,100238,100,99945,100,100350,100,99919,100
2019-06-28 09:38:00.000000000,100066,266,100038,366,100106,261,100037,361,100123,261,100036,261,100127,100,100035,100,100136,100,100003,100,100154,100,99971,200,100186,100,99964,200,100194,100,99958,100,100238,100,99945,100,100350,100,99919,100
2019-06-28 09:38:07.472915873,100066,266,100038,366,100106,261,100037,361,100123,261,100036,261,100127,100,100035,100,100136,100,100003,100,100154,100,99971,200,100186,100,99964,200,100194,100,99958,100,100238,100,99945,100,100350,100,99942,100
2019-06-28 09:38:08.032596490,100066,266,100038,266,100106,261,100037,361,100123,261,100036,261,100127,100,100035,100,100136,100,100003,100,100154,100,99971,200,100186,100,99964,200,100194,100,99958,100,100238,100,99945,100,100350,100,99942,100
2019-06-28 09:38:10.000000000,100066,197,100038,197,100106,197,100037,297,100123,197,100036,197,100127,197,100035,197,100136,197,100003,197,100154,100,99971,200,100186,100,99964,200,100194,100,99958,100,100238,100,99945,100,100350,100,99942,100
2019-06-28 09:38:19.206076331,100054,100,100038,197,100066,197,100037,297,100106,197,100036,197,100123,97,100035,197,100127,197,100003,197,100136,197,99971,200,100154,100,99964,200,100186,100,99958,100,100194,100,99945,100,100238,100,99942,100
2019-06-28 09:38:20.000000000,100054,222,100038,222,100066,222,100037,322,100106,222,100036,222,100127,222,100035,222,100136,100,100003,100,100154,100,99971,200,100186,100,99964,200,100194,100,99958,100,100238,100,99945,100,100350,100,99942,100
2019-06-28 09:38:23.502037190,100054,222,100038,222,100066,222,100037,322,100106,222,100036,222,100127,222,100035,222,100136,100,100003,100,100154,100,99971,200,100186,100,99964,200,100194,100,99958,100,100238,100,99945,100,100350,100,99942,100
2019-06-28 09:38:29.216611044,100054,222,100038,222,100066,222,100037,322,100106,222,100036,222,100121,100,100035,222,100127,222,100003,100,100136,100,99971,200,100154,100,99964,200,100186,100,99945,100,100194,100,99942,100,100238,100,99940,100
2019-06-28 09:38:30.000000000,100054,587,100038,587,100066,100,100037,200,100106,100,100036,100,100121,100,100035,100,100127,100,100003,100,100136,100,99971,200,100154,100,99964,200,100186,100,99945,100,100194,100,99942,100,100238,100,99940,100
2019-06-28 09:38:40.000000000,100054,587,100038,587,100066,100,100037,200,100106,100,100036,100,100121,100,100035,100,100127,100,100003,100,100136,100,99971,200,100154,100,99964,200,100186,100,99945,100,100194,100,99942,100,100238,100,99940,100
2019-06-28 09:38:48.906202902,100054,587,100038,587,100066,100,100037,200,100106,100,100036,100,100121,100,100035,100,100127,100,100003,100,100136,100,99971,200,100154,100,99964,200,100186,100,99945,100,100194,100,99942,100,100238,100,99940,100
2019-06-28 09:38:50.000000000,100054,344,100038,344,100066,344,100037,444,100106,100,100036,100,100121,100,100035,100,100127,100,100003,100,100136,100,99971,200,100154,100,99964,200,100186,100,99945,100,100194,100,99942,100,100238,100,99940,100
2019-06-28 09:39:00.000000000,100054,197,100038,197,100066,197,100037,297,100106,197,100036,197,100121,197,100035,197,100127,197,100003,197,100136,100,99971,200,100154,100,99964,200,100186,100,99945,100,100194,100,99942,100,100238,100,99940,100
2019-06-28 09:39:06.164679493,100054,97,100038,197,100066,197,100037,297,100106,197,100036,197,100121,197,100035,197,100127,197,100003,197,100136,100,99971,200,100154,100,99964,200,100186,100,99945,100,100194,100,99942,100,100238,100,99940,100
2019-06-28 09:39:09.690731486,100054,97,100038,97,100066,197,100037,297,100106,197,100036,197,100121,97,100035,197,100127,197,100003,197,100136,100,99971,200,100154,100,99964,200,100186,100,99945,100,100194,100,99942,100,100238,100,99940,100
2019-06-28 09:39:10.000000000,100066,587,100037,687,100106,100,100036,100,100127,100,100035,100,100136,100,100003,100,100154,100,99971,200,100186,100,99964,200,100194,100,99945,100,100238,100,99942,100,100350,100,99940,100,100441,100,99919,100
2019-06-28 09:39:20.000000000,100066,222,100037,322,100106,222,100036,222,100127,222,100035,222,100136,222,100003,222,100154,100,99971,200,100186,100,99964,200,100194,100,99945,100,100238,100,99942,100,100350,100,99940,100,100441,100,99919,100
2019-06-28 09:39:30.000000000,100066,197,100037,297,100106,197,100036,197,100127,197,100035,197,100136,197,100003,197,100154,197,99971,297,100186,100,99964,200,100194,100,99945,100,100238,100,99942,100,100350,100,99940,100,100441,100,99919,100
2019-06-28 09:39:40.000000000,100066,197,100037,297,100106,197,100036,197,100127,197,100035,197,100136,197,100003,197,100154,197,99971,297,100186,100,99964,200,100194,100,99945,100,100238,100,99942,100,100350,100,99940,100,100441,100,99919,100
2019-06-28 09:39:45.227736536,100066,197,100039,100,100106,197,100037,297,100127,197,100036,197,100136,197,100035,197,100154,197,100003,197,100186,100,99971,297,100194,100,99964,200,100238,100,99945,100,100350,100,99942,100,100441,100,99940,100
2019-06-28 09:39:50.000000000,100066,587,100039,587,100106,100,100037,200,100127,100,100036,100,100136,100,100035,100,100154,100,100003,100,100186,100,99971,200,100194,100,99964,200,100238,100,99945,100,100350,100,99942,100,100441,100,99940,100
2019-06-28 09:39:50.953123942,100066,587,100039,587,100106,100,100037,200,100127,100,100036,100,100136,100,100035,100,100154,100,100003,100,100186,100,99971,200,100194,100,99964,200,100238,100,99945,100,100350,100,99942,100,100441,100,99940,100
2019-06-28 09:40:00.000000000,100066,222,100039,222,100106,222,100037,322,100127,222,100036,222,100136,222,100035,222,100154,100,100003,100,100186,100,99971,200,100194,100,99964,200,100238,100,99945,100,100350,100,99942,100,100441,100,99940,100
2019-06-28 09:40:10.000000000,100066,222,100039,222,100106,222,100037,322,100127,222,100036,222,100136,222,100035,222,100154,100,100003,100,100186,100,99971,200,100194,100,99964,200,100238,100,99945,100,100350,100,99942,100,100441,100,99940,100
2019-06-28 09:40:17.195405631,100066,222,100039,222,100095,100,100037,322,100106,222,100036,222,100127,222,100035,222,100136,222,100003,100,100154,100,99971,200,100186,100,99964,200,100194,100,99945,100,100238,100,99942,100,100350,100,99940,100
2019-06-28 09:40:20.000000000,100066,344,100039,344,100095,344,100037,444,100106,100,100036,100,100127,100,100035,100,100136,100,100003,100,100154,100,99971,200,100186,100,99964,200,100194,100,99945,100,100238,100,99942,100,100350,100,99940,100
2019-06-28 09:40:30.000000000,100066,587,100039,587,100095,100,100037,200,100106,100,100036,100,100127,100,100035,100,100136,100,100003,100,100154,100,99971,200,100186,100,99964,200,100194,100,99945,100,100238,100,99942,100,100350,100,99940,100
2019-06-28 09:40:40.000000000,100066,222,100039,222,100095,222,100037,322,100106,222,100036,222,100127,222,100035,222,100136,100,100003,100,100154,100,99971,200,100186,100,99964,200,100194,100,99945,100,100238,100,99942,100,100350,100,99940,100
2019-06-28 09:40:44.987380561,100066,222,100039,222,100095,222,100037,322,100106,222,100036,222,100127,222,100035,222,100136,100,100003,100,100154,100,99971,200,100164,100,99964,200,100186,100,99945,100,100194,100,99942,100,100238,100,99940,100
2019-06-28 09:40:50.000000000,100066,266,100039,266,100095,261,100037,361,100106,261,100036,261,100127,100,100035,100,100136,100,100003,100,100154,100,99971,200,100164,100,99964,200,100186,100,99945,100,100194,100,99942,100,100238,100,99940,100
2019-06-28 09:41:00.000000000,100066,344,100039,344,100095,344,100037,444,100106,100,100036,100,100127,100,100035,100,100136,100,100003,100,100154,100,99971,200,100164,100,99964,200,100186,100,99945,100,100194,100,99942,100,100238,100,99940,100
2019-06-28 09:41:04.704954438,100066,344,100039,344,100095,344,100037,444,100106,100,100036,100,100127,100,100035,100,100136,100,100003,100,100154,100,99971,200,100164,100,99964,200,100186,100,99945,100,100194,100,99942,100,100238,100,99940,100
2019-06-28 09:41:10.000000000,100066,587,100039,587,100095,100,100037,200,100106,100,100036,100,100127,100,100035,100,100136,100,100003,100,100154,100,99971,200,100164,100,99964,200,100186,100,99945,100,100194,100,99942,100,100238,100,99940,100
2019-06-28 09:41:20.000000000,100066,344,100039,344,100095,344,100037,444,100106,100,100036,100,100127,100,100035,100,100136,100,100003,100,100154,100,99971,200,100164,100,99964,200,100186,100,99945,100,100194,100,99942,100,100238,100,99940,100
2019-06-28 09:41:30.000000000,100066,587,100039,587,100095,100,100037,200,100106,100,100036,100,100127,100,100035,100,100136,100,100003,100,100154,100,99971,200,100164,100,99964,200,100186,100,99945,100,100194,100,99942,100,100238,100,99940,100
2019-06-28 09:41:40.000000000,100066,587,100039,587,100095,100,100037,200,100106,100,100036,100,100127,100,100035,100,100136,100,100003,100,100154,100,99971,200,100164,100,99964,200,100186,100,99945,100,100194,100,99942,100,100238,100,99940,100
2019-06-28 09:41:50.000000000,100066,222,100039,222,100095,222,100037,322,100106,222,100036,222,100127,222,100035,222,100136,100,100003,100,100154,100,99971,200,100164,100,99964,200,100186,100,99945,100,100194,100,99942,100,100238,100,99940,100
2019-06-28 09:41:57.045861939,100066,222,100039,222,100095,222,100037,322,100106,222,100036,222,100127,222,100035,222,100136,100,100003,100,100142,100,99971,200,100154,100,99964,200,100164,100,99945,100,100186,100,99942,100,100194,100,99940,100
2019-06-28 09:42:00.000000000,100066,587,100039,587,100095,100,100037,200,100106,100,100036,100,100127,100,100035,100,100136,100,100003,100,100142,100,99971,200,100154,100,99964,200,100164,100,99945,100,100186,100,99942,100,100194,100,99940,100
2019-06-28 09:42:10.000000000,100066,344,100039,344,100095,344,100037,444,100106,100,100036,100,100127,100,100035,100,100136,100,100003,100,100142,100,99971,200,100154,100,99964,200,100164,100,99945,100,100186,100,99942,100,100194,100,99940,100
2019-06-28 09:42:10.321854546,100066,244,100039,344,100095,344,100037,444,100106,100,100036,100,100127,100,100035,100,100136,100,100003,100,100142,100,99971,200,100154,100,99964,200,100164,100,99945,100,100186,100,99942,100,100194,100,99940,100
2019-06-28 09:42:20.000000000,100095,197,100039,197,100106,197,100037,297,100127,197,100036,197,100136,197,100035,197,100142,197,100003,197,100154,100,99971,200,100164,100,99964,200,100186,100,99945,100,100194,100,99942,100,100238,100,99940,100
2019-06-28 09:42:22.676644625,100095,197,100039,197,100106,197,100037,297,100127,197,100036,197,100136,197,100035,197,100142,197,100003,197,100154,100,99971,200,100164,100,99964,200,100173,100,99945,100,100186,100,99942,100,100194,100,99940,100
2019-06-28 09:42:30.000000000,100095,344,100039,344,100106,344,100037,444,100127,100,100036,100,100136,100,100035,100,100142,100,100003,100,100154,100,99971,200,100164,100,99964,200,100173,100,99945,100,100186,100,99942,100,100194,100,99940,100
2019-06-28 09:42:31.294044031,100095,244,100039,344,100106,344,100037,444,100127,100,100036,100,100136,100,100035,100,100142,100,100003,100,100154,100,99971,200,100164,100,99964,200,100173,100,99945,100,100186,100,99942,100,100194,100,99940,100
2019-06-28 09:42:40.000000000,100106,222,100039,222,100127,222,100037,322,100136,222,100036,222,100142,222,100035,222,100154,100,100003,100,100164,100,99971,200,100173,100,99964,200,100186,100,99945,100,100194,100,99942,100,100238,100,99940,100
2019-06-28 09:42:40.148888781,100106,222,100039,222,100127,222,100037,322,100136,222,100036,222,100142,222,100035,222,100154,100,100003,100,100164,100,99971,100,100173,100,99964,200,100186,100,99945,100,100194,100,99942,100,100238,100,99940,100
2019-06-28 09:42:42.028422530,100106,222,100039,222,100127,222,100037,322,100136,222,100036,222,100142,222,100035,222,100154,100,100003,100,100173,100,99971,100,100186,100,99964,200,100194,100,99945,100,100238,100,99942,100,100350,100,99940,100
2019-06-28 09:42:49.752414119,100106,222,100066,100,100127,222,100039,122,100136,222,100037,322,100142,222,100036,222,100154,100,100035,222,100173,100,100003,100,100186,100,99971,100,100194,100,99964,200,100238,100,99945,100,100350,100,99942,100
2019-06-28 09:42:50.000000000,100106,222,100066,222,100127,222,100037,322,100136,222,100036,222,100142,222,100035,222,100154,100,100003,100,100173,100,99971,100,100186,100,99964,200,100194,100,99945,100,100238,100,99942,100,100350,100,99940,100
2019-06-28 09:42:59.979342619,100106,222,100066,222,100127,222,100037,322,100136,222,100036,222,100142,222,100035,222,100154,100,100003,100,100173,100,99971,100,100186,100,99964,200,100194,100,99945,100,100238,100,99942,100,100350,100,99940,100
2019-06-28 09:43:00.000000000,100106,587,100066,587,100127,100,100037,200,100136,100,100036,100,100142,100,100035,100,100154,100,100003,100,100173,100,99971,100,100186,100,99964,200,100194,100,99945,100,100238,100,99942,100,100350,100,99940,100
2019-06-28 09:43:04.749163850,100106,587,100066,587,100127,100,100037,200,100136,100,100035,100,100142,100,100003,100,100154,100,99971,100,100173,100,99964,200,100186,100,99945,100,100194,100,99942,100,100238,100,99940,100,100350,100,99919,100
2019-06-28 09:43:10.000000000,100106,344,100066,344,100127,344,100037,444,100136,100,100035,100,100142,100,100003,100,100154,100,99971,100,100173,100,99964,200,100186,100,99945,100,100194,100,99942,100,100238,100,99940,100,100350,100,99919,100
2019-06-28 09:43:15.498829886,100106,344,100066,344,100127,344,100037,444,100136,100,100035,100,100142,100,100003,100,100154,100,99971,100,100173,100,99964,200,100186,100,99945,100,100194,100,99942,100,100350,100,99940,100,100355,100,99919,100
2019-06-28 09:43:17.729980750,100106,344,100066,444,100127,244,100037,444,100136,100,100035,100,100142,100,100003,100,100154,100,99971,100,100173,100,99964,200,100186,100,99945,100,100194,100,99942,100,100350,100,99940,100,100355,100,99919,100
2019-06-28 09:43:20.000000000,100106,266,100066,366,100136,261,100037,361,100142,261,100035,261,100154,100,100003,100,100173,100,99971,100,100186,100,99964,200,100194,100,99945,100,100350,100,99942,100,100355,100,99940,100,100430,100,99919,100
2019-06-28 09:43:30.000000000,100106,197,100066,297,100136,197,100037,297,100142,197,100035,197,100154,197,100003,197,100173,197,99971,197,100186,100,99964,200,100194,100,99945,100,100350,100,99942,100,100355,100,99940,100,100430,100,99919,100
2019-06-28 09:43:40.000000000,100106,222,100066,322,100136,222,100037,322,100142,222,100035,222,100154,222,100003,222,100173,100,99971,100,100186,100,99964,200,100194,100,99945,100,100350,100,99942,100,100355,100,99940,100,100430,100,99919,100
2019-06-28 09:43:50.000000000,100106,344,100066,444,100136,344,100037,444,100142,100,100035,100,100154,100,100003,100,100173,100,99971,100,100186,100,99964,200,100194,100,99945,100,100350,100,99942,100,100355,100,99940,100,100430,100,99919,100
2019-06-28 09:43:54.835626611,100106,344,100066,344,100136,344,100037,444,100142,100,100035,100,100154,100,100003,100,100173,100,99971,100,100194,100,99964,200,100350,100,99945,100,100355,100,99942,100,100430,100,99940,100,100439,100,99919,100
2019-06-28 09:44:00.000000000,100106,266,100066,266,100136,261,100037,361,100142,261,100035,261,100154,100,100003,100,100173,100,99971,100,100194,100,99964,200,100350,100,99945,100,100355,100,99942,100,100430,100,99940,100,100439,100,99919,100
2019-06-28 09:44:10.000000000,100106,222,100066,222,100136,222,100037,322,100142,222,100035,222,100154,222,100003,222,100173,100,99971,100,100194,100,99964,200,100350,100,99945,100,100355,100,99942,100,100430,100,99940,100,100439,100,99919,100
2019-06-28 09:44:10.981952983,100106,222,100066,122,100136,222,100037,322,100142,222,100035,222,100154,222,100003,222,100173,100,99971,100,100194,100,99964,200,100350,100,99945,100,100355,100,99942,100,100430,100,99940,100,100439,100,99919,100
2019-06-28 09:44:16.741342446,100106,222,100066,22,100136,222,100037,322,100142,222,100035,222,100154,222,100003,222,100173,100,99971,100,100194,100,99964,200,100350,100,99945,100,100355,100,99942,100,100430,100,99940,100,100439,100,99919,100
2019-06-28 09:44:20.000000000,100106,344,100037,444,100136,344,100035,344,100142,100,100003,100,100154,100,99971,100,100173,100,99964,200,100194,100,99945,100,100350,100,99942,100,100355,100,99940,100,100430,100,99919,100,100439,100,99900,100
2019-06-28 09:44:30.000000000,100106,587,100037,687,100136,100,100035,100,100142,100,100003,100,100154,100,99971,100,100173,100,99964,200,100194,100,99945,100,100350,100,99942,100,100355,100,99940,100,100430,100,99919,100,100439,100,99900,100
2019-06-28 09:44:40.000000000,100106,344,100037,444,100136,344,100035,344,100142,100,100003,100,100154,100,99971,100,100173,100,99964,200,100194,100,99945,100,100350,100,99942,100,100355,100,99940,100,100430,100,99919,100,100439,100,99900,100
2019-06-28 09:44:42.128808134,100106,344,100037,344,100136,344,100035,344,100142,100,100003,100,100154,100,99971,100,100173,100,99964,200,100194,100,99945,100,100350,100,99942,100,100355,100,99940,100,100430,100,99919,100,100439,100,99900,100
2019-06-28 09:44:50.000000000,100106,222,100037,222,100136,222,100035,222,100142,222,100003,222,100154,222,99971,222,100173,100,99964,200,100194,100,99945,100,100350,100,99942,100,100355,100,99940,100,100430,100,99919,100,100439,100,99900,100
2019-06-28 09:44:50.858990524,100106,222,100037,222,100136,222,100035,222,100142,222,100003,222,100154,222,99971,222,100173,100,99964,200,100194,100,99945,100,100350,100,99942,100,100355,100,99940,100,100430,100,99919,100,100439,100,99900,100
2019-06-28 09:45:00.000000000,100106,266,100037,266,100136,261,100035,261,100142,261,100003,261,100154,100,99971,100,100173,100,99964,200,100194,100,99945,100,100350,100,99942,100,100355,100,99940,100,100430,100,99919,100,100439,100,99900,100
2019-06-28 09:45:04.798463299,100066,100,100037,266,100106,266,100035,261,100136,261,100003,261,100142,261,99971,100,100154,100,99964,200,100173,100,99945,100,100194,100,99942,100,100350,100,99940,100,100355,100,99919,100,100430,100,99900,100
2019-06-28 09:45:10.000000000,100066,197,100037,197,100106,197,100035,197,100136,197,100003,197,100142,197,99971,197,100154,197,99964,297,100173,100,99945,100,100194,100,99942,100,100350,100,99940,100,100355,100,99919,100,100430,100,99900,100
2019-06-28 09:45:18.318161207,100066,197,100037,197,100106,197,100035,197,100136,197,100003,197,100142,197,99971,197,100154,197,99964,297,100173,100,99945,100,100194,100,99942,100,100350,100,99940,100,100355,100,99919,100,100430,100,99900,100
2019-06-28 09:45:20.000000000,100066,197,100037,197,100106,197,100035,197,100136,197,100003,197,100142,197,99971,197,100154,197,99964,297,100173,100,99945,100,100194,100,99942,100,100350,100,99940,100,100355,100,99919,100,100430,100,99900,100
2019-06-28 09:45:26.959005450,100066,197,100037,197,100106,197,100035,197,100136,197,100003,197,100142,197,99971,197,100154,197,99964,297,100173,100,99945,100,100194,100,99942,100,100350,100,99940,100,100355,100,99919,100,100439,100,99900,100
2019-06-28 09:45:29.595663237,100066,297,100037,197,100106,197,100035,197,100136,197,100003,197,100142,197,99971,197,100154,197,99964,297,100173,100,99945,100,100194,100,99942,100,100350,100,99940,100,100355,100,99919,100,100439,100,99900,100
2019-06-28 09:45:30.000000000,100066,366,100037,266,100106,261,100035,261,100136,261,100003,261,100142,100,99971,100,100154,100,99964,200,100173,100,99945,100,100194,100,99942,100,100350,100,99940,100,100355,100,99919,100,100439,100,99900,100
2019-06-28 09:45:39.236190331,100066,366,100037,266,100106,261,100035,261,100136,261,100003,261,100142,100,99971,100,100154,100,99964,200,100173,100,99945,100,100194,100,99942,100,100350,100,99940,100,100355,100,99919,100,100439,100,99900,100
2019-06-28 09:45:40.000000000,100066,444,100037,344,100106,344,100035,344,100136,100,100003,100,100142,100,99971,100,100154,100,99964,200,100173,100,99945,100,100194,100,99942,100,100350,100,99940,100,100355,100,99919,100,100439,100,99900,100
2019-06-28 09:45:41.669385007,100066,444,100037,244,100106,344,100035,344,100136,100,100003,100,100142,100,99971,100,100154,100,99964,200,100173,100,99942,100,100194,100,99940,100,100350,100,99919,100,100355,100,99900,100,100439,100,99886,100
2019-06-28 09:45:46.708935964,100066,444,100037,144,100106,344,100035,344,100136,100,100003,100,100142,100,99971,100,100154,100,99964,200,100173,100,99942,100,100194,100,99940,100,100355,100,99919,100,100439,100,99900,100,100441,100,99886,100
2019-06-28 09:45:50.000000000,100066,444,100035,344,100106,344,100003,344,100136,100,99971,100,100142,100,99964,200,100154,100,99942,100,100173,100,99940,100,100194,100,99919,100,100355,100,99900,100,100439,100,99886,100,100441,100,99868,100
2019-06-28 09:46:00.000000000,100066,687,100035,587,100106,100,100003,100,100136,100,99971,100,100142,100,99964,200,100154,100,99942,100,100173,100,99940,100,100194,100,99919,100,100355,100,99900,100,100439,100,99886,100,100441,100,99868,100
2019-06-28 09:46:10.000000000,100066,687,100035,587,100106,100,100003,100,100136,100,99971,100,100142,100,99964,200,100154,100,99942,100,100173,100,99940,100,100194,100,99919,100,100355,100,99900,100,100439,100,99886,100,100441,100,99868,100
2019-06-28 09:46:20.000000000,100066,297,100035,197,100106,197,100003,197,100136,197,99971,197,100142,197,99964,297,100154,197,99942,197,100173,100,99940,100,100194,100,99919,100,100355,100,99900,100,100439,100,99886,100,100441,100,99868,100
2019-06-28 09:46:30.000000000,100066,322,100035,222,100106,222,100003,222,100136,222,99971,222,100142,222,99964,322,100154,100,99942,100,100173,100,99940,100,100194,100,99919,100,100355,100,99900,100,100439,100,99886,100,100441,100,99868,100
2019-06-28 09:46:40.000000000,100066,322,100035,222,100106,222,100003,222,100136,222,99971,222,100142,222,99964,322,100154,100,99942,100,100173,100,99940,100,100194,100,99919,100,100355,100,99900,100,100439,100,99886,100,100441,100,99868,100
2019-06-28 09:46:50.000000000,100066,444,100035,344,100106,344,100003,344,100136,100,99971,100,100142,100,99964,200,100154,100,99942,100,100173,100,99940,100,100194,100,99919,100,100355,100,99900,100,100439,100,99886,100,100441,100,99868,100
2019-06-28 09:46:51.557985303,100066,444,100035,344,100106,344,100003,344,100136,100,99971,100,100142,100,99964,200,100154,100,99942,100,100173,100,99940,100,100194,100,99919,100,100355,100,99900,100,100439,100,99886,100,100441,100,99868,100
2019-06-28 09:47:00.000000000,100066,687,100035,587,100106,100,100003,100,100136,100,99971,100,100142,100,99964,200,100154,100,99942,100,100173,100,99940,100,100194,100,99919,100,100355,100,99900,100,100439,100,99886,100,100441,100,99868,100
2019-06-28 09:47:05.866337238,100066,687,100038,100,100106,100,100035,587,100136,100,100003,100,100142,100,99971,100,100154,100,99964,200,100173,100,99942,100,100194,100,99940,100,100355,100,99919,100,100439,100,99900,100,100441,100,99886,100
2019-06-28 09:47:10.000000000,100066,444,100038,344,100106,344,100035,344,100136,100,100003,100,100142,100,99971,100,100154,100,99964,200,100173,100,99942,100,100194,100,99940,100,100355,100,99919,100,100439,100,99900,100,100441,100,99886,100
2019-06-28 09:47:20.000000000,100066,687,100038,587,100106,100,100035,100,100136,100,100003,100,100142,100,99971,100,100154,100,99964,200,100173,100,99942,100,100194,100,99940,100,100355,100,99919,100,100439,100,99900,100,100441,100,99886,100
2019-06-28 09:47:30.000000000,100066,322,100038,222,100106,222,100035,222,100136,222,100003,222,100142,222,99971,222,100154,100,99964,200,100173,100,99942,100,100194,100,99940,100,100355,100,99919,100,100439,100,99900,100,100441,100,99886,100
2019-06-28 09:47:31.629998376,100066,322,100038,222,100106,222,100035,222,100136,222,100003,222,100142,222,99971,222,100154,100,99964,200,100173,100,99942,100,100194,100,99940,100,100301,100,99919,100,100355,100,99900,100,100439,100,99886,100
2019-06-28 09:47:40.000000000,100066,444,100038,344,100106,344,100035,344,100136,100,100003,100,100142,100,99971,100,100154,100,99964,200,100173,100,99942,100,100194,100,99940,100,100301,100,99919,100,100355,100,99900,100,100439,100,99886,100
2019-06-28 09:47:45.321270630,100066,444,100038,344,100106,344,100035,344,100136,100,100003,100,100142,100,99971,100,100154,100,99964,200,100173,100,99942,100,100194,100,99940,100,100301,100,99919,100,100355,100,99900,100,100439,100,99886,100
2019-06-28 09:47:45.829473081,100066,344,100038,344,100106,344,100035,344,100136,100,100003,100,100142,100,99971,100,100154,100,99964,200,100173,100,99942,100,100194,100,99940,100,100301,100,99919,100,100355,100,99900,100,100439,100,99886,100
2019-06-28 09:47:50.000000000,100066,197,100038,197,100106,197,100035,197,100136,197,100003,197,100142,197,99971,197,100154,197,99964,297,100173,100,99942,100,100194,100,99940,100,100301,100,99919,100,100355,100,99900,100,100439,100,99886,100
2019-06-28 09:47:56.634637259,100066,197,100038,197,100106,197,100035,197,100136,197,100003,197,100142,197,99971,197,100154,197,99964,297,100173,100,99942,100,100194,100,99940,100,100301,100,99919,100,100355,100,99900,100,100362,100,99886,100
2019-06-28 09:48:00.000000000,100066,344,100038,344,100106,344,100035,344,100136,100,100003,100,100142,100,99971,100,100154,100,99964,200,100173,100,99942,100,100194,100,99940,100,100301,100,99919,100,100355,100,99900,100,100362,100,99886,100
2019-06-28 09:48:10.000000000,100066,197,100038,197,100106,197,100035,197,100136,197,100003,197,100142,197,99971,197,100154,197,99964,297,100173,100,99942,100,100194,100,99940,100,100301,100,99919,100,100355,100,99900,100,100362,100,99886,100
2019-06-28 09:48:15.191309693,100066,197,100039,100,100106,197,100038,197,100136,197,100035,197,100142,197,100003,197,100154,197,99971,197,100173,100,99964,297,100194,100,99942,100,100301,100,99940,100,100355,100,99919,100,100362,100,99900,100
2019-06-28 09:48:20.000000000,100066,197,100039,197,100106,197,100038,197,100136,197,100035,197,100142,197,100003,197,100154,197,99971,197,100173,100,99964,200,100194,100,99942,100,100301,100,99940,100,100355,100,99919,100,100362,100,99900,100
2019-06-28 09:48:30.000000000,100066,344,100039,344,100106,344,100038,344,100136,100,100035,100,100142,100,100003,100,100154,100,99971,100,100173,100,99964,200,100194,100,99942,100,100301,100,99940,100,100355,100,99919,100,100362,100,99900,100
2019-06-28 09:48:32.167050507,100066,244,100039,344,100106,344,100038,344,100136,100,100035,100,100142,100,100003,100,100154,100,99971,100,100173,100,99964,200,100194,100,99942,100,100301,100,99940,100,100355,100,99919,100,100362,100,99900,100
2019-06-28 09:48:39.393657632,100066,144,100039,344,100106,344,100038,344,100136,100,100035,100,100142,100,100003,100,100154,100,99971,100,100173,100,99964,200,100194,100,99942,100,100301,100,99919,100,100355,100,99900,100,100362,100,99886,100
2019-06-28 09:48:40.000000000,100106,587,100039,587,100136,100,100038,100,100142,100,100035,100,100154,100,100003,100,100173,100,99971,100,100194,100,99964,200,100301,100,99942,100,100355,100,99919,100,100362,100,99900,100,100439,100,99886,100
2019-06-28 09:48:42.662266975,100106,487,100039,587,100136,100,100038,100,100142,100,100035,100,100154,100,100003,100,100173,100,99971,100,100194,100,99964,200,100301,100,99919,100,100355,100,99900,100,100362,100,99886,100,100439,100,99868,100
2019-06-28 09:48:50.000000000,100136,344,100039,344,100142,344,100038,344,100154,100,100035,100,100173,100,100003,100,100194,100,99971,100,100301,100,99964,200,100355,100,99919,100,100362,100,99900,100,100439,100,99886,100,100441,100,99868,100
2019-06-28 09:48:55.120091521,100136,244,100039,344,100142,344,100038,344,100154,100,100035,100,100173,100,100003,100,100194,100,99971,100,100301,100,99964,200,100355,100,99919,100,100362,100,99900,100,100439,100,99886,100,100441,100,99821,100
2019-06-28 09:48:59.647037373,100136,144,100039,344,100142,344,100038,344,100154,100,100035,100,100173,100,100003,100,100194,100,99971,100,100301,100,99964,200,100355,100,99919,100,100362,100,99900,100,100439,100,99886,100,100441,100,99821,100
2019-06-28 09:49:00.000000000,100142,344,100039,344,100154,344,100038,344,100173,100,100035,100,100194,100,100003,100,100301,100,99971,100,100355,100,99964,200,100362,100,99919,100,100439,100,99900,100,100441,100,99886,100,100444,100,99821,100
2019-06-28 09:49:10.000000000,100142,587,100039,587,100154,100,100038,100,100173,100,100035,100,100194,100,100003,100,100301,100,99971,100,100355,100,99964,200,100362,100,99919,100,100439,100,99900,100,100441,100,99886,100,100444,100,99821,100
2019-06-28 09:49:14.902906301,100142,587,100039,587,100154,100,100038,100,100173,100,100035,100,100194,100,100003,100,100301,100,99971,100,100355,100,99964,200,100362,100,99919,100,100439,100,99900,100,100441,100,99886,100,100444,100,99821,100
2019-06-28 09:49:20.000000000,100142,344,100039,344,100154,344,100038,344,100173,100,100035,100,100194,100,100003,100,100301,100,99971,100,100355,100,99964,200,100362,100,99919,100,100439,100,99900,100,100441,100,99886,100,100444,100,99821,100
2019-06-28 09:49:30.000000000,100142,344,100039,344,100154,344,100038,344,100173,100,100035,100,100194,100,100003,100,100301,100,99971,100,100355,100,99964,200,100362,100,99919,100,100439,100,99900,100,100441,100,99886,100,100444,100,99821,100
2019-06-28 09:49:36.451922291,100142,244,100039,344,100154,344,100038,344,100173,100,100035,100,100194,100,100003,100,100301,100,99971,100,100355,100,99964,200,100362,100,99919,100,100439,100,99900,100,100441,100,99886,100,100444,100,99821,100
2019-06-28 09:49:40.000000000,100154,222,100039,222,100173,222,100038,222,100194,222,100035,222,100301,222,100003,222,100355,100,99971,100,100362,100,99964,200,100439,100,99919,100,100441,100,99900,100,100444,100,99886,100,100509,100,99821,100
2019-06-28 09:49:50.000000000,100154,197,100039,197,100173,197,100038,197,100194,197,100035,197,100301,197,100003,197,100355,197,99971,197,100362,100,99964,200,100439,100,99919,100,100441,100,99900,100,100444,100,99886,100,100509,100,99821,100
2019-06-28 09:49:55.889949947,100154,97,100039,197,100173,197,100038,197,100194,197,100035,197,100301,197,100003,197,100355,197,99971,197,100362,100,99964,200,100441,100,99919,100,100444,100,99900,100,100509,100,99886,100,100559,100,99821,100
2019-06-28 09:50:00.000000000,100173,587,100039,587,100194,100,100038,100,100301,100,100035,100,100355,100,100003,100,100362,100,99971,100,100441,100,99964,200,100444,100,99919,100,100509,100,99900,100,100559,100,99886,100,100621,100,99821,100
2019-06-28 09:50:10.000000000,100173,266,100039,266,100194,261,100038,261,100301,261,100035,261,100355,100,100003,100,100362,100,99971,100,100441,100,99964,200,100444,100,99919,100,100509,100,99900,100,100559,100,99886,100,100621,100,99821,100
2019-06-28 09:50:16.603811547,100173,266,100039,266,100194,261,100038,261,100301,261,100035,261,100355,100,100003,100,100362,100,99971,100,100441,100,99964,200,100444,100,99919,100,100509,100,99886,100,100559,100,99821,100,100621,100,99767,100
2019-06-28 09:50:20.000000000,100173,197,100039,197,100194,197,100038,197,100301,197,100035,197,100355,197,100003,197,100362,197,99971,197,100441,100,99964,200,100444,100,99919,100,100509,100,99886,100,100559,100,99821,100,100621,100,99767,100
2019-06-28 09:50:30.000000000,100173,344,100039,344,100194,344,100038,344,100301,100,100035,100,100355,100,100003,100,100362,100,99971,100,100441,100,99964,200,100444,100,99919,100,100509,100,99886,100,100559,100,99821,100,100621,100,99767,100
2019-06-28 09:50:30.952825460,100173,344,100142,100,100194,344,100039,344,100301,100,100038,344,100355,100,100035,100,100362,100,100003,100,100441,100,99971,100,100444,100,99964,200,100509,100,99919,100,100559,100,99886,100,100621,100,99821,100
2019-06-28 09:50:40.000000000,100173,344,100142,344,100194,344,100039,344,100301,100,100038,100,100355,100,100035,100,100362,100,100003,100,100441,100,99971,100,100444,100,99964,200,100509,100,99919,100,100559,100,99886,100,100621,100,99821,100
2019-06-28 09:50:50.000000000,100173,266,100142,266,100194,261,100039,261,100301,261,100038,261,100355,100,100035,100,100362,100,100003,100,100441,100,99971,100,100444,100,99964,200,100509,100,99919,100,100559,100,99886,100,100621,100,99821,100
2019-06-28 09:51:00.000000000,100173,197,100142,197,100194,197,100039,197,100301,197,100038,197,100355,197,100035,197,100362,197,100003,197,100441,100,99971,100,100444,100,99964,200,100509,100,99919,100,100559,100,99886,100,100621,100,99821,100
2019-06-28 09:51:07.347626488,100173,197,100142,197,100194,197,100039,197,100301,197,100038,197,100355,197,100035,197,100362,197,100003,197,100441,100,99971,100,100444,100,99964,200,100509,100,99919,100,100559,100,99821,100,100621,100,99767,100
2019-06-28 09:51:10.000000000,100173,587,100142,587,100194,100,100039,100,100301,100,100038,100,100355,100,100035,100,100362,100,100003,100,100441,100,99971,100,100444,100,99964,200,100509,100,99919,100,100559,100,99821,100,100621,100,99767,100
2019-06-28 09:51:19.901604099,100173,487,100142,587,100194,100,100039,100,100301,100,100038,100,100355,100,100035,100,100362,100,100003,100,100441,100,99971,100,100444,100,99964,200,100509,100,99919,100,100559,100,99821,100,100621,100,99767,100
2019-06-28 09:51:20.000000000,100194,197,100142,197,100301,197,100039,197,100355,197,100038,197,100362,197,100035,197,100441,197,100003,197,100444,100,99971,100,100509,100,99964,200,100559,100,99919,100,100621,100,99821,100,100643,100,99767,100
2019-06-28 09:51:21.582549410,100194,197,100154,100,100301,197,100142,197,100355,197,100039,197,100362,197,100038,197,100441,197,100035,197,100444,100,100003,197,100509,100,99971,100,100559,100,99964,200,100621,100,99919,100,100643,100,99821,100
2019-06-28 09:51:30.000000000,100194,266,100154,266,100301,261,100142,261,100355,261,100039,261,100362,100,100038,100,100441,100,100035,100,100444,100,100003,100,100509,100,99971,100,100559,100,99964,200,100621,100,99919,100,100643,100,99821,100
2019-06-28 09:51:37.246239232,100194,266,100154,366,100301,261,100142,261,100355,261,100039,261,100362,100,100038,100,100441,100,100035,100,100444,100,100003,100,100509,100,99971,100,100559,100,99964,200,100621,100,99919,100,100643,100,99821,100
2019-06-28 09:51:40.000000000,100194,344,100154,444,100301,344,100142,344,100355,100,100039,100,100362,100,100038,100,100441,100,100035,100,100444,100,100003,100,100509,100,99971,100,100559,100,99964,200,100621,100,99919,100,100643,100,99821,100
2019-06-28 09:51:46.235093565,100194,344,100154,544,100301,344,100142,344,100355,100,100039,100,100362,100,100038,100,100441,100,100035,100,100444,100,100003,100,100509,100,99971,100,100559,100,99964,200,100621,100,99919,100,100643,100,99821,100
2019-06-28 09:51:50.000000000,100194,266,100154,466,100301,261,100142,261,100355,261,100039,261,100362,100,100038,100,100441,100,100035,100,100444,100,100003,100,100509,100,99971,100,100559,100,99964,200,100621,100,99919,100,100643,100,99821,100
2019-06-28 09:51:58.397798855,100194,266,100154,466,100301,261,100142,261,100355,261,100039,261,100362,100,100038,100,100441,100,100035,100,100444,100,100003,100,100458,100,99971,100,100509,100,99964,200,100559,100,99919,100,100621,100,99821,100
2019-06-28 09:52:00.000000000,100194,197,100154,397,100301,197,100142,197,100355,197,100039,197,100362,197,100038,197,100441,197,100035,197,100444,100,100003,100,100458,100,99971,100,100509,100,99964,200,100559,100,99919,100,100621,100,99821,100
2019-06-28 09:52:05.617093276,100194,197,100154,497,100301,197,100142,97,100355,197,100039,197,100362,197,100038,197,100441,197,100035,197,100444,100,100003,100,100458,100,99971,100,100509,100,99964,200,100559,100,99919,100,100621,100,99821,100
2019-06-28 09:52:10.000000000,100194,587,100154,887,100301,100,100039,100,100355,100,100038,100,100362,100,100035,100,100441,100,100003,100,100444,100,99971,100,100458,100,99964,200,100509,100,99919,100,100559,100,99821,100,100621,100,99767,100
2019-06-28 09:52:20.000000000,100194,197,100154,497,100301,197,100039,197,100355,197,100038,197,100362,197,100035,197,100441,197,100003,197,100444,100,99971,100,100458,100,99964,200,100509,100,99919,100,100559,100,99821,100,100621,100,99767,100
2019-06-28 09:52:22.748597601,100194,197,100154,597,100301,197,100039,197,100355,197,100038,197,100362,197,100035,97,100441,197,100003,197,100444,100,99971,100,100458,100,99964,200,100509,100,99919,100,100559,100,99821,100,100621,100,99767,100
2019-06-28 09:52:29.678153554,100194,97,100154,597,100301,197,100039,197,100355,197,100038,197,100362,197,100035,97,100441,197,100003,197,100444,100,99971,100,100458,100,99964,200,100559,100,99919,100,100621,100,99821,100,100643,100,99767,100
2019-06-28 09:52:30.000000000,100301,344,100154,744,100355,344,100039,344,100362,100,100038,100,100441,100,100003,100,100444,100,99971,100,100458,100,99964,200,100559,100,99919,100,100621,100,99821,100,100643,100,99767,100,100654,100,99715,100
2019-06-28 09:52:40.000000000,100301,344,100154,744,100355,344,100039,344,100362,100,100038,100,100441,100,100003,100,100444,100,99971,100,100458,100,99964,200,100559,100,99919,100,100621,100,99821,100,100643,100,99767,100,100654,100,99715,100
2019-06-28 09:52:42.108529018,100301,344,100154,744,100355,344,100039,344,100362,100,100038,100,100400,100,100003,100,100441,100,99971,100,100444,100,99964,200,100458,100,99919,100,100559,100,99821,100,100621,100,99767,100,100643,100,99715,100
2019-06-28 09:52:50.000000000,100301,266,100154,666,100355,261,100039,261,100362,261,100038,261,100400,100,100003,100,100441,100,99971,100,100444,100,99964,200,100458,100,99919,100,100559,100,99821,100,100621,100,99767,100,100643,100,99715,100
2019-06-28 09:53:00.000000000,100301,222,100154,622,100355,222,100039,222,100362,222,100038,222,100400,222,100003,222,100441,100,99971,100,100444,100,99964,200,100458,100,99919,100,100559,100,99821,100,100621,100,99767,100,100643,100,99715,100
2019-06-28 09:53:02.797938140,100301,222,100154,622,100355,222,100039,222,100362,222,100038,222,100400,222,100003,222,100441,100,99971,100,100443,100,99964,200,100444,100,99919,100,100458,100,99821,100,100559,100,99767,100,100621,100,99715,100
2019-06-28 09:53:03.278161735,100301,222,100292,100,100355,222,100154,622,100362,222,100039,222,100400,222,100038,222,100441,100,100003,222,100443,100,99971,100,100444,100,99964,200,100458,100,99919,100,100559,100,99821,100,100621,100,99767,100
2019-06-28 09:53:10.000000000,100301,587,100292,587,100355,100,100154,500,100362,100,100039,100,100400,100,100038,100,100441,100,100003,100,100443,100,99971,100,100444,100,99964,200,100458,100,99919,100,100559,100,99821,100,100621,100,99767,100
2019-06-28 09:53:20.000000000,100301,222,100292,222,100355,222,100154,622,100362,222,100039,222,100400,222,100038,222,100441,100,100003,100,100443,100,99971,100,100444,100,99964,200,100458,100,99919,100,100559,100,99821,100,100621,100,99767,100
2019-06-28 09:53:30.000000000,100301,587,100292,587,100355,100,100154,500,100362,100,100039,100,100400,100,100038,100,100441,100,100003,100,100443,100,99971,100,100444,100,99964,200,100458,100,99919,100,100559,100,99821,100,100621,100,99767,100
2019-06-28 09:53:31.891961693,100301,587,100292,587,100355,100,100290,100,100362,100,100154,500,100400,100,100039,100,100441,100,100038,100,100443,100,100003,100,100444,100,99971,100,100458,100,99964,200,100559,100,99919,100,100621,100,99821,100
2019-06-28 09:53:32.158383377,100301,587,100292,587,100355,100,100290,100,100362,100,100254,100,100400,100,100154,500,100441,100,100039,100,100444,100,100038,100,100458,100,100003,100,100559,100,99971,100,100621,100,99964,200,100643,100,99919,100
2019-06-28 09:53:40.000000000,100301,197,100292,197,100355,197,100290,197,100362,197,100254,197,100400,197,100154,597,100441,197,100039,197,100444,100,100038,100,100458,100,100003,100,100559,100,99971,100,100621,100,99964,200,100643,100,99919,100
2019-06-28 09:53:42.089840813,100301,97,100292,97,100355,197,100290,197,100362,197,100254,197,100400,197,100154,597,100441,197,100039,197,100444,100,100038,100,100458,100,100003,100,100559,100,99971,100,100621,100,99964,200,100643,100,99919,100
2019-06-28 09:53:42.711631618,100301,97,100292,97,100355,197,100290,197,100362,197,100254,197,100400,197,100194,100,100441,197,100154,597,100444,100,100039,197,100458,100,100038,100,100559,100,100003,100,100621,100,99971,100,100643,100,99964,200
2019-06-28 09:53:43.725846349,100301,97,100292,97,100355,197,100290,197,100362,197,100254,197,100400,197,100154,597,100441,197,100039,197,100444,100,100038,100,100458,100,100003,100,100559,100,99971,100,100621,100,99964,200,100643,100,99919,100
2019-06-28 09:53:50.000000000,100355,344,100290,344,100362,344,100254,344,100400,100,100154,500,100441,100,100039,100,100444,100,100038,100,100458,100,100003,100,100559,100,99971,100,100621,100,99964,200,100643,100,99919,100,100654,100,99821,100
2019-06-28 09:53:57.134471865,100355,344,100292,100,100362,344,100290,344,100400,100,100254,344,100441,100,100154,500,100444,100,100039,100,100458,100,100038,100,100559,100,100003,100,100621,100,99971,100,100643,100,99964,200,100654,100,99919,100
2019-06-28 09:54:00.000000000,100355,587,100292,587,100362,100,100290,100,100400,100,100254,100,100441,100,100154,500,100444,100,100039,100,100458,100,100038,100,100559,100,100003,100,100621,100,99971,100,100643,100,99964,200,100654,100,99919,100
2019-06-28 09:54:03.038758800,100355,587,100292,587,100362,100,100290,100,100400,100,100254,100,100441,100,100154,400,100444,100,100039,100,100458,100,100038,100,100559,100,100003,100,100621,100,99971,100,100643,100,99964,200,100654,100,99919,100
2019-06-28 09:54:10.000000000,100355,266,100292,266,100362,261,100290,261,100400,261,100254,261,100441,100,100154,400,100444,100,100039,100,100458,100,100038,100,100559,100,100003,100,100621,100,99971,100,100643,100,99964,200,100654,100,99919,100
2019-06-28 09:54:20.000000000,100355,344,100292,344,100362,344,100290,344,100400,100,100254,100,100441,100,100154,400,100444,100,100039,100,100458,100,100038,100,100559,100,100003,100,100621,100,99971,100,100643,100,99964,200,100654,100,99919,100
2019-06-28 09:54:27.067184279,100355,344,100292,344,100362,344,100290,344,100400,100,100254,100,100441,100,100194,100,100444,100,100154,400,100458,100,100039,100,100559,100,100003,100,100621,100,99971,100,100643,100,99964,200,100654,100,99919,100
2019-06-28 09:54:30.000000000,100355,222,100292,222,100362,222,100290,222,100400,222,100254,222,100441,222,100194,222,100444,100,100154,400,100458,100,100039,100,100559,100,100003,100,100621,100,99971,100,100643,100,99964,200,100654,100,99919,100
2019-06-28 09:54:40.000000000,100355,587,100292,587,100362,100,100290,100,100400,100,100254,100,100441,100,100194,100,100444,100,100154,400,100458,100,100039,100,100559,100,100003,100,100621,100,99971,100,100643,100,99964,200,100654,100,99919,100
2019-06-28 09:54:50.000000000,100355,344,100292,344,100362,344,100290,344,100400,100,100254,100,100441,100,100194,100,100444,100,100154,400,100458,100,100039,100,100559,100,100003,100,100621,100,99971,100,100643,100,99964,200,100654,100,99919,100
2019-06-28 09:55:00.000000000,100355,266,100292,266,100362,261,100290,261,100400,261,100254,261,100441,100,100194,100,100444,100,100154,400,100458,100,100039,100,100559,100,100003,100,100621,100,99971,100,100643,100,99964,200,100654,100,99919,100
2019-06-28 09:55:04.046923099,100355,166,100292,266,100362,261,100290,261,100400,261,100254,261,100441,100,100194,100,100444,100,100154,400,100458,100,100039,100,100559,100,100003,100,100621,100,99971,100,100643,100,99964,200,100654,100,99919,100
2019-06-28 09:55:06.323375223,100355,66,100292,266,100362,261,100290,261,100400,261,100254,261,100441,100,100194,100,100444,100,100154,400,100458,100,100039,100,100559,100,100003,100,100621,100,99971,100,100643,100,99964,200,100654,100,99919,100
2019-06-28 09:55:10.000000000,100362,587,100292,587,100400,100,100290,100,100441,100,100254,100,100444,100,100194,100,100458,100,100154,400,100559,100,100039,100,100621,100,100003,100,100643,100,99971,100,100654,100,99964,200,100884,100,99919,100
2019-06-28 09:55:13.422331295,100362,587,100292,587,100441,100,100290,100,100444,100,100254,100,100458,100,100194,100,100559,100,100154,400,100621,100,100039,100,100643,100,100003,100,100654,100,99971,100,100686,100,99964,200,100884,100,99919,100
2019-06-28 09:55:19.122438587,100362,587,100292,587,100441,100,100290,100,100444,100,100254,100,100458,100,100194,100,100559,100,100154,400,100601,100,100039,100,100621,100,100003,100,100643,100,99971,100,100654,100,99964,200,100686,100,99919,100
2019-06-28 09:55:20.000000000,100362,344,100292,344,100441,344,100290,344,100444,100,100254,100,100458,100,100194,100,100559,100,100154,400,100601,100,100039,100,100621,100,100003,100,100643,100,99971,100,100654,100,99964,200,100686,100,99919,100
2019-06-28 09:55:21.844740150,100354,100,100292,344,100362,344,100290,344,100441,344,100254,100,100444,100,100194,100,100458,100,100154,400,100559,100,100039,100,100601,100,100003,100,100621,100,99971,100,100643,100,99964,200,100654,100,99919,100
2019-06-28 09:55:23.815911738,100354,100,100292,344,100362,344,100290,344,100441,344,100254,100,100444,100,100194,100,100458,100,100154,400,100559,100,100039,100,100573,100,100003,100,100601,100,99971,100,100621,100,99964,200,100643,100,99919,100
2019-06-28 09:55:26.184948883,100354,100,100292,344,100362,344,100290,344,100441,344,100254,100,100444,100,100194,100,100458,100,100154,400,100498,100,100039,100,100559,100,100003,100,100573,100,99971,100,100601,100,99964,200,100621,100,99919,100
2019-06-28 09:55:30.000000000,100354,266,100292,266,100362,261,100290,261,100441,261,100254,261,100444,100,100194,100,100458,100,100154,400,100498,100,100039,100,100559,100,100003,100,100573,100,99971,100,100601,100,99964,200,100621,100,99919,100
2019-06-28 09:55:30.083294921,100354,166,100292,266,100362,261,100290,261,100441,261,100254,261,100444,100,100194,100,100458,100,100154,400,100498,100,100039,100,100559,100,100003,100,100573,100,99971,100,100601,100,99964,200,100621,100,99919,100
2019-06-28 09:55:34.340191025,100354,166,100292,266,100362,261,100290,261,100441,261,100254,261,100444,100,100194,100,100458,100,100154,400,100498,100,100039,100,100559,100,100003,100,100573,100,99971,100,100591,100,99964,200,100601,100,99919,100
2019-06-28 09:55:40.000000000,100362,587,100292,587,100441,100,100290,100,100444,100,100254,100,100458,100,100194,100,100498,100,100154,400,100559,100,100039,100,100573,100,100003,100,100591,100,99971,100,100601,100,99964,200,100621,100,99919,100
2019-06-28 09:55:50.000000000,100362,344,100292,344,100441,344,100290,344,100444,100,100254,100,100458,100,100194,100,100498,100,100154,400,100559,100,100039,100,100573,100,100003,100,100591,100,99971,100,100601,100,99964,200,100621,100,99919,100
2019-06-28 09:56:00.000000000,100362,587,100292,587,100441,100,100290,100,100444,100,100254,100,100458,100,100194,100,100498,100,100154,400,100559,100,100039,100,100573,100,100003,100,100591,100,99971,100,100601,100,99964,200,100621,100,99919,100
2019-06-28 09:56:10.000000000,100362,197,100292,197,100441,197,100290,197,100444,197,100254,197,100458,197,100194,197,100498,197,100154,497,100559,100,100039,100,100573,100,100003,100,100591,100,99971,100,100601,100,99964,200,100621,100,99919,100
2019-06-28 09:56:14.088386984,100362,197,100292,197,100441,197,100290,197,100444,197,100254,197,100458,197,100194,197,100498,197,100154,497,100559,100,100039,100,100573,100,100003,100,100591,100,99971,100,100601,100,99964,200,100621,100,99919,100
2019-06-28 09:56:20.000000000,100362,222,100292,222,100441,222,100290,222,100444,222,100254,222,100458,222,100194,222,100498,100,100154,400,100559,100,100039,100,100573,100,100003,100,100591,100,99971,100,100601,100,99964,200,100621,100,99919,100
2019-06-28 09:56:30.000000000,100362,222,100292,222,100441,222,100290,222,100444,222,100254,222,100458,222,100194,222,100498,100,100154,400,100559,100,100039,100,100573,100,100003,100,100591,100,99971,100,100601,100,99964,200,100621,100,99919,100
2019-06-28 09:56:34.779192266,100362,222,100354,100,100441,222,100292,222,100444,222,100290,222,100458,222,100254,222,100498,100,100194,222,100559,100,100154,400,100573,100,100039,100,100591,100,100003,100,100601,100,99971,100,100621,100,99964,200
2019-06-28 09:56:40.000000000,100362,587,100354,587,100441,100,100292,100,100444,100,100290,100,100458,100,100254,100,100498,100,100194,100,100559,100,100154,400,100573,100,100039,100,100591,100,100003,100,100601,100,99971,100,100621,100,99964,200
2019-06-28 09:56:44.693646154,100362,587,100354,587,100441,100,100292,100,100444,100,100290,100,100458,100,100194,100,100498,100,100154,400,100559,100,100039,100,100573,100,100003,100,100591,100,99971,100,100601,100,99964,200,100621,100,99919,100
2019-06-28 09:56:50.000000000,100362,197,100354,197,100441,197,100292,197,100444,197,100290,197,100458,197,100194,197,100498,197,100154,497,100559,100,100039,100,100573,100,100003,100,100591,100,99971,100,100601,100,99964,200,100621,100,99919,100
2019-06-28 09:56:54.930220957,100362,197,100354,297,100441,197,100292,197,100444,197,100290,197,100458,197,100194,197,100498,197,100154,497,100559,100,100039,100,100573,100,100003,100,100591,100,99971,100,100601,100,99964,200,100621,100,99919,100
2019-06-28 09:57:00.000000000,100362,587,100354,687,100441,100,100292,100,100444,100,100290,100,100458,100,100194,100,100498,100,100154,400,100559,100,100039,100,100573,100,100003,100,100591,100,99971,100,100601,100,99964,200,100621,100,99919,100
2019-06-28 09:57:10.000000000,100362,222,100354,322,100441,222,100292,222,100444,222,100290,222,100458,222,100194,222,100498,100,100154,400,100559,100,100039,100,100573,100,100003,100,100591,100,99971,100,100601,100,99964,200,100621,100,99919,100
2019-06-28 09:57:12.793952220,100362,122,100354,322,100441,222,100292,222,100444,222,100290,222,100458,222,100194,222,100498,100,100154,400,100559,100,100039,100,100573,100,100003,100,100591,100,99971,100,100601,100,99964,200,100621,100,99919,100
2019-06-28 09:57:20.000000000,100441,587,100354,687,100444,100,100292,100,100458,100,100290,100,100498,100,100194,100,100559,100,100154,400,100573,100,100039,100,100591,100,100003,100,100601,100,99971,100,100621,100,99964,200,100643,100,99919,100
2019-06-28 09:57:30.000000000,100441,222,100354,322,100444,222,100292,222,100458,222,100290,222,100498,222,100194,222,100559,100,100154,400,100573,100,100039,100,100591,100,100003,100,100601,100,99971,100,100621,100,99964,200,100643,100,99919,100
2019-06-28 09:57:40.000000000,100441,197,100354,297,100444,197,100292,197,100458,197,100290,197,100498,197,100194,197,100559,197,100154,497,100573,100,100039,100,100591,100,100003,100,100601,100,99971,100,100621,100,99964,200,100643,100,99919,100
2019-06-28 09:57:43.155180183,100441,97,100354,297,100444,197,100292,197,100458,197,100290,197,100498,197,100194,197,100559,197,100154,497,100573,100,100039,100,100591,100,100003,100,100601,100,99971,100,100621,100,99964,200,100643,100,99919,100
2019-06-28 09:57:50.000000000,100444,344,100354,444,100458,344,100292,344,100498,100,100290,100,100559,100,100194,100,100573,100,100154,400,100591,100,100039,100,100601,100,100003,100,100621,100,99971,100,100643,100,99964,200,100654,100,99919,100
2019-06-28 09:58:00.000000000,100444,344,100354,444,100458,344,100292,344,100498,100,100290,100,100559,100,100194,100,100573,100,100154,400,100591,100,100039,100,100601,100,100003,100,100621,100,99971,100,100643,100,99964,200,100654,100,99919,100
2019-06-28 09:58:08.668711163,100444,244,100354,444,100458,344,100292,344,100498,100,100290,100,100559,100,100194,100,100573,100,100154,400,100591,100,100039,100,100601,100,100003,100,100621,100,99971,100,100654,100,99964,200,100686,100,99919,100
2019-06-28 09:58:10.000000000,100458,222,100354,322,100498,222,100292,222,100559,222,100290,222,100573,222,100194,222,100591,100,100154,400,100601,100,100039,100,100621,100,100003,100,100654,100,99971,100,100686,100,99964,200,100884,100,99919,100
2019-06-28 09:58:20.000000000,100458,266,100354,366,100498,261,100292,261,100559,261,100290,261,100573,100,100194,100,100591,100,100154,400,100601,100,100039,100,100621,100,100003,100,100654,100,99971,100,100686,100,99964,200,100884,100,99919,100
2019-06-28 09:58:30.000000000,100458,344,100354,444,100498,344,100292,344,100559,100,100290,100,100573,100,100194,100,100591,100,100154,400,100601,100,100039,100,100621,100,100003,100,100654,100,99971,100,100686,100,99964,200,100884,100,99919,100
2019-06-28 09:58:31.667637743,100458,344,100354,444,100498,344,100292,344,100559,100,100290,100,100573,100,100194,100,100591,100,100154,400,100601,100,100039,100,100621,100,100003,100,100654,100,99971,100,100686,100,99964,200,100884,100,99919,100
2019-06-28 09:58:32.389802912,100458,344,100354,444,100498,344,100292,344,100559,100,100290,100,100573,100,100194,100,100591,100,100154,400,100601,100,100039,100,100621,100,100003,100,100686,100,99971,100,100884,100,99964,200,100899,100,99919,100
2019-06-28 09:58:40.000000000,100458,587,100354,687,100498,100,100292,100,100559,100,100290,100,100573,100,100194,100,100591,100,100154,400,100601,100,100039,100,100621,100,100003,100,100686,100,99971,100,100884,100,99964,200,100899,100,99919,100
2019-06-28 09:58:40.572000702,100458,587,100354,687,100498,100,100292,100,100559,100,100290,100,100573,100,100194,100,100591,100,100154,400,100601,100,100039,100,100621,100,100003,100,100686,100,99971,100,100884,100,99964,200,100899,100,99919,100
2019-06-28 09:58:50.000000000,100458,197,100354,297,100498,197,100292,197,100559,197,100290,197,100573,197,100194,197,100591,197,100154,497,100601,100,100039,100,100621,100,100003,100,100686,100,99971,100,100884,100,99964,200,100899,100,99919,100
2019-06-28 09:58:56.409130724,100458,197,100441,100,100498,197,100354,297,100559,197,100292,197,100573,197,100290,197,100591,197,100194,197,100601,100,100154,497,100621,100,100039,100,100686,100,100003,100,100884,100,99971,100,100899,100,99964,200
2019-06-28 09:59:00.000000000,100458,587,100441,587,100498,100,100354,200,100559,100,100292,100,100573,100,100290,100,100591,100,100194,100,100601,100,100154,400,100621,100,100039,100,100686,100,100003,100,100884,100,99971,100,100899,100,99964,200
2019-06-28 09:59:07.408399115,100458,587,100441,687,100498,100,100354,200,100559,100,100292,100,100573,100,100290,100,100591,100,100194,100,100601,100,100154,400,100621,100,100039,100,100686,100,100003,100,100884,100,99971,100,100899,100,99964,200
2019-06-28 09:59:10.000000000,100458,197,100441,297,100498,197,100354,297,100559,197,100292,197,100573,197,100290,197,100591,197,100194,197,100601,100,100154,400,100621,100,100039,100,100686,100,100003,100,100884,100,99971,100,100899,100,99964,200
2019-06-28 09:59:20.000000000,100458,222,100441,322,100498,222,100354,322,100559,222,100292,222,100573,222,100290,222,100591,100,100194,100,100601,100,100154,400,100621,100,100039,100,100686,100,100003,100,100884,100,99971,100,100899,100,99964,200
2019-06-28 09:59:30.000000000,100458,587,100441,687,100498,100,100354,200,100559,100,100292,100,100573,100,100290,100,100591,100,100194,100,100601,100,100154,400,100621,100,100039,100,100686,100,100003,100,100884,100,99971,100,100899,100,99964,200
2019-06-28 09:59:35.521197614,100458,587,100441,687,100498,100,100354,200,100559,100,100292,100,100573,100,100290,100,100591,100,100194,100,100601,100,100154,400,100621,100,100039,100,100686,100,100003,100,100884,100,99971,100,100899,100,99964,200
2019-06-28 09:59:39.249736584,100458,587,100441,787,100498,100,100354,200,100559,100,100292,100,100573,100,100290,100,100591,100,100194,100,100601,100,100154,400,100621,100,100039,100,100686,100,100003,100,100884,100,99971,100,100899,100,99964,200
2019-06-28 09:59:40.000000000,100458,197,100441,397,100498,197,100354,297,100559,197,100292,197,100573,197,100290,197,100591,197,100194,197,100601,100,100154,400,100621,100,100039,100,100686,100,100003,100,100884,100,99971,100,100899,100,99964,200
2019-06-28 09:59:41.439505426,100458,197,100441,397,100498,197,100354,297,100559,197,100292,197,100573,197,100290,197,100591,97,100194,197,100601,100,100154,400,100621,100,100039,100,100686,100,100003,100,100884,100,99971,100,100899,100,99964,200
2019-06-28 09:59:50.000000000,100458,197,100441,397,100498,197,100354,297,100559,197,100292,197,100573,197,100290,197,100601,197,100194,197,100621,100,100154,400,100686,100,100039,100,100884,100,100003,100,100899,100,99971,100,100934,100,99964,200
2019-06-28 10:00:00.000000000,100458,197,100441,397,100498,197,100354,297,100559,197,100292,197,100573,197,100290,197,100601,197,100194,197,100621,100,100154,400,100686,100,100039,100,100884,100,100003,100,100899,100,99971,100,100934,100,99964,200
2019-06-28 10:00:05.955376797,100458,97,100441,397,100498,197,100354,297,100559,197,100292,197,100573,197,100290,197,100601,197,100194,197,100621,100,100154,400,100686,100,100039,100,100884,100,100003,100,100899,100,99971,100,100934,100,99964,200
2019-06-28 10:00:10.000000000,100498,266,100441,466,100559,261,100354,361,100573,261,100292,261,100601,100,100290,100,100621,100,100194,100,100686,100,100154,400,100884,100,100039,100,100899,100,100003,100,100934,100,99971,100,101276,100,99964,200
2019-06-28 10:00:12.833696053,100498,266,100441,466,100559,261,100354,361,100573,161,100292,261,100601,100,100290,100,100621,100,100194,100,100686,100,100154,400,100884,100,100039,100,100899,100,100003,100,100934,100,99971,100,101276,100,99964,200
2019-06-28 10:00:20.000000000,100498,266,100441,466,100559,261,100354,361,100601,261,100292,261,100621,100,100290,100,100686,100,100194,100,100884,100,100154,400,100899,100,100039,100,100934,100,100003,100,101276,100,99971,100,101730,100,99964,200
2019-06-28 10:00:21.845755618,100498,166,100441,466,100559,261,100354,361,100601,261,100292,261,100621,100,100290,100,100686,100,100194,100,100884,100,100154,400,100899,100,100039,100,100934,100,100003,100,101276,100,99971,100,101730,100,99964,200
2019-06-28 10:00:27.890128869,100498,66,100441,466,100559,261,100354,361,100601,261,100292,261,100621,100,100290,100,100686,100,100194,100,100884,100,100154,400,100899,100,100039,100,100934,100,100003,100,101276,100,99971,100,101730,100,99964,200
2019-06-28 10:00:28.396103309,100559,261,100498,34,100601,261,100441,466,100621,100,100354,361,100686,100,100292,261,100884,100,100290,100,100899,100,100194,100,100934,100,100154,400,101276,100,100039,100,101730,100,100003,100,101796,100,99971,100
2019-06-28 10:00:30.000000000,100559,266,100498,200,100601,261,100441,461,100621,261,100354,361,100686,100,100292,100,100884,100,100290,100,100899,100,100194,100,100934,100,100154,400,101276,100,100039,100,101730,100,100003,100,101796,100,99971,100
2019-06-28 10:00:40.000000000,100559,344,100498,278,100601,344,100441,544,100621,100,100354,200,100686,100,100292,100,100884,100,100290,100,100899,100,100194,100,100934,100,100154,400,101276,100,100039,100,101730,100,100003,100,101796,100,99971,100
2019-06-28 10:00:44.170852737,100559,344,100498,278,100601,344,100441,544,100621,100,100354,200,100686,100,100292,100,100884,100,100290,100,100899,100,100194,100,100934,100,100154,400,101276,100,100039,100,101730,100,100003,100,101759,100,99971,100
2019-06-28 10:00:50.000000000,100559,344,100498,278,100601,344,100441,544,100621,100,100354,200,100686,100,100292,100,100884,100,100290,100,100899,100,100194,100,100934,100,100154,400,101276,100,100039,100,101730,100,100003,100,101759,100,99971,100
2019-06-28 10:01:00.000000000,100559,197,100498,131,100601,197,100441,397,100621,197,100354,297,100686,197,100292,197,100884,197,100290,197,100899,100,100194,100,100934,100,100154,400,101276,100,100039,100,101730,100,100003,100,101759,100,99971,100
2019-06-28 10:01:05.802374303,100559,197,100498,131,100601,197,100441,297,100621,197,100354,297,100686,197,100292,197,100884,197,100290,197,100899,100,100194,100,100934,100,100154,400,101276,100,100039,100,101730,100,100003,100,101759,100,99971,100
2019-06-28 10:01:10.000000000,100559,266,100498,200,100601,261,100441,361,100621,261,100354,361,100686,100,100292,100,100884,100,100290,100,100899,100,100194,100,100934,100,100154,400,101276,100,100039,100,101730,100,100003,100,101759,100,99971,100
2019-06-28 10:01:19.129845859,100559,266,100498,300,100601,261,100441,261,100621,261,100354,361,100686,100,100292,100,100884,100,100290,100,100899,100,100194,100,100934,100,100154,400,101276,100,100039,100,101730,100,100003,100,101759,100,99971,100
2019-06-28 10:01:20.000000000,100559,197,100498,231,100601,197,100441,197,100621,197,100354,297,100686,197,100292,197,100884,197,100290,197,100899,100,100194,100,100934,100,100154,400,101276,100,100039,100,101730,100,100003,100,101759,100,99971,100
2019-06-28 10:01:23.465086403,100559,197,100498,331,100601,197,100441,197,100621,197,100354,297,100686,197,100292,197,100884,197,100290,197,100899,100,100194,100,100934,100,100154,300,101276,100,100039,100,101730,100,100003,100,101759,100,99971,100
2019-06-28 10:01:30.000000000,100559,587,100498,721,100601,100,100441,100,100621,100,100354,200,100686,100,100292,100,100884,100,100290,100,100899,100,100194,100,100934,100,100154,300,101276,100,100039,100,101730,100,100003,100,101759,100,99971,100
2019-06-28 10:01:38.184374478,100559,587,100498,721,100601,100,100441,100,100621,100,100354,200,100686,100,100292,100,100884,100,100290,100,100899,100,100194,100,100934,100,100154,300,101276,100,100039,100,101730,100,100003,100,101759,100,99971,100
2019-06-28 10:01:40.000000000,100559,197,100498,331,100601,197,100441,197,100621,197,100354,297,100686,197,100292,197,100884,197,100290,197,100899,100,100194,100,100934,100,100154,300,101276,100,100039,100,101730,100,100003,100,101759,100,99971,100
2019-06-28 10:01:42.461678808,100559,197,100498,331,100601,197,100441,197,100621,197,100354,297,100686,197,100292,197,100884,197,100290,197,100899,100,100194,100,100934,100,100154,300,101276,100,100039,100,101730,100,100003,100,101759,100,99971,100
2019-06-28 10:01:50.000000000,100559,266,100498,400,100601,261,100441,261,100621,261,100354,361,100686,100,100292,100,100884,100,100290,100,100899,100,100194,100,100934,100,100154,300,101276,100,100039,100,101730,100,100003,100,101759,100,99971,100
2019-06-28 10:02:00.000000000,100559,344,100498,478,100601,344,100441,344,100621,100,100354,200,100686,100,100292,100,100884,100,100290,100,100899,100,100194,100,100934,100,100154,300,101276,100,100039,100,101730,100,100003,100,101759,100,99971,100
2019-06-28 10:02:03.649106697,100559,244,100498,478,100601,344,100441,344,100621,100,100354,200,100686,100,100292,100,100884,100,100290,100,100899,100,100194,100,100934,100,100154,300,101276,100,100039,100,101730,100,100003,100,101759,100,99971,100
2019-06-28 10:02:10.000000000,100601,266,100498,400,100621,261,100441,261,100686,261,100354,361,100884,100,100292,100,100899,100,100290,100,100934,100,100194,100,101276,100,100154,300,101730,100,100039,100,101759,100,100003,100,101760,100,99971,100
2019-06-28 10:02:10.947972382,100601,166,100498,400,100621,261,100441,261,100686,261,100354,361,100884,100,100292,100,100899,100,100290,100,100934,100,100194,100,101276,100,100154,300,101730,100,100039,100,101759,100,100003,100,101760,100,99971,100
2019-06-28 10:02:14.693951978,100601,66,100498,400,100621,261,100441,261,100686,261,100354,361,100884,100,100292,100,100899,100,100290,100,100934,100,100194,100,101276,100,100154,300,101730,100,100039,100,101759,100,100003,100,101760,100,99971,100
2019-06-28 10:02:20.000000000,100621,344,100498,478,100686,344,100441,344,100884,100,100354,200,100899,100,100292,100,100934,100,100290,100,101276,100,100194,100,101730,100,100154,300,101759,100,100039,100,101760,100,100003,100,101796,100,99971,100
2019-06-28 10:02:30.000000000,100621,222,100498,356,100686,222,100441,222,100884,222,100354,322,100899,222,100292,222,100934,100,100290,100,101276,100,100194,100,101730,100,100154,300,101759,100,100039,100,101760,100,100003,100,101796,100,99971,100
2019-06-28 10:02:37.056346918,100621,122,100498,356,100686,222,100441,222,100884,222,100354,322,100899,222,100292,222,100934,100,100290,100,101276,100,100194,100,101730,100,100154,300,101759,100,100039,100,101760,100,100003,100,101796,100,99971,100
2019-06-28 10:02:40.000000000,100686,222,100498,356,100884,222,100441,222,100899,222,100354,322,100934,222,100292,222,101276,100,100290,100,101730,100,100194,100,101759,100,100154,300,101760,100,100039,100,101796,100,100003,100,101840,100,99971,100
2019-06-28 10:02:50.000000000,100686,222,100498,356,100884,222,100441,222,100899,222,100354,322,100934,222,100292,222,101276,100,100290,100,101730,100,100194,100,101759,100,100154,300,101760,100,100039,100,101796,100,100003,100,101840,100,99971,100
2019-06-28 10:03:00.000000000,100686,266,100498,400,100884,261,100441,261,100899,261,100354,361,100934,100,100292,100,101276,100,100290,100,101730,100,100194,100,101759,100,100154,300,101760,100,100039,100,101796,100,100003,100,101840,100,99971,100
2019-06-28 10:03:10.000000000,100686,344,100498,478,100884,344,100441,344,100899,100,100354,200,100934,100,100292,100,101276,100,100290,100,101730,100,100194,100,101759,100,100154,300,101760,100,100039,100,101796,100,100003,100,101840,100,99971,100
2019-06-28 10:03:19.020631053,100686,244,100498,478,100884,344,100441,344,100899,100,100354,200,100934,100,100292,100,101276,100,100290,100,101730,100,100194,100,101759,100,100154,300,101760,100,100039,100,101796,100,100003,100,101840,100,99971,100
2019-06-28 10:03:20.000000000,100884,197,100498,331,100899,197,100441,197,100934,197,100354,297,101276,197,100292,197,101730,197,100290,197,101759,100,100194,100,101760,100,100154,300,101796,100,100039,100,101840,100,100003,100,102010,100,99971,100
2019-06-28 10:03:30.000000000,100884,266,100498,400,100899,261,100441,261,100934,261,100354,361,101276,100,100292,100,101730,100,100290,100,101759,100,100194,100,101760,100,100154,300,101796,100,100039,100,101840,100,100003,100,102010,100,99971,100
2019-06-28 10:03:34.457857730,100881,100,100498,366,100884,266,100441,261,100899,261,100354,361,100934,261,100292,100,101276,100,100290,100,101730,100,100194,100,101759,100,100154,300,101760,100,100039,100,101796,100,100003,100,101840,100,99971,100
2019-06-28 10:03:40.000000000,100881,344,100498,444,100884,344,100441,344,100899,100,100354,200,100934,100,100292,100,101276,100,100290,100,101730,100,100194,100,101759,100,100154,300,101760,100,100039,100,101796,100,100003,100,101840,100,99971,100
2019-06-28 10:03:50.000000000,100881,344,100498,444,100884,344,100441,344,100899,100,100354,200,100934,100,100292,100,101276,100,100290,100,101730,100,100194,100,101759,100,100154,300,101760,100,100039,100,101796,100,100003,100,101840,100,99971,100
2019-06-28 10:04:00.000000000,100881,266,100498,366,100884,261,100441,261,100899,261,100354,361,100934,100,100292,100,101276,100,100290,100,101730,100,100194,100,101759,100,100154,300,101760,100,100039,100,101796,100,100003,100,101840,100,99971,100
2019-06-28 10:04:00.165231295,100881,266,100621,100,100884,261,100498,366,100899,261,100441,261,100934,100,100354,361,101276,100,100292,100,101730,100,100290,100,101759,100,100194,100,101760,100,100154,300,101796,100,100039,100,101840,100,100003,100
2019-06-28 10:04:08.450706821,100881,166,100621,100,100884,261,100498,366,100899,261,100441,261,100934,100,100354,361,101276,100,100292,100,101730,100,100290,100,101759,100,100194,100,101760,100,100154,300,101796,100,100039,100,101840,100,100003,100
2019-06-28 10:04:10.000000000,100884,587,100621,587,100899,100,100498,200,100934,100,100441,100,101276,100,100354,200,101730,100,100292,100,101759,100,100290,100,101760,100,100194,100,101796,100,100154,300,101840,100,100039,100,102010,100,100003,100
2019-06-28 10:04:17.085490574,100884,587,100686,100,100899,100,100621,487,100934,100,100498,200,101276,100,100441,100,101730,100,100354,200,101759,100,100292,100,101760,100,100290,100,101796,100,100194,100,101840,100,100154,300,102010,100,100039,100
2019-06-28 10:04:18.334508532,100884,487,100686,100,100899,100,100621,487,100934,100,100498,200,101276,100,100441,100,101730,100,100354,200,101759,100,100292,100,101760,100,100290,100,101796,100,100194,100,101840,100,100154,300,102010,100,100039,100
2019-06-28 10:04:20.000000000,100899,266,100686,266,100934,261,100498,361,101276,261,100441,261,101730,100,100354,200,101759,100,100292,100,101760,100,100290,100,101796,100,100194,100,101840,100,100154,300,102010,100,100039,100,102029,100,100003,100
2019-06-28 10:04:30.000000000,100899,344,100686,344,100934,344,100498,444,101276,100,100441,100,101730,100,100354,200,101759,100,100292,100,101760,100,100290,100,101796,100,100194,100,101840,100,100154,300,102010,100,100039,100,102029,100,100003,100
