,ask_price_1,ask_size_1,bid_price_1,bid_size_1,ask_price_2,ask_size_2,bid_price_2,bid_size_2,ask_price_3,ask_size_3,bid_price_3,bid_size_3,ask_price_4,ask_size_4,bid_price_4,bid_size_4,ask_price_5,ask_size_5,bid_price_5,bid_size_5,ask_price_6,ask_size_6,bid_price_6,bid_size_6,ask_price_7,ask_size_7,bid_price_7,bid_size_7,ask_price_8,ask_size_8,bid_price_8,bid_size_8,ask_price_9,ask_size_9,bid_price_9,bid_size_9,ask_price_10,ask_size_10,bid_price_10,bid_size_10
2019-06-28 09:30:00.000000000,,,100002,100,,,,,,,,,,,,,,,,,,,,,,,,,,,,,,,,,,,,
2019-06-28 09:30:00.000000002,100026,100,100002,100,100057,100,99975,100,100077,100,,,100088,100,,,,,,,,,,,,,,,,,,,,,,,,,,
2019-06-28 09:30:00.000000005,100026,100,100002,100,100057,100,99975,100,100077,100,99933,100,100088,100,99883,100,,,,,,,,,,,,,,,,,,,,,,,,
2019-06-28 09:30:00.000000006,100026,100,100002,100,100052,100,99975,100,100057,100,99933,100,100077,100,99883,100,100088,100,,,,,,,,,,,,,,,,,,,,,,
2019-06-28 09:30:00.000000007,100026,100,100002,100,100029,100,99975,100,100052,100,99933,100,100057,100,99883,100,100077,100,,,100088,100,,,,,,,,,,,,,,,,,,
2019-06-28 09:30:00.000000011,100026,100,100002,100,100029,100,99975,100,100052,100,99933,100,100057,100,99883,100,100077,100,,,100088,100,,,100104,100,,,,,,,,,,,,,,
2019-06-28 09:30:00.000000013,100029,100,100002,100,100052,100,99975,100,100057,100,99933,100,100077,100,99883,100,100088,100,,,100104,100,,,,,,,,,,,,,,,,,,
2019-06-28 09:30:00.000000016,100029,100,100002,100,100052,100,99975,100,100057,100,99933,100,100077,100,99902,100,100088,100,99883,100,100104,100,,,,,,,,,,,,,,,,,,
2019-06-28 09:30:00.000000018,100029,100,99975,100,100052,100,99933,100,100057,100,99902,100,100077,100,99883,100,100088,100,,,100104,100,,,,,,,,,,,,,,,,,,
2019-06-28 09:30:00.000000020,100029,100,100002,100,100052,100,99975,100,100057,100,99966,100,100077,100,99933,100,100088,100,99911,100,100104,100,99902,100,,,99883,100,,,,,,,,,,,,
2019-06-28 09:30:00.000000022,100029,100,100028,100,100052,100,100002,100,100057,100,99975,100,100077,100,99966,100,100088,100,99933,100,100104,100,99911,100,,,99902,100,,,99883,100,,,,,,,,
2019-06-28 09:30:00.000000024,100029,100,100028,100,100052,100,100002,100,100057,100,99975,100,100077,100,99966,100,100088,100,99933,200,100104,100,99911,100,,,99902,100,,,99883,100,,,,,,,,
2019-06-28 09:30:00.000000030,100029,100,100028,100,100052,100,100002,100,100057,100,99975,100,100077,100,99966,100,100088,100,99933,200,100104,100,99911,100,,,99902,100,,,99883,100,,,99879,100,,,,
2019-06-28 09:30:00.000000031,100029,100,100028,100,100052,100,100002,200,100057,100,99975,100,100077,100,99966,100,100088,100,99933,200,100104,100,99911,100,,,99902,100,,,99883,100,,,99879,100,,,,
2019-06-28 09:30:00.000000034,100029,100,100002,200,100052,100,99975,100,100057,100,99966,100,100077,100,99933,200,100088,100,99911,100,100104,100,99902,100,,,99883,100,,,99879,100,,,,,,,,
2019-06-28 09:30:00.000000035,100029,100,100002,100,100052,100,99975,100,100057,100,99966,100,100073,100,99933,200,100077,100,99911,100,100088,100,99902,100,100104,100,99883,100,,,99879,100,,,,,,,,
2019-06-28 09:30:00.000000038,100029,100,100002,100,100048,100,99975,100,100052,100,99966,100,100057,100,99933,200,100073,100,99911,100,100077,100,99902,100,100088,100,99883,100,100104,100,99879,100,,,99833,100,,,,
2019-06-28 09:30:00.000000041,100029,100,100002,100,100048,100,99975,100,100052,100,99966,100,100057,100,99933,200,100073,100,99911,100,100077,100,99902,100,100088,100,99883,100,100104,100,99879,100,100134,100,99833,100,,,,
2019-06-28 09:30:00.000000042,100028,100,100002,100,100029,100,99975,100,100048,100,99966,100,100052,100,99933,200,100057,100,99911,100,100073,100,99902,100,100077,100,99883,100,100088,100,99879,100,100104,100,99833,100,100134,100,,
2019-06-28 09:30:00.000000043,100028,100,100002,100,100029,100,99975,100,100048,100,99966,100,100052,100,99933,200,100057,100,99911,100,100073,100,99902,100,100077,100,99883,100,100088,100,99879,100,100089,100,99833,100,100104,200,,
2019-06-28 09:30:00.000000044,100029,100,100002,100,100048,100,99975,100,100052,100,99966,100,100057,100,99933,200,100073,100,99911,100,100077,100,99902,100,100088,100,99883,100,100089,100,99879,100,100104,200,99833,100,100134,100,,
2019-06-28 09:30:00.000000048,100029,100,100002,100,100048,100,99975,100,100052,100,99966,100,100057,100,99933,200,100073,100,99912,100,100077,100,99911,100,100088,100,99902,100,100089,100,99883,100,100104,200,99879,100,100134,100,99833,100
2019-06-28 09:30:00.000000050,100029,100,100002,100,100040,100,99975,100,100048,100,99966,100,100052,100,99933,200,100057,100,99912,100,100073,100,99911,100,100077,100,99902,100,100088,100,99883,100,100089,100,99879,100,100104,200,99833,100
2019-06-28 09:30:00.000000052,100029,100,100002,100,100040,100,99975,100,100048,100,99966,100,100052,100,99933,200,100057,100,99912,100,100060,100,99911,100,100073,100,99902,100,100077,100,99883,100,100088,100,99879,100,100089,100,99833,100
2019-06-28 09:30:00.000000055,100029,100,99966,100,100040,100,99933,200,100048,100,99912,100,100052,100,99911,100,100057,100,99902,100,100060,100,99883,100,100073,100,99879,100,100077,100,99833,100,100088,100,,,100089,100,,
2019-06-28 09:30:00.000000056,100029,100,99966,100,100040,100,99933,200,100048,100,99912,100,100052,100,99911,100,100057,100,99902,100,100060,100,99883,100,100073,100,99879,100,100077,100,99833,100,100088,100,,,100089,100,,
2019-06-28 09:30:00.000000057,100040,100,99966,100,100048,100,99933,200,100052,100,99912,100,100057,100,99911,100,100060,100,99902,100,100073,100,99883,100,100077,100,99879,100,100088,100,99833,100,100089,100,,,100090,100,,
2019-06-28 09:30:00.000000060,100024,100,99975,100,100040,100,99966,100,100048,100,99933,200,100052,100,99912,100,100057,100,99911,100,100060,100,99902,100,100073,100,99883,100,100077,100,99879,100,100088,100,99833,100,100089,100,,
2019-06-28 09:30:00.000000063,100024,100,99975,100,100040,100,99966,100,100048,100,99933,200,100052,100,99912,100,100057,100,99911,100,100060,100,99902,100,100073,100,99883,100,100077,100,99879,100,100088,100,99842,100,100089,100,99833,100
2019-06-28 09:30:00.000000064,100024,100,99975,100,100040,100,99966,100,100048,100,99933,200,100052,100,99912,100,100057,100,99911,100,100060,100,99902,100,100073,100,99883,100,100077,100,99879,100,100088,100,99876,100,100089,100,99857,100
2019-06-28 09:30:00.000000066,100024,100,99975,200,100040,100,99966,100,100048,100,99933,200,100052,100,99912,100,100057,100,99911,100,100060,100,99902,100,100073,100,99883,100,100077,100,99879,100,100088,100,99876,100,100089,100,99857,100
2019-06-28 09:30:00.000000071,100024,100,99975,200,100040,100,99966,100,100048,100,99933,200,100052,100,99912,100,100057,100,99911,100,100060,100,99909,100,100073,100,99902,100,100077,100,99883,100,100088,100,99879,100,100089,100,99876,100
2019-06-28 09:30:00.000000072,100024,100,99975,200,100040,100,99966,100,100048,100,99933,200,100052,100,99912,100,100057,100,99911,100,100060,100,99909,100,100073,100,99902,200,100077,100,99883,100,100088,100,99879,100,100089,100,99876,100
2019-06-28 09:30:00.000000073,100024,100,99975,200,100040,100,99966,100,100048,100,99933,200,100052,100,99912,100,100057,100,99911,100,100060,100,99909,100,100073,100,99902,200,100077,100,99883,100,100088,100,99879,100,100089,100,99876,100
2019-06-28 09:30:00.000000074,100024,100,99975,200,100029,100,99966,100,100040,100,99933,200,100048,100,99912,100,100052,100,99911,100,100057,100,99909,100,100060,100,99902,200,100073,100,99883,100,100077,100,99879,100,100088,100,99876,100
2019-06-28 09:30:00.000000077,100000,100,99975,200,100024,100,99966,100,100029,100,99933,200,100040,100,99912,100,100048,100,99911,100,100052,100,99909,100,100057,100,99902,200,100060,100,99883,100,100073,100,99879,100,100077,100,99876,100
2019-06-28 09:30:00.000000078,100000,100,99975,200,100024,100,99966,100,100029,100,99964,100,100040,100,99933,200,100048,100,99912,100,100052,100,99911,100,100057,100,99909,100,100060,100,99902,200,100073,100,99883,100,100077,100,99879,100
2019-06-28 09:30:00.000000080,100024,100,100000,100,100029,100,99975,200,100040,100,99966,100,100048,100,99964,100,100052,100,99933,200,100057,100,99912,100,100060,100,99911,100,100073,100,99909,100,100077,100,99902,200,100088,100,99883,100
2019-06-28 09:30:00.000000083,100024,100,100000,100,100029,100,99975,200,100040,100,99966,100,100048,100,99964,100,100052,100,99933,200,100057,100,99912,100,100060,100,99911,100,100073,100,99909,100,100077,100,99902,200,100088,100,99886,100
2019-06-28 09:30:00.000000085,100024,100,100000,100,100029,100,99975,200,100040,100,99966,100,100048,100,99964,100,100052,100,99955,100,100057,100,99933,200,100060,100,99912,100,100073,100,99911,100,100077,100,99909,100,100088,100,99902,200
2019-06-28 09:30:00.000000086,100024,100,100000,100,100029,100,99975,200,100040,100,99966,100,100048,100,99964,100,100052,100,99955,100,100057,100,99933,200,100060,100,99923,100,100073,100,99912,100,100077,100,99911,100,100088,100,99909,100
2019-06-28 09:30:00.000000091,100029,100,100000,100,100040,100,99975,200,100048,100,99966,100,100052,100,99964,100,100056,100,99955,100,100057,100,99933,200,100060,100,99923,100,100073,100,99912,100,100077,100,99911,100,100088,100,99909,100
2019-06-28 09:30:00.000000092,100024,100,100000,100,100029,100,99975,200,100040,100,99966,100,100048,100,99964,100,100052,100,99955,100,100056,100,99933,200,100057,100,99923,100,100060,100,99912,100,100073,100,99911,100,100077,100,99909,100
2019-06-28 09:30:00.000000096,100024,100,100000,100,100029,100,99975,200,100040,100,99966,100,100048,100,99964,100,100052,100,99955,100,100056,100,99933,200,100057,100,99923,100,100060,100,99912,100,100073,100,99911,100,100077,100,99909,100
2019-06-28 09:30:04.181082120,100029,100,100000,100,100040,100,99975,200,100048,100,99966,100,100052,100,99964,100,100056,100,99955,100,100057,100,99933,200,100060,100,99923,100,100073,100,99912,100,100077,100,99911,100,100088,100,99909,100
2019-06-28 09:30:07.411083923,100029,100,100000,100,100040,100,99987,100,100048,100,99975,200,100052,100,99966,100,100056,100,99964,100,100057,100,99955,100,100060,100,99933,200,100077,100,99923,100,100088,100,99912,100,100089,100,99911,100
2019-06-28 09:30:09.808560466,100029,100,100000,100,100040,100,99987,100,100048,100,99975,200,100052,100,99970,100,100056,100,99966,100,100057,100,99964,100,100060,100,99955,100,100077,100,99933,200,100088,100,99923,100,100089,100,99912,100
2019-06-28 09:30:10.000000000,100029,174,100000,174,100040,174,99987,174,100048,174,99975,274,100052,174,99970,174,100056,100,99966,100,100057,100,99964,100,100060,100,99955,100,100077,100,99933,200,100088,100,99923,100,100089,100,99912,100
2019-06-28 09:30:20.000000000,100029,249,100000,249,100040,249,99987,249,100048,100,99975,200,100052,100,99970,100,100056,100,99966,100,100057,100,99964,100,100060,100,99955,100,100077,100,99933,200,100088,100,99923,100,100089,100,99912,100
2019-06-28 09:30:25.476052308,100029,249,100000,249,100040,249,99987,249,100048,100,99975,200,100052,100,99970,100,100056,100,99966,100,100057,100,99964,100,100060,100,99955,100,100077,100,99933,200,100088,100,99923,100,100089,100,99912,100
2019-06-28 09:30:30.000000000,100029,201,100000,201,100040,198,99987,198,100048,198,99975,298,100052,100,99970,100,100056,100,99966,100,100057,100,99964,100,100060,100,99955,100,100077,100,99933,200,100088,100,99923,100,100089,100,99912,100
2019-06-28 09:30:40.000000000,100029,160,100000,160,100040,160,99987,160,100048,160,99975,260,100052,160,99970,160,100056,160,99966,160,100057,100,99964,100,100060,100,99955,100,100077,100,99933,200,100088,100,99923,100,100089,100,99912,100
2019-06-28 09:30:50.000000000,100029,249,100000,249,100040,249,99987,249,100048,100,99975,200,100052,100,99970,100,100056,100,99966,100,100057,100,99964,100,100060,100,99955,100,100077,100,99933,200,100088,100,99923,100,100089,100,99912,100
2019-06-28 09:30:56.635797075,100029,249,100000,149,100040,249,99987,249,100048,100,99975,200,100052,100,99970,100,100056,100,99966,100,100057,100,99964,100,100077,100,99955,100,100088,100,99933,200,100089,100,99923,100,100090,100,99912,100
2019-06-28 09:30:58.472317159,100029,249,100000,49,100040,249,99987,249,100048,100,99975,200,100052,100,99970,100,100056,100,99966,100,100057,100,99964,100,100077,100,99955,100,100088,100,99933,200,100089,100,99923,100,100090,100,99912,100
2019-06-28 09:31:00.000000000,100029,249,99987,249,100040,249,99975,349,100048,100,99970,100,100052,100,99966,100,100056,100,99964,100,100057,100,99955,100,100077,100,99933,200,100088,100,99923,100,100089,100,99912,100,100090,100,99911,100
2019-06-28 09:31:10.000000000,100029,249,99987,249,100040,249,99975,349,100048,100,99970,100,100052,100,99966,100,100056,100,99964,100,100057,100,99955,100,100077,100,99933,200,100088,100,99923,100,100089,100,99912,100,100090,100,99911,100
2019-06-28 09:31:20.000000000,100029,174,99987,174,100040,174,99975,274,100048,174,99970,174,100052,174,99966,174,100056,100,99964,100,100057,100,99955,100,100077,100,99933,200,100088,100,99923,100,100089,100,99912,100,100090,100,99911,100
2019-06-28 09:31:30.000000000,100029,174,99987,174,100040,174,99975,274,100048,174,99970,174,100052,174,99966,174,100056,100,99964,100,100057,100,99955,100,100077,100,99933,200,100088,100,99923,100,100089,100,99912,100,100090,100,99911,100
2019-06-28 09:31:36.177611725,100029,174,99987,74,100040,174,99975,274,100048,174,99970,174,100052,174,99966,174,100056,100,99964,100,100057,100,99955,100,100077,100,99933,200,100088,100,99923,100,100089,100,99912,100,100090,100,99911,100
2019-06-28 09:31:36.217630955,100029,174,99987,74,100040,174,99975,274,100048,174,99970,174,100052,174,99966,174,100056,100,99964,100,100057,100,99955,100,100077,100,99933,200,100088,100,99912,100,100089,100,99911,100,100090,100,99909,100
2019-06-28 09:31:40.000000000,100029,174,99975,274,100040,174,99970,174,100048,174,99966,174,100052,174,99964,174,100056,100,99955,100,100057,100,99933,200,100077,100,99912,100,100088,100,99911,100,100089,100,99909,100,100090,100,99902,200
2019-06-28 09:31:50.000000000,100029,201,99975,301,100040,198,99970,198,100048,198,99966,198,100052,100,99964,100,100056,100,99955,100,100057,100,99933,200,100077,100,99912,100,100088,100,99911,100,100089,100,99909,100,100090,100,99902,200
2019-06-28 09:32:00.000000000,100029,201,99975,301,100040,198,99970,198,100048,198,99966,198,100052,100,99964,100,100056,100,99955,100,100057,100,99933,200,100077,100,99912,100,100088,100,99911,100,100089,100,99909,100,100090,100,99902,200
2019-06-28 09:32:10.000000000,100029,249,99975,349,100040,249,99970,249,100048,100,99966,100,100052,100,99964,100,100056,100,99955,100,100057,100,99933,200,100077,100,99912,100,100088,100,99911,100,100089,100,99909,100,100090,100,99902,200
2019-06-28 09:32:20.000000000,100029,201,99975,301,100040,198,99970,198,100048,198,99966,198,100052,100,99964,100,100056,100,99955,100,100057,100,99933,200,100077,100,99912,100,100088,100,99911,100,100089,100,99909,100,100090,100,99902,200
2019-06-28 09:32:26.158342286,100029,201,99975,301,100040,198,99970,198,100048,98,99966,198,100052,100,99964,100,100056,100,99955,100,100057,100,99933,200,100077,100,99912,100,100088,100,99911,100,100089,100,99909,100,100090,100,99902,200
2019-06-28 09:32:30.000000000,100029,160,99975,260,100040,160,99970,160,100052,160,99966,160,100056,160,99964,160,100057,160,99955,160,100077,100,99933,200,100088,100,99912,100,100089,100,99911,100,100090,100,99909,100,100091,100,99902,200
2019-06-28 09:32:30.019051309,100029,160,99975,160,100040,160,99970,160,100052,160,99966,160,100056,160,99964,160,100057,160,99955,160,100077,100,99933,200,100088,100,99912,100,100089,100,99911,100,100090,100,99909,100,100091,100,99902,200
2019-06-28 09:32:31.553980414,100029,160,99975,160,100040,160,99970,160,100052,160,99966,160,100056,160,99964,160,100057,160,99955,160,100077,100,99933,200,100088,100,99912,100,100089,100,99911,100,100090,100,99909,100,100091,100,99902,200
2019-06-28 09:32:40.000000000,100029,174,99975,174,100040,174,99970,174,100052,174,99966,174,100056,174,99964,174,100057,100,99955,100,100077,100,99933,200,100088,100,99912,100,100089,100,99911,100,100090,100,99909,100,100091,100,99902,200
2019-06-28 09:32:50.000000000,100029,160,99975,160,100040,160,99970,160,100052,160,99966,160,100056,160,99964,160,100057,160,99955,160,100077,100,99933,200,100088,100,99912,100,100089,100,99911,100,100090,100,99909,100,100091,100,99902,200
2019-06-28 09:33:00.000000000,100029,398,99975,398,100040,100,99970,100,100052,100,99966,100,100056,100,99964,100,100057,100,99955,100,100077,100,99933,200,100088,100,99912,100,100089,100,99911,100,100090,100,99909,100,100091,100,99902,200
2019-06-28 09:33:10.000000000,100029,398,99975,398,100040,100,99970,100,100052,100,99966,100,100056,100,99964,100,100057,100,99955,100,100077,100,99933,200,100088,100,99912,100,100089,100,99911,100,100090,100,99909,100,100091,100,99902,200
2019-06-28 09:33:20.000000000,100029,398,99975,398,100040,100,99970,100,100052,100,99966,100,100056,100,99964,100,100057,100,99955,100,100077,100,99933,200,100088,100,99912,100,100089,100,99911,100,100090,100,99909,100,100091,100,99902,200
2019-06-28 09:33:27.063250214,100029,398,99975,298,100040,100,99970,100,100052,100,99966,100,100056,100,99964,100,100057,100,99955,100,100077,100,99933,100,100088,100,99912,100,100089,100,99911,100,100090,100,99909,100,100091,100,99902,200
2019-06-28 09:33:30.000000000,100029,249,99970,249,100040,249,99966,249,100052,100,99964,100,100056,100,99955,100,100057,100,99933,100,100077,100,99912,100,100088,100,99911,100,100089,100,99909,100,100090,100,99902,200,100091,100,99886,100
2019-06-28 09:33:30.527413616,99975,100,99970,249,100029,249,99966,249,100040,249,99964,100,100052,100,99955,100,100056,100,99933,100,100057,100,99912,100,100077,100,99911,100,100088,100,99909,100,100089,100,99902,200,100090,100,99886,100
2019-06-28 09:33:40.000000000,99975,174,99970,174,100029,174,99966,174,100040,174,99964,174,100052,174,99955,174,100056,100,99933,100,100057,100,99912,100,100077,100,99911,100,100088,100,99909,100,100089,100,99902,200,100090,100,99886,100
2019-06-28 09:33:50.000000000,99975,174,99970,174,100029,174,99966,174,100040,174,99964,174,100052,174,99955,174,100056,100,99933,100,100057,100,99912,100,100077,100,99911,100,100088,100,99909,100,100089,100,99902,200,100090,100,99886,100
2019-06-28 09:33:56.982478067,99975,174,99970,174,100029,174,99966,174,100040,174,99964,174,100052,174,99955,174,100056,100,99933,100,100057,100,99912,100,100077,100,99911,100,100088,100,99909,100,100089,100,99902,100,100090,100,99886,100
2019-06-28 09:34:00.000000000,99975,249,99970,249,100029,249,99966,249,100040,100,99964,100,100052,100,99955,100,100056,100,99933,100,100057,100,99912,100,100077,100,99911,100,100088,100,99909,100,100089,100,99902,100,100090,100,99886,100
2019-06-28 09:34:06.784503146,99975,249,99970,149,100029,249,99966,249,100040,100,99964,100,100052,100,99955,100,100056,100,99933,100,100057,100,99912,100,100077,100,99911,100,100088,100,99909,100,100089,100,99902,100,100090,100,99886,100
2019-06-28 09:34:10.000000000,99975,174,99966,174,100029,174,99964,174,100040,174,99955,174,100052,174,99933,174,100056,100,99912,100,100057,100,99911,100,100077,100,99909,100,100088,100,99902,100,100089,100,99886,100,100090,100,99883,100
2019-06-28 09:34:20.000000000,99975,398,99966,398,100029,100,99964,100,100040,100,99955,100,100052,100,99933,100,100056,100,99912,100,100057,100,99911,100,100077,100,99909,100,100088,100,99902,100,100089,100,99886,100,100090,100,99883,100
2019-06-28 09:34:30.000000000,99975,249,99966,249,100029,249,99964,249,100040,100,99955,100,100052,100,99933,100,100056,100,99912,100,100057,100,99911,100,100077,100,99909,100,100088,100,99902,100,100089,100,99886,100,100090,100,99883,100
2019-06-28 09:34:40.000000000,99975,249,99966,249,100029,249,99964,249,100040,100,99955,100,100052,100,99933,100,100056,100,99912,100,100057,100,99911,100,100077,100,99909,100,100088,100,99902,100,100089,100,99886,100,100090,100,99883,100
2019-06-28 09:34:41.465976904,99975,249,99966,149,100029,249,99964,249,100040,100,99955,100,100052,100,99933,100,100056,100,99912,100,100057,100,99911,100,100077,100,99909,100,100088,100,99902,100,100089,100,99886,100,100090,100,99883,100
2019-06-28 09:34:42.810222383,99975,249,99966,49,100029,249,99964,249,100040,100,99933,100,100052,100,99912,100,100056,100,99911,100,100057,100,99909,100,100077,100,99902,100,100088,100,99886,100,100089,100,99883,100,100090,100,99879,100
2019-06-28 09:34:46.838339905,99975,249,99966,49,100029,249,99964,249,100040,100,99933,100,100052,100,99912,100,100056,100,99909,100,100057,100,99902,100,100077,100,99886,100,100088,100,99883,100,100089,100,99879,100,100090,100,99833,100
2019-06-28 09:34:50.000000000,99975,174,99964,174,100029,174,99933,174,100040,174,99912,174,100052,174,99909,174,100056,100,99902,100,100057,100,99886,100,100077,100,99883,100,100088,100,99879,100,100089,100,99833,100,100090,100,99831,100
2019-06-28 09:34:57.330342800,99975,174,99964,74,100029,174,99933,174,100040,174,99912,174,100052,174,99909,174,100056,100,99902,100,100057,100,99886,100,100077,100,99883,100,100088,100,99879,100,100089,100,99833,100,100090,100,99831,100
2019-06-28 09:35:00.000000000,99975,174,99933,174,100029,174,99912,174,100040,174,99909,174,100052,174,99902,174,100056,100,99886,100,100057,100,99883,100,100077,100,99879,100,100088,100,99833,100,100089,100,99831,100,100090,100,99740,100
2019-06-28 09:35:02.748200047,99975,174,99933,174,100029,174,99912,174,100040,174,99909,174,100052,174,99902,174,100056,100,99886,100,100057,100,99883,100,100077,100,99879,100,100088,100,99833,100,100089,100,99831,100,100090,100,99740,100
2019-06-28 09:35:10.000000000,99975,201,99933,201,100029,198,99912,198,100040,198,99909,198,100052,100,99902,100,100056,100,99886,100,100057,100,99883,100,100077,100,99879,100,100088,100,99833,100,100089,100,99831,100,100090,100,99740,100
2019-06-28 09:35:14.662741607,99975,201,99933,201,100029,198,99912,198,100040,198,99909,198,100052,100,99902,100,100056,100,99886,100,100057,100,99883,100,100077,100,99879,100,100088,100,99833,100,100089,100,99831,100,100090,100,99740,100
2019-06-28 09:35:17.245302084,99975,201,99933,201,100029,198,99912,198,100040,198,99909,198,100056,100,99902,100,100057,100,99886,100,100077,100,99883,100,100088,100,99879,100,100089,100,99833,100,100090,100,99831,100,100091,100,99740,100
2019-06-28 09:35:20.000000000,99975,160,99933,160,100029,160,99912,160,100040,160,99909,160,100056,160,99902,160,100057,160,99886,160,100077,100,99883,100,100088,100,99879,100,100089,100,99833,100,100090,100,99831,100,100091,100,99740,100
2019-06-28 09:35:30.000000000,99975,398,99933,398,100029,100,99912,100,100040,100,99909,100,100056,100,99902,100,100057,100,99886,100,100077,100,99883,100,100088,100,99879,100,100089,100,99833,100,100090,100,99831,100,100091,100,99740,100
2019-06-28 09:35:40.000000000,99975,160,99933,160,100029,160,99912,160,100040,160,99909,160,100056,160,99902,160,100057,160,99886,160,100077,100,99883,100,100088,100,99879,100,100089,100,99833,100,100090,100,99831,100,100091,100,99740,100
2019-06-28 09:35:50.000000000,99975,160,99933,160,100029,160,99912,160,100040,160,99909,160,100056,160,99902,160,100057,160,99886,160,100077,100,99883,100,100088,100,99879,100,100089,100,99833,100,100090,100,99831,100,100091,100,99740,100
2019-06-28 09:35:59.573245009,99966,100,99933,160,99975,60,99912,160,100029,160,99909,160,100040,160,99902,160,100056,160,99886,160,100057,160,99883,100,100077,100,99879,100,100088,100,99833,100,100089,100,99831,100,100090,100,99740,100
2019-06-28 09:36:00.000000000,99966,174,99933,174,100029,174,99912,174,100040,174,99909,174,100056,174,99902,174,100057,100,99886,100,100077,100,99883,100,100088,100,99879,100,100089,100,99833,100,100090,100,99831,100,100091,100,99740,100
2019-06-28 09:36:10.000000000,99966,201,99933,201,100029,198,99912,198,100040,198,99909,198,100056,100,99902,100,100057,100,99886,100,100077,100,99883,100,100088,100,99879,100,100089,100,99833,100,100090,100,99831,100,100091,100,99740,100
2019-06-28 09:36:20.000000000,99966,160,99933,160,100029,160,99912,160,100040,160,99909,160,100056,160,99902,160,100057,160,99886,160,100077,100,99883,100,100088,100,99879,100,100089,100,99833,100,100090,100,99831,100,100091,100,99740,100
2019-06-28 09:36:21.226835372,99966,160,99933,60,100029,160,99912,160,100040,160,99909,160,100056,160,99902,160,100057,160,99886,160,100077,100,99883,100,100088,100,99879,100,100089,100,99833,100,100090,100,99831,100,100091,100,99740,100
2019-06-28 09:36:30.000000000,99966,174,99912,174,100029,174,99909,174,100040,174,99902,174,100056,174,99886,174,100057,100,99883,100,100077,100,99879,100,100088,100,99833,100,100089,100,99831,100,100090,100,99740,100,100091,100,99714,100
2019-06-28 09:36:37.089218286,99966,174,99912,74,100029,174,99909,174,100040,174,99902,174,100056,174,99886,174,100057,100,99883,100,100077,100,99879,100,100088,100,99833,100,100089,100,99831,100,100090,100,99740,100,100091,100,99593,100
2019-06-28 09:36:40.000000000,99966,174,99909,174,100029,174,99902,174,100040,174,99886,174,100056,174,99883,174,100057,100,99879,100,100077,100,99833,100,100088,100,99831,100,100089,100,99740,100,100090,100,99593,100,100091,100,99197,100
2019-06-28 09:36:50.000000000,99966,398,99909,398,100029,100,99902,100,100040,100,99886,100,100056,100,99883,100,100057,100,99879,100,100077,100,99833,100,100088,100,99831,100,100089,100,99740,100,100090,100,99593,100,100091,100,99197,100
2019-06-28 09:36:51.123605155,99966,398,99909,398,100029,100,99902,100,100040,100,99886,100,100056,100,99883,100,100057,100,99879,100,100077,100,99833,100,100088,100,99831,100,100089,100,99740,100,100090,100,99593,100,100091,100,99367,100
2019-06-28 09:37:00.000000000,99966,398,99909,398,100029,100,99902,100,100040,100,99886,100,100056,100,99883,100,100057,100,99879,100,100077,100,99833,100,100088,100,99831,100,100089,100,99740,100,100090,100,99593,100,100091,100,99367,100
2019-06-28 09:37:10.000000000,99966,249,99909,249,100029,249,99902,249,100040,100,99886,100,100056,100,99883,100,100057,100,99879,100,100077,100,99833,100,100088,100,99831,100,100089,100,99740,100,100090,100,99593,100,100091,100,99367,100
2019-06-28 09:37:20.000000000,99966,160,99909,160,100029,160,99902,160,100040,160,99886,160,100056,160,99883,160,100057,160,99879,160,100077,100,99833,100,100088,100,99831,100,100089,100,99740,100,100090,100,99593,100,100091,100,99367,100
2019-06-28 09:37:21.577195731,99933,100,99909,160,99966,160,99902,160,100029,160,99886,160,100040,160,99883,160,100056,160,99879,160,100057,160,99833,100,100077,100,99831,100,100088,100,99740,100,100089,100,99593,100,100090,100,99367,100
2019-06-28 09:37:30.000000000,99933,160,99909,160,99966,160,99902,160,100029,160,99886,160,100040,160,99883,160,100056,160,99879,160,100057,100,99833,100,100077,100,99831,100,100088,100,99740,100,100089,100,99593,100,100090,100,99367,100
2019-06-28 09:37:32.111179406,99933,160,99909,60,99966,160,99902,160,100029,160,99886,160,100040,160,99883,160,100056,160,99879,160,100057,100,99833,100,100077,100,99831,100,100088,100,99740,100,100089,100,99593,100,100090,100,99367,100
2019-06-28 09:37:40.000000000,99933,174,99902,174,99966,174,99886,174,100029,174,99883,174,100040,174,99879,174,100056,100,99833,100,100057,100,99831,100,100077,100,99740,100,100088,100,99593,100,100089,100,99367,100,100090,100,99197,100
2019-06-28 09:37:43.718885467,99933,174,99902,174,99966,174,99886,174,100029,174,99883,174,100040,174,99879,174,100056,100,99833,100,100057,100,99831,100,100077,100,99740,100,100088,100,99593,100,100089,100,99367,100,100090,100,99197,100
2019-06-28 09:37:50.000000000,99933,201,99902,201,99966,198,99886,198,100029,198,99883,198,100040,100,99879,100,100056,100,99833,100,100057,100,99831,100,100077,100,99740,100,100088,100,99593,100,100089,100,99367,100,100090,100,99197,100
2019-06-28 09:37:54.601154070,99933,201,99902,201,99966,198,99886,198,100029,198,99883,198,100040,100,99879,100,100056,100,99833,100,100057,100,99831,100,100077,100,99740,100,100088,100,99593,100,100089,100,99367,100,100090,100,99197,100
2019-06-28 09:38:00.000000000,99933,249,99902,249,99966,249,99886,249,100029,100,99883,100,100040,100,99879,100,100056,100,99833,100,100057,100,99831,100,100077,100,99740,100,100088,100,99593,100,100089,100,99367,100,100090,100,99197,100
2019-06-28 09:38:08.496937890,99933,249,99902,149,99966,249,99886,249,100029,100,99883,100,100040,100,99879,100,100056,100,99833,100,100057,100,99831,100,100077,100,99740,100,100088,100,99593,100,100089,100,99367,100,100090,100,99197,100
2019-06-28 09:38:10.000000000,99933,201,99886,201,99966,198,99883,198,100029,198,99879,198,100040,100,99833,100,100056,100,99831,100,100057,100,99740,100,100077,100,99593,100,100088,100,99367,100,100089,100,99197,100,100090,100,99182,100
2019-06-28 09:38:12.742064884,99933,201,99886,101,99966,198,99883,198,100029,198,99879,198,100040,100,99833,100,100056,100,99831,100,100057,100,99740,100,100077,100,99593,100,100088,100,99367,100,100089,100,99197,100,100090,100,99182,100
2019-06-28 09:38:20.000000000,99933,174,99883,174,99966,174,99879,174,100029,174,99833,174,100040,174,99831,174,100056,100,99740,100,100057,100,99593,100,100077,100,99367,100,100088,100,99197,100,100089,100,99182,100,100090,100,99092,100
2019-06-28 09:38:30.000000000,99933,160,99883,160,99966,160,99879,160,100029,160,99833,160,100040,160,99831,160,100056,160,99740,160,100057,100,99593,100,100077,100,99367,100,100088,100,99197,100,100089,100,99182,100,100090,100,99092,100
2019-06-28 09:38:40.000000000,99933,174,99883,174,99966,174,99879,174,100029,174,99833,174,100040,174,99831,174,100056,100,99740,100,100057,100,99593,100,100077,100,99367,100,100088,100,99197,100,100089,100,99182,100,100090,100,99092,100
2019-06-28 09:38:40.940474471,99933,174,99883,174,99966,174,99879,174,100029,174,99833,174,100040,174,99831,174,100056,100,99740,100,100057,100,99593,100,100077,100,99367,100,100088,100,99197,100,100089,100,99182,100,100090,100,99092,100
2019-06-28 09:38:50.000000000,99933,398,99883,398,99966,100,99879,100,100029,100,99833,100,100040,100,99831,100,100056,100,99740,100,100057,100,99593,100,100077,100,99367,100,100088,100,99197,100,100089,100,99182,100,100090,100,99092,100
2019-06-28 09:39:00.000000000,99933,398,99883,398,99966,100,99879,100,100029,100,99833,100,100040,100,99831,100,100056,100,99740,100,100057,100,99593,100,100077,100,99367,100,100088,100,99197,100,100089,100,99182,100,100090,100,99092,100
2019-06-28 09:39:02.175747551,99933,398,99883,398,99966,100,99879,100,100029,100,99833,100,100040,100,99831,100,100056,100,99740,100,100057,100,99593,100,100077,100,99367,100,100088,100,99197,100,100089,100,99182,100,100090,100,99092,100
2019-06-28 09:39:10.000000000,99933,201,99883,201,99966,198,99879,198,100029,198,99833,198,100040,100,99831,100,100056,100,99740,100,100057,100,99593,100,100077,100,99367,100,100088,100,99197,100,100089,100,99182,100,100090,100,99092,100
2019-06-28 09:39:20.000000000,99933,174,99883,174,99966,174,99879,174,100029,174,99833,174,100040,174,99831,174,100056,100,99740,100,100057,100,99593,100,100077,100,99367,100,100088,100,99197,100,100089,100,99182,100,100090,100,99092,100
2019-06-28 09:39:30.000000000,99933,398,99883,398,99966,100,99879,100,100029,100,99833,100,100040,100,99831,100,100056,100,99740,100,100057,100,99593,100,100077,100,99367,100,100088,100,99197,100,100089,100,99182,100,100090,100,99092,100
2019-06-28 09:39:40.000000000,99933,160,99883,160,99966,160,99879,160,100029,160,99833,160,100040,160,99831,160,100056,160,99740,160,100057,100,99593,100,100077,100,99367,100,100088,100,99197,100,100089,100,99182,100,100090,100,99092,100
2019-06-28 09:39:42.702310800,99933,160,99883,160,99966,160,99879,160,100029,160,99833,160,100040,160,99831,160,100056,160,99740,60,100057,100,99593,100,100077,100,99367,100,100088,100,99197,100,100089,100,99182,100,100090,100,99092,100
2019-06-28 09:39:50.000000000,99933,201,99883,201,99966,198,99879,198,100029,198,99833,198,100040,100,99831,100,100056,100,99593,100,100057,100,99367,100,100077,100,99197,100,100088,100,99182,100,100089,100,99092,100,100090,100,99089,100
2019-06-28 09:39:55.252949721,99933,201,99883,101,99966,198,99879,98,100029,198,99833,198,100040,100,99831,100,100056,100,99593,100,100057,100,99367,100,100077,100,99197,100,100088,100,99182,100,100089,100,99092,100,100090,100,99089,100
2019-06-28 09:39:56.760250361,99933,201,99883,1,99966,198,99879,98,100029,198,99833,198,100040,100,99831,100,100056,100,99593,100,100057,100,99367,100,100077,100,99197,100,100088,100,99182,100,100089,100,99092,100,100090,100,99089,100
2019-06-28 09:40:00.000000000,99933,160,99833,160,99966,160,99831,160,100029,160,99593,160,100040,160,99367,160,100056,160,99197,160,100057,100,99182,100,100077,100,99092,100,100088,100,99089,100,100089,100,99018,100,100090,100,98785,100
2019-06-28 09:40:07.905117572,99933,160,99833,160,99966,160,99831,60,100029,160,99593,160,100040,160,99367,160,100056,160,99197,160,100057,100,99182,100,100077,100,99092,100,100088,100,99089,100,100089,100,99018,100,100090,100,98785,100
2019-06-28 09:40:10.000000000,99933,160,99833,160,99966,160,99593,160,100029,160,99367,160,100040,160,99197,160,100056,160,99182,160,100057,100,99092,100,100077,100,99089,100,100088,100,99018,100,100089,100,98785,100,100090,100,98279,100
2019-06-28 09:40:20.000000000,99933,160,99833,160,99966,160,99593,160,100029,160,99367,160,100040,160,99197,160,100056,160,99182,160,100057,100,99092,100,100077,100,99089,100,100088,100,99018,100,100089,100,98785,100,100090,100,98279,100
2019-06-28 09:40:30.000000000,99933,201,99833,201,99966,198,99593,198,100029,198,99367,198,100040,100,99197,100,100056,100,99182,100,100057,100,99092,100,100077,100,99089,100,100088,100,99018,100,100089,100,98785,100,100090,100,98279,100
2019-06-28 09:40:35.515558204,99933,201,99833,101,99966,198,99593,198,100029,198,99367,198,100040,100,99197,100,100056,100,99182,100,100057,100,99092,100,100077,100,99089,100,100088,100,99018,100,100089,100,98785,100,100090,100,98279,100
2019-06-28 09:40:40.000000000,99933,174,99593,174,99966,174,99367,174,100029,174,99197,174,100040,174,99182,174,100056,100,99092,100,100057,100,99089,100,100077,100,99018,100,100088,100,98785,100,100089,100,98279,100,100090,100,98158,100
2019-06-28 09:40:50.000000000,99933,160,99593,160,99966,160,99367,160,100029,160,99197,160,100040,160,99182,160,100056,160,99092,160,100057,100,99089,100,100077,100,99018,100,100088,100,98785,100,100089,100,98279,100,100090,100,98158,100
2019-06-28 09:40:53.386522788,99883,100,99593,160,99933,160,99367,160,99966,160,99197,160,100029,160,99182,160,100040,160,99092,160,100056,160,99089,100,100057,100,99018,100,100077,100,98785,100,100088,100,98279,100,100089,100,98158,100
2019-06-28 09:41:00.000000000,99883,201,99593,201,99933,198,99367,198,99966,198,99197,198,100029,100,99182,100,100040,100,99092,100,100056,100,99089,100,100057,100,99018,100,100077,100,98785,100,100088,100,98279,100,100089,100,98158,100
2019-06-28 09:41:10.000000000,99883,398,99593,398,99933,100,99367,100,99966,100,99197,100,100029,100,99182,100,100040,100,99092,100,100056,100,99089,100,100057,100,99018,100,100077,100,98785,100,100088,100,98279,100,100089,100,98158,100
2019-06-28 09:41:12.959783899,99883,398,99593,398,99933,100,99367,100,99966,100,99197,100,100029,100,99182,100,100040,100,99092,100,100056,100,99089,100,100057,100,99018,100,100077,100,98785,100,100088,100,98279,100,100089,100,98158,100
2019-06-28 09:41:20.000000000,99883,249,99593,249,99933,249,99367,249,99966,100,99197,100,100029,100,99182,100,100040,100,99092,100,100056,100,99089,100,100057,100,99018,100,100077,100,98785,100,100088,100,98279,100,100089,100,98158,100
2019-06-28 09:41:26.840426951,99883,249,99593,149,99933,249,99367,249,99966,100,99197,100,100029,100,99182,100,100040,100,99092,100,100056,100,99089,100,100057,100,99018,100,100077,100,98279,100,100088,100,98158,100,100089,100,,
2019-06-28 09:41:28.973818196,99883,249,99593,49,99933,249,99367,249,99966,100,99197,100,100029,100,99182,100,100040,100,99092,100,100056,100,99089,100,100057,100,99018,100,100077,100,98279,100,100088,100,98158,100,100089,100,,
2019-06-28 09:41:30.000000000,99883,398,99367,398,99933,100,99197,100,99966,100,99182,100,100029,100,99092,100,100040,100,99089,100,100056,100,99018,100,100057,100,98279,100,100077,100,98158,100,100088,100,,,100089,100,,
2019-06-28 09:41:39.422349219,99883,398,99367,298,99933,100,99197,100,99966,100,99182,100,100029,100,99092,100,100040,100,99089,100,100056,100,99018,100,100057,100,98279,100,100077,100,98158,100,100088,100,,,100089,100,,
2019-06-28 09:41:40.000000000,99883,398,99197,398,99933,100,99182,100,99966,100,99092,100,100029,100,99089,100,100040,100,99018,100,100056,100,98279,100,100057,100,98158,100,100077,100,,,100088,100,,,100089,100,,
2019-06-28 09:41:47.836829168,99883,398,99197,398,99933,100,99182,100,99966,100,99092,100,100040,100,99089,100,100056,100,99018,100,100057,100,98279,100,100077,100,98158,100,100088,100,,,100089,100,,,100090,100,,
2019-06-28 09:41:50.000000000,99883,398,99197,398,99933,100,99182,100,99966,100,99092,100,100040,100,99089,100,100056,100,99018,100,100057,100,98279,100,100077,100,98158,100,100088,100,,,100089,100,,,100090,100,,
2019-06-28 09:42:00.000000000,99883,201,99197,201,99933,198,99182,198,99966,198,99092,198,100040,100,99089,100,100056,100,99018,100,100057,100,98279,100,100077,100,98158,100,100088,100,,,100089,100,,,100090,100,,
2019-06-28 09:42:04.099497302,99883,201,99197,101,99933,198,99182,198,99966,198,99092,198,100040,100,99089,100,100056,100,99018,100,100057,100,98279,100,100077,100,98158,100,100088,100,,,100089,100,,,100090,100,,
2019-06-28 09:42:09.402541630,99883,201,99197,1,99933,198,99182,198,99966,198,99092,198,100040,100,99089,100,100056,100,99018,100,100057,100,98279,100,100077,100,,,100088,100,,,100089,100,,,100090,100,,
2019-06-28 09:42:10.000000000,99883,249,99182,249,99933,249,99092,249,99966,100,99089,100,100040,100,99018,100,100056,100,98279,100,100057,100,,,100077,100,,,100088,100,,,100089,100,,,100090,100,,
2019-06-28 09:42:20.000000000,99883,201,99182,201,99933,198,99092,198,99966,198,99089,198,100040,100,99018,100,100056,100,98279,100,100057,100,,,100077,100,,,100088,100,,,100089,100,,,100090,100,,
2019-06-28 09:42:23.506781772,99883,201,99182,201,99933,198,99092,198,99966,198,99089,198,100040,100,99018,100,100056,100,98453,100,100057,100,98279,100,100077,100,,,100088,100,,,100089,100,,,100090,100,,
2019-06-28 09:42:27.682488150,99883,201,99182,101,99933,198,99092,198,99966,198,99089,198,100040,100,99018,100,100056,100,98453,100,100057,100,98279,100,100088,100,,,100089,100,,,100090,100,,,100134,100,,
2019-06-28 09:42:30.000000000,99883,160,99092,160,99933,160,99089,160,99966,160,99018,160,100040,160,98453,160,100056,160,98279,160,100057,100,,,100088,100,,,100089,100,,,100090,100,,,100134,100,,
2019-06-28 09:42:30.852459485,99883,160,99092,160,99933,160,99089,160,99966,160,99018,160,100040,160,98496,100,100056,160,98453,160,100057,100,98279,160,100088,100,,,100089,100,,,100090,100,,,100134,100,,
2019-06-28 09:42:40.000000000,99883,249,99092,249,99933,249,99089,249,99966,100,99018,100,100040,100,98496,100,100056,100,98453,100,100057,100,98279,100,100088,100,,,100089,100,,,100090,100,,,100134,100,,
2019-06-28 09:42:43.724450695,99883,249,99092,249,99933,249,99089,249,99966,100,99018,100,100040,100,98838,100,100056,100,98496,100,100057,100,98453,100,100088,100,98279,100,100089,100,,,100090,100,,,100134,100,,
2019-06-28 09:42:50.000000000,99883,201,99092,201,99933,198,99089,198,99966,198,99018,198,100040,100,98838,100,100056,100,98496,100,100057,100,98453,100,100088,100,98279,100,100089,100,,,100090,100,,,100134,100,,
2019-06-28 09:42:55.736514955,99883,201,99092,201,99933,198,99089,198,99966,198,99018,198,100040,100,98838,100,100056,100,98589,100,100057,100,98496,100,100088,100,98453,100,100089,100,98279,100,100090,100,,,100134,100,,
2019-06-28 09:43:00.000000000,99883,249,99092,249,99933,249,99089,249,99966,100,99018,100,100040,100,98838,100,100056,100,98589,100,100057,100,98496,100,100088,100,98453,100,100089,100,98279,100,100090,100,,,100134,100,,
2019-06-28 09:43:03.168811908,99883,249,99092,149,99933,249,99089,249,99966,100,99018,100,100040,100,98838,100,100056,100,98589,100,100057,100,98496,100,100088,100,98453,100,100089,100,98279,100,100090,100,,,100134,100,,
2019-06-28 09:43:10.000000000,99883,398,99089,398,99933,100,99018,100,99966,100,98838,100,100040,100,98589,100,100056,100,98496,100,100057,100,98453,100,100088,100,98279,100,100089,100,,,100090,100,,,100134,100,,
2019-06-28 09:43:15.356344791,99883,398,99089,398,99933,100,99018,100,99966,100,98887,100,100040,100,98589,100,100056,100,98496,100,100057,100,98453,100,100088,100,98279,100,100089,100,,,100090,100,,,100134,100,,
2019-06-28 09:43:20.000000000,99883,160,99089,160,99933,160,99018,160,99966,160,98887,160,100040,160,98589,160,100056,160,98496,160,100057,100,98453,100,100088,100,98279,100,100089,100,,,100090,100,,,100134,100,,
2019-06-28 09:43:30.000000000,99883,398,99089,398,99933,100,99018,100,99966,100,98887,100,100040,100,98589,100,100056,100,98496,100,100057,100,98453,100,100088,100,98279,100,100089,100,,,100090,100,,,100134,100,,
2019-06-28 09:43:40.000000000,99883,160,99089,160,99933,160,99018,160,99966,160,98887,160,100040,160,98589,160,100056,160,98496,160,100057,100,98453,100,100088,100,98279,100,100089,100,,,100090,100,,,100134,100,,
2019-06-28 09:43:50.000000000,99883,249,99089,249,99933,249,99018,249,99966,100,98887,100,100040,100,98589,100,100056,100,98496,100,100057,100,98453,100,100088,100,98279,100,100089,100,,,100090,100,,,100134,100,,
2019-06-28 09:44:00.000000000,99883,249,99089,249,99933,249,99018,249,99966,100,98887,100,100040,100,98589,100,100056,100,98496,100,100057,100,98453,100,100088,100,98279,100,100089,100,,,100090,100,,,100134,100,,
2019-06-28 09:44:02.920206877,99883,249,99089,249,99933,249,99018,249,99966,100,98887,100,100040,100,98815,100,100056,100,98589,100,100057,100,98496,100,100088,100,98453,100,100089,100,98279,100,100090,100,,,100134,100,,
2019-06-28 09:44:04.367537365,99883,249,99089,149,99933,249,99018,249,99966,100,98887,100,100040,100,98815,100,100056,100,98589,100,100057,100,98496,100,100088,100,98453,100,100089,100,98279,100,100090,100,,,100134,100,,
2019-06-28 09:44:10.000000000,99883,160,99018,160,99933,160,98887,160,99966,160,98815,160,100040,160,98589,160,100056,160,98496,160,100057,100,98453,100,100088,100,98279,100,100089,100,,,100090,100,,,100134,100,,
2019-06-28 09:44:20.000000000,99883,160,99018,160,99933,160,98887,160,99966,160,98815,160,100040,160,98589,160,100056,160,98496,160,100057,100,98453,100,100088,100,98279,100,100089,100,,,100090,100,,,100134,100,,
2019-06-28 09:44:30.000000000,99883,249,99018,249,99933,249,98887,249,99966,100,98815,100,100040,100,98589,100,100056,100,98496,100,100057,100,98453,100,100088,100,98279,100,100089,100,,,100090,100,,,100134,100,,
2019-06-28 09:44:40.000000000,99883,249,99018,249,99933,249,98887,249,99966,100,98815,100,100040,100,98589,100,100056,100,98496,100,100057,100,98453,100,100088,100,98279,100,100089,100,,,100090,100,,,100134,100,,
2019-06-28 09:44:43.479355284,99883,249,99018,149,99933,249,98887,249,99966,100,98815,100,100040,100,98589,100,100056,100,98496,100,100057,100,98453,100,100088,100,98279,100,100089,100,,,100090,100,,,100134,100,,
2019-06-28 09:44:50.000000000,99883,201,98887,201,99933,198,98815,198,99966,198,98589,198,100040,100,98496,100,100056,100,98453,100,100057,100,98279,100,100088,100,,,100089,100,,,100090,100,,,100134,100,,
2019-06-28 09:45:00.000000000,99883,249,98887,249,99933,249,98815,249,99966,100,98589,100,100040,100,98496,100,100056,100,98453,100,100057,100,98279,100,100088,100,,,100089,100,,,100090,100,,,100134,100,,
2019-06-28 09:45:05.828218752,99883,249,98887,249,99933,249,98815,249,99966,100,98589,100,100040,100,98574,100,100056,100,98496,100,100057,100,98453,100,100088,100,98279,100,100089,100,,,100090,100,,,100134,100,,
2019-06-28 09:45:10.000000000,99883,201,98887,201,99933,198,98815,198,99966,198,98589,198,100040,100,98574,100,100056,100,98496,100,100057,100,98453,100,100088,100,98279,100,100089,100,,,100090,100,,,100134,100,,
2019-06-28 09:45:20.000000000,99883,174,98887,174,99933,174,98815,174,99966,174,98589,174,100040,174,98574,174,100056,100,98496,100,100057,100,98453,100,100088,100,98279,100,100089,100,,,100090,100,,,100134,100,,
2019-06-28 09:45:30.000000000,99883,249,98887,249,99933,249,98815,249,99966,100,98589,100,100040,100,98574,100,100056,100,98496,100,100057,100,98453,100,100088,100,98279,100,100089,100,,,100090,100,,,100134,100,,
2019-06-28 09:45:40.000000000,99883,201,98887,201,99933,198,98815,198,99966,198,98589,198,100040,100,98574,100,100056,100,98496,100,100057,100,98453,100,100088,100,98279,100,100089,100,,,100090,100,,,100134,100,,
2019-06-28 09:45:50.000000000,99883,249,98887,249,99933,249,98815,249,99966,100,98589,100,100040,100,98574,100,100056,100,98496,100,100057,100,98453,100,100088,100,98279,100,100089,100,,,100090,100,,,100134,100,,
2019-06-28 09:45:54.404173530,99883,249,98887,249,99933,149,98815,249,99966,100,98589,100,100040,100,98574,100,100056,100,98496,100,100057,100,98453,100,100088,100,98279,100,100089,100,,,100090,100,,,100134,100,,
2019-06-28 09:45:57.446007657,99883,249,98887,249,99933,149,98815,249,99966,100,98589,100,100040,100,98574,100,100056,100,98496,100,100057,100,98453,100,100088,100,98279,100,100089,100,98165,100,100090,100,,,100134,100,,
2019-06-28 09:45:57.449817618,99089,100,98887,249,99883,249,98815,249,99933,149,98589,100,100040,100,98574,100,100056,100,98496,100,100057,100,98453,100,100088,100,98279,100,100089,100,98165,100,100090,100,,,100134,100,,
2019-06-28 09:46:00.000000000,99089,160,98887,160,99883,160,98815,160,100040,160,98589,160,100056,160,98574,160,100057,160,98496,160,100088,100,98453,100,100089,100,98279,100,100090,100,98165,100,100134,100,,,,,,
2019-06-28 09:46:10.000000000,99089,174,98887,174,99883,174,98815,174,100040,174,98589,174,100056,174,98574,174,100057,100,98496,100,100088,100,98453,100,100089,100,98279,100,100090,100,98165,100,100134,100,,,,,,
2019-06-28 09:46:19.292441108,99089,174,98887,74,99883,174,98815,174,100040,174,98589,174,100056,174,98574,174,100057,100,98496,100,100088,100,98453,100,100089,100,98279,100,100090,100,98165,100,100134,100,,,,,,
2019-06-28 09:46:20.000000000,99089,398,98815,398,99883,100,98589,100,100040,100,98574,100,100056,100,98496,100,100057,100,98453,100,100088,100,98279,100,100089,100,98165,100,100090,100,,,100134,100,,,,,,
2019-06-28 09:46:30.000000000,99089,398,98815,398,99883,100,98589,100,100040,100,98574,100,100056,100,98496,100,100057,100,98453,100,100088,100,98279,100,100089,100,98165,100,100090,100,,,100134,100,,,,,,
2019-06-28 09:46:40.000000000,99089,160,98815,160,99883,160,98589,160,100040,160,98574,160,100056,160,98496,160,100057,160,98453,160,100088,100,98279,100,100089,100,98165,100,100090,100,,,100134,100,,,,,,
2019-06-28 09:46:41.705000431,99089,160,98815,160,99883,160,98589,160,100040,160,98574,160,100056,160,98496,160,100057,160,98483,100,100088,100,98453,160,100089,100,98279,100,100090,100,98165,100,100134,100,,,,,,
2019-06-28 09:46:43.234875915,99089,160,98815,160,99883,160,98589,160,100040,160,98574,160,100056,160,98496,160,100057,160,98483,100,100088,100,98477,100,100089,100,98453,160,100090,100,98279,100,100134,100,98165,100,,,,
2019-06-28 09:46:44.941778978,99089,160,98815,160,99883,160,98589,160,100040,160,98574,160,100056,160,98555,100,100057,160,98496,160,100088,100,98483,100,100089,100,98477,100,100090,100,98453,160,100134,100,98165,100,,,,
2019-06-28 09:46:49.893016466,99018,100,98815,160,99089,160,98589,160,99883,160,98574,160,100040,160,98555,100,100056,160,98496,160,100057,160,98483,100,100088,100,98477,100,100089,100,98453,160,100090,100,98165,100,100134,100,,
2019-06-28 09:46:50.000000000,99018,174,98815,174,99089,174,98589,174,99883,174,98574,174,100040,174,98555,174,100056,100,98496,100,100057,100,98483,100,100088,100,98477,100,100089,100,98453,100,100090,100,98165,100,100134,100,,
2019-06-28 09:46:57.561485188,99018,174,98815,74,99089,174,98589,174,99883,174,98574,174,100040,174,98555,174,100056,100,98496,100,100057,100,98483,100,100088,100,98477,100,100089,100,98453,100,100090,100,98165,100,100134,100,,
2019-06-28 09:47:00.000000000,99018,398,98589,398,99089,100,98574,100,99883,100,98555,100,100040,100,98496,100,100056,100,98483,100,100057,100,98477,100,100088,100,98453,100,100089,100,98165,100,100090,100,,,100134,100,,
2019-06-28 09:47:10.000000000,99018,174,98589,174,99089,174,98574,174,99883,174,98555,174,100040,174,98496,174,100056,100,98483,100,100057,100,98477,100,100088,100,98453,100,100089,100,98165,100,100090,100,,,100134,100,,
2019-06-28 09:47:13.872386763,98887,100,98589,174,99018,174,98574,174,99089,174,98555,174,99883,174,98496,174,100040,174,98483,100,100056,100,98477,100,100057,100,98453,100,100088,100,98165,100,100089,100,,,100090,100,,
2019-06-28 09:47:20.000000000,98887,249,98589,249,99018,249,98574,249,99089,100,98555,100,99883,100,98496,100,100040,100,98483,100,100056,100,98477,100,100057,100,98453,100,100088,100,98165,100,100089,100,,,100090,100,,
2019-06-28 09:47:27.217719138,98887,249,98589,249,99018,249,98574,249,99050,100,98555,100,99089,100,98496,100,99883,100,98483,100,100040,100,98477,100,100056,100,98453,100,100057,100,98165,100,100088,100,,,100089,100,,
2019-06-28 09:47:30.000000000,98887,249,98589,249,99018,249,98574,249,99050,100,98555,100,99089,100,98496,100,99883,100,98483,100,100040,100,98477,100,100056,100,98453,100,100057,100,98165,100,100088,100,,,100089,100,,
2019-06-28 09:47:40.000000000,98887,160,98589,160,99018,160,98574,160,99050,160,98555,160,99089,160,98496,160,99883,160,98483,160,100040,100,98477,100,100056,100,98453,100,100057,100,98165,100,100088,100,,,100089,100,,
2019-06-28 09:47:50.000000000,98887,249,98589,249,99018,249,98574,249,99050,100,98555,100,99089,100,98496,100,99883,100,98483,100,100040,100,98477,100,100056,100,98453,100,100057,100,98165,100,100088,100,,,100089,100,,
2019-06-28 09:48:00.000000000,98887,398,98589,398,99018,100,98574,100,99050,100,98555,100,99089,100,98496,100,99883,100,98483,100,100040,100,98477,100,100056,100,98453,100,100057,100,98165,100,100088,100,,,100089,100,,
2019-06-28 09:48:10.000000000,98887,249,98589,249,99018,249,98574,249,99050,100,98555,100,99089,100,98496,100,99883,100,98483,100,100040,100,98477,100,100056,100,98453,100,100057,100,98165,100,100088,100,,,100089,100,,
2019-06-28 09:48:12.184538911,98780,100,98589,249,98887,249,98574,249,99018,249,98555,100,99050,100,98496,100,99089,100,98483,100,99883,100,98477,100,100056,100,98453,100,100057,100,98165,100,100088,100,,,100089,100,,
2019-06-28 09:48:20.000000000,98780,174,98589,174,98887,174,98574,174,99018,174,98555,174,99050,174,98496,174,99089,100,98483,100,99883,100,98477,100,100056,100,98453,100,100057,100,98165,100,100088,100,,,100089,100,,
2019-06-28 09:48:30.000000000,98780,174,98589,174,98887,174,98574,174,99018,174,98555,174,99050,174,98496,174,99089,100,98483,100,99883,100,98477,100,100056,100,98453,100,100057,100,98165,100,100088,100,,,100089,100,,
2019-06-28 09:48:30.088470778,98780,74,98589,174,98887,174,98574,174,99018,174,98555,174,99050,174,98496,174,99089,100,98483,100,99883,100,98477,100,100056,100,98453,100,100057,100,98165,100,100088,100,,,100089,100,,
2019-06-28 09:48:40.000000000,98887,201,98589,201,99018,198,98574,198,99050,198,98555,198,99089,100,98496,100,99883,100,98483,100,100056,100,98477,100,100057,100,98453,100,100088,100,98165,100,100089,100,,,100090,100,,
2019-06-28 09:48:40.984234773,98887,201,98753,100,99018,198,98589,201,99050,198,98574,198,99089,100,98555,198,99883,100,98496,100,100056,100,98483,100,100057,100,98477,100,100088,100,98453,100,100089,100,98165,100,100090,100,,
2019-06-28 09:48:50.000000000,98887,174,98753,174,99018,174,98589,174,99050,174,98574,174,99089,174,98555,174,99883,100,98496,100,100056,100,98483,100,100057,100,98477,100,100088,100,98453,100,100089,100,98165,100,100090,100,,
2019-06-28 09:49:00.000000000,98887,249,98753,249,99018,249,98589,249,99050,100,98574,100,99089,100,98555,100,99883,100,98496,100,100056,100,98483,100,100057,100,98477,100,100088,100,98453,100,100089,100,98165,100,100090,100,,
2019-06-28 09:49:09.478491415,98779,100,98753,249,98887,249,98589,249,99018,249,98574,100,99050,100,98555,100,99883,100,98496,100,100056,100,98483,100,100057,100,98477,100,100088,100,98453,100,100089,100,98165,100,100090,100,,
2019-06-28 09:49:10.000000000,98779,201,98753,201,98887,198,98589,198,99018,198,98574,198,99050,100,98555,100,99883,100,98496,100,100056,100,98483,100,100057,100,98477,100,100088,100,98453,100,100089,100,98165,100,100090,100,,
2019-06-28 09:49:20.000000000,98779,174,98753,174,98887,174,98589,174,99018,174,98574,174,99050,174,98555,174,99883,100,98496,100,100056,100,98483,100,100057,100,98477,100,100088,100,98453,100,100089,100,98165,100,100090,100,,
2019-06-28 09:49:20.954159631,98779,174,98753,174,98887,174,98589,174,99018,174,98574,174,99050,174,98555,174,99883,100,98496,100,100056,100,98483,100,100057,100,98479,100,100088,100,98477,100,100089,100,98453,100,100090,100,98165,100
2019-06-28 09:49:30.000000000,98779,249,98753,249,98887,249,98589,249,99018,100,98574,100,99050,100,98555,100,99883,100,98496,100,100056,100,98483,100,100057,100,98479,100,100088,100,98477,100,100089,100,98453,100,100090,100,98165,100
2019-06-28 09:49:35.858751825,98779,249,98753,249,98850,100,98589,249,98887,249,98574,100,99018,100,98555,100,99050,100,98496,100,99883,100,98483,100,100056,100,98479,100,100057,100,98477,100,100088,100,98453,100,100089,100,98165,100
2019-06-28 09:49:40.000000000,98779,398,98753,398,98850,100,98589,100,98887,100,98574,100,99018,100,98555,100,99050,100,98496,100,99883,100,98483,100,100056,100,98479,100,100057,100,98477,100,100088,100,98453,100,100089,100,98165,100
2019-06-28 09:49:50.000000000,98779,174,98753,174,98850,174,98589,174,98887,174,98574,174,99018,174,98555,174,99050,100,98496,100,99883,100,98483,100,100056,100,98479,100,100057,100,98477,100,100088,100,98453,100,100089,100,98165,100
2019-06-28 09:49:53.148470288,98779,174,98753,74,98850,174,98589,174,98887,174,98574,174,99018,174,98555,174,99050,100,98496,100,99883,100,98483,100,100056,100,98479,100,100057,100,98477,100,100088,100,98453,100,100089,100,98165,100
2019-06-28 09:50:00.000000000,98779,201,98589,201,98850,198,98574,198,98887,198,98555,198,99018,100,98496,100,99050,100,98483,100,99883,100,98479,100,100056,100,98477,100,100057,100,98453,100,100088,100,98165,100,100089,100,,
2019-06-28 09:50:10.000000000,98779,201,98589,201,98850,198,98574,198,98887,198,98555,198,99018,100,98496,100,99050,100,98483,100,99883,100,98479,100,100056,100,98477,100,100057,100,98453,100,100088,100,98165,100,100089,100,,
2019-06-28 09:50:20.000000000,98779,174,98589,174,98850,174,98574,174,98887,174,98555,174,99018,174,98496,174,99050,100,98483,100,99883,100,98479,100,100056,100,98477,100,100057,100,98453,100,100088,100,98165,100,100089,100,,
2019-06-28 09:50:20.511591510,98779,174,98589,174,98850,174,98574,174,98887,174,98555,174,99018,174,98496,174,99050,100,98483,100,99193,100,98479,100,99883,100,98477,100,100056,100,98453,100,100057,100,98165,100,100088,100,,
2019-06-28 09:50:30.000000000,98779,201,98589,201,98850,198,98574,198,98887,198,98555,198,99018,100,98496,100,99050,100,98483,100,99193,100,98479,100,99883,100,98477,100,100056,100,98453,100,100057,100,98165,100,100088,100,,
2019-06-28 09:50:40.000000000,98779,160,98589,160,98850,160,98574,160,98887,160,98555,160,99018,160,98496,160,99050,160,98483,160,99193,100,98479,100,99883,100,98477,100,100056,100,98453,100,100057,100,98165,100,100088,100,,
2019-06-28 09:50:48.818851426,98779,160,98695,100,98850,160,98589,160,98887,160,98574,160,99018,160,98555,160,99050,160,98496,160,99193,100,98483,160,99883,100,98479,100,100056,100,98477,100,100057,100,98453,100,100088,100,,
2019-06-28 09:50:49.929314581,98779,160,98765,100,98850,160,98695,100,98887,160,98589,160,99018,160,98574,160,99050,160,98555,160,99193,100,98496,160,99883,100,98483,160,100056,100,98479,100,100057,100,98477,100,100088,100,98453,100
2019-06-28 09:50:50.000000000,98779,398,98765,398,98850,100,98695,100,98887,100,98589,100,99018,100,98574,100,99050,100,98555,100,99193,100,98496,100,99883,100,98483,100,100056,100,98479,100,100057,100,98477,100,100088,100,98453,100
2019-06-28 09:51:00.000000000,98779,174,98765,174,98850,174,98695,174,98887,174,98589,174,99018,174,98574,174,99050,100,98555,100,99193,100,98496,100,99883,100,98483,100,100056,100,98479,100,100057,100,98477,100,100088,100,98453,100
2019-06-28 09:51:10.000000000,98779,174,98765,174,98850,174,98695,174,98887,174,98589,174,99018,174,98574,174,99050,100,98555,100,99193,100,98496,100,99883,100,98483,100,100056,100,98479,100,100057,100,98477,100,100088,100,98453,100
2019-06-28 09:51:20.000000000,98779,174,98765,174,98850,174,98695,174,98887,174,98589,174,99018,174,98574,174,99050,100,98555,100,99193,100,98496,100,99883,100,98483,100,100056,100,98479,100,100057,100,98477,100,100088,100,98453,100
2019-06-28 09:51:21.009784469,98779,74,98765,174,98850,174,98695,174,98887,174,98589,174,99018,174,98574,174,99050,100,98555,100,99193,100,98496,100,99883,100,98483,100,100056,100,98479,100,100057,100,98477,100,100088,100,98453,100
2019-06-28 09:51:30.000000000,98850,160,98765,160,98887,160,98695,160,99018,160,98589,160,99050,160,98574,160,99193,160,98555,160,99883,100,98496,100,100056,100,98483,100,100057,100,98479,100,100088,100,98477,100,100089,100,98453,100
2019-06-28 09:51:40.000000000,98850,160,98765,160,98887,160,98695,160,99018,160,98589,160,99050,160,98574,160,99193,160,98555,160,99883,100,98496,100,100056,100,98483,100,100057,100,98479,100,100088,100,98477,100,100089,100,98453,100
2019-06-28 09:51:40.351923718,98850,160,98765,60,98887,160,98695,160,99018,160,98589,160,99050,160,98574,160,99193,160,98555,160,99883,100,98496,100,100057,100,98483,100,100088,100,98479,100,100089,100,98477,100,100090,100,98453,100
2019-06-28 09:51:50.000000000,98850,249,98695,249,98887,249,98589,249,99018,100,98574,100,99050,100,98555,100,99193,100,98496,100,99883,100,98483,100,100057,100,98479,100,100088,100,98477,100,100089,100,98453,100,100090,100,,
2019-06-28 09:52:00.000000000,98850,249,98695,249,98887,249,98589,249,99018,100,98574,100,99050,100,98555,100,99193,100,98496,100,99883,100,98483,100,100057,100,98479,100,100088,100,98477,100,100089,100,98453,100,100090,100,,
2019-06-28 09:52:10.000000000,98850,160,98695,160,98887,160,98589,160,99018,160,98574,160,99050,160,98555,160,99193,160,98496,160,99883,100,98483,100,100057,100,98479,100,100088,100,98477,100,100089,100,98453,100,100090,100,,
2019-06-28 09:52:20.000000000,98850,249,98695,249,98887,249,98589,249,99018,100,98574,100,99050,100,98555,100,99193,100,98496,100,99883,100,98483,100,100057,100,98479,100,100088,100,98477,100,100089,100,98453,100,100090,100,,
2019-06-28 09:52:26.652157934,98850,249,98695,149,98887,249,98589,249,99018,100,98574,100,99050,100,98555,100,99193,100,98496,100,99883,100,98483,100,100057,100,98479,100,100088,100,98477,100,100089,100,98453,100,100090,100,,
2019-06-28 09:52:30.000000000,98850,249,98589,249,98887,249,98574,249,99018,100,98555,100,99050,100,98496,100,99193,100,98483,100,99883,100,98479,100,100057,100,98477,100,100088,100,98453,100,100089,100,,,100090,100,,
2019-06-28 09:52:30.204772236,98850,249,98589,249,98887,249,98587,100,99018,100,98574,249,99050,100,98555,100,99193,100,98496,100,99883,100,98483,100,100057,100,98479,100,100088,100,98477,100,100089,100,98453,100,100090,100,,
2019-06-28 09:52:36.963306735,98765,100,98589,249,98850,249,98587,100,98887,149,98574,249,99018,100,98555,100,99050,100,98496,100,99193,100,98483,100,99883,100,98479,100,100057,100,98477,100,100088,100,98453,100,100089,100,,
2019-06-28 09:52:40.000000000,98765,249,98589,249,98850,249,98587,249,99018,100,98574,100,99050,100,98555,100,99193,100,98496,100,99883,100,98483,100,100057,100,98479,100,100088,100,98477,100,100089,100,98453,100,100090,100,,
2019-06-28 09:52:50.000000000,98765,201,98589,201,98850,198,98587,198,99018,198,98574,198,99050,100,98555,100,99193,100,98496,100,99883,100,98483,100,100057,100,98479,100,100088,100,98477,100,100089,100,98453,100,100090,100,,
2019-06-28 09:52:59.355715209,98765,201,98743,100,98850,198,98589,201,99018,198,98587,198,99050,100,98574,198,99193,100,98555,100,99883,100,98496,100,100057,100,98483,100,100088,100,98479,100,100089,100,98477,100,100090,100,98453,100
2019-06-28 09:53:00.000000000,98765,160,98743,160,98850,160,98589,160,99018,160,98587,160,99050,160,98574,160,99193,160,98555,160,99883,100,98496,100,100057,100,98483,100,100088,100,98479,100,100089,100,98477,100,100090,100,98453,100
2019-06-28 09:53:09.890936404,98765,160,98743,160,98850,160,98621,100,99018,160,98589,160,99050,160,98587,160,99193,160,98574,160,99883,100,98555,160,100057,100,98496,100,100088,100,98483,100,100089,100,98479,100,100090,100,98477,100
2019-06-28 09:53:10.000000000,98765,160,98743,160,98850,160,98621,160,99018,160,98589,160,99050,160,98587,160,99193,160,98574,160,99883,100,98555,100,100057,100,98496,100,100088,100,98483,100,100089,100,98479,100,100090,100,98477,100
2019-06-28 09:53:14.653679754,98765,160,98743,160,98811,100,98621,160,98850,160,98589,60,99018,160,98587,160,99050,160,98574,160,99193,160,98555,100,99883,100,98496,100,100057,100,98483,100,100088,100,98479,100,100089,100,98477,100
2019-06-28 09:53:20.000000000,98765,160,98743,160,98811,160,98621,160,98850,160,98587,160,99018,160,98574,160,99050,160,98555,160,99193,100,98496,100,99883,100,98483,100,100057,100,98479,100,100088,100,98477,100,100089,100,98453,100
2019-06-28 09:53:26.059044850,98765,60,98743,160,98811,160,98621,160,98850,160,98587,160,99018,160,98574,160,99050,160,98555,160,99193,100,98496,100,99883,100,98483,100,100057,100,98479,100,100088,100,98477,100,100089,100,98453,100
2019-06-28 09:53:26.205248772,98765,60,98744,100,98811,160,98743,160,98850,160,98621,160,99018,160,98587,160,99050,160,98574,160,99193,100,98555,160,99883,100,98496,100,100057,100,98483,100,100088,100,98479,100,100089,100,98477,100
2019-06-28 09:53:30.000000000,98811,160,98744,160,98850,160,98743,160,99018,160,98621,160,99050,160,98587,160,99193,160,98574,160,99883,100,98555,100,100057,100,98496,100,100088,100,98483,100,100089,100,98479,100,100090,100,98477,100
2019-06-28 09:53:40.000000000,98811,160,98744,160,98850,160,98743,160,99018,160,98621,160,99050,160,98587,160,99193,160,98574,160,99883,100,98555,100,100057,100,98496,100,100088,100,98483,100,100089,100,98479,100,100090,100,98477,100
2019-06-28 09:53:40.841735715,98811,160,98744,160,98850,160,98743,160,99018,160,98621,160,99050,160,98587,160,99193,160,98574,160,99651,100,98555,100,99883,100,98496,100,100057,100,98483,100,100088,100,98479,100,100089,100,98477,100
2019-06-28 09:53:43.957511023,98811,160,98744,160,98850,60,98743,160,99018,160,98621,160,99050,160,98587,160,99193,160,98574,160,99477,100,98555,100,99651,100,98496,100,99883,100,98483,100,100057,100,98479,100,100088,100,98477,100
2019-06-28 09:53:50.000000000,98811,160,98744,160,99018,160,98743,160,99050,160,98621,160,99193,160,98587,160,99477,160,98574,160,99651,100,98555,100,99883,100,98496,100,100057,100,98483,100,100088,100,98479,100,100089,100,98477,100
2019-06-28 09:54:00.000000000,98811,174,98744,174,99018,174,98743,174,99050,174,98621,174,99193,174,98587,174,99477,100,98574,100,99651,100,98555,100,99883,100,98496,100,100057,100,98483,100,100088,100,98479,100,100089,100,98477,100
2019-06-28 09:54:06.643950734,98811,174,98744,274,99018,174,98743,174,99050,174,98621,174,99193,174,98587,174,99477,100,98574,100,99651,100,98555,100,99883,100,98496,100,100057,100,98483,100,100088,100,98479,100,100089,100,98477,100
2019-06-28 09:54:10.000000000,98811,201,98744,301,99018,198,98743,198,99050,198,98621,198,99193,100,98587,100,99477,100,98574,100,99651,100,98555,100,99883,100,98496,100,100057,100,98483,100,100088,100,98479,100,100089,100,98477,100
2019-06-28 09:54:20.000000000,98811,249,98744,349,99018,249,98743,249,99050,100,98621,100,99193,100,98587,100,99477,100,98574,100,99651,100,98555,100,99883,100,98496,100,100057,100,98483,100,100088,100,98479,100,100089,100,98477,100
2019-06-28 09:54:30.000000000,98811,398,98744,498,99018,100,98743,100,99050,100,98621,100,99193,100,98587,100,99477,100,98574,100,99651,100,98555,100,99883,100,98496,100,100057,100,98483,100,100088,100,98479,100,100089,100,98477,100
2019-06-28 09:54:32.963181295,98811,398,98744,598,99018,100,98743,100,99050,100,98621,100,99193,100,98587,100,99477,100,98574,100,99651,100,98555,100,99883,100,98496,100,100057,100,98483,100,100088,100,98479,100,100089,100,98477,100
2019-06-28 09:54:40.000000000,98811,249,98744,449,99018,249,98743,249,99050,100,98621,100,99193,100,98587,100,99477,100,98574,100,99651,100,98555,100,99883,100,98496,100,100057,100,98483,100,100088,100,98479,100,100089,100,98477,100
2019-06-28 09:54:42.938132150,98811,249,98744,449,99018,249,98743,249,99050,100,98621,100,99193,100,98587,100,99477,100,98574,100,99537,100,98555,100,99651,100,98496,100,99883,100,98483,100,100057,100,98479,100,100088,100,98477,100
2019-06-28 09:54:50.000000000,98811,174,98744,374,99018,174,98743,174,99050,174,98621,174,99193,174,98587,174,99477,100,98574,100,99537,100,98555,100,99651,100,98496,100,99883,100,98483,100,100057,100,98479,100,100088,100,98477,100
2019-06-28 09:54:51.322740991,98811,174,98744,274,99018,174,98743,174,99050,174,98621,174,99193,174,98587,174,99477,100,98574,100,99537,100,98555,100,99651,100,98496,100,99883,100,98483,100,100057,100,98479,100,100088,100,98477,100
2019-06-28 09:55:00.000000000,98811,398,98744,498,99018,100,98743,100,99050,100,98621,100,99193,100,98587,100,99477,100,98574,100,99537,100,98555,100,99651,100,98496,100,99883,100,98483,100,100057,100,98479,100,100088,100,98477,100
2019-06-28 09:55:10.000000000,98811,398,98744,498,99018,100,98743,100,99050,100,98621,100,99193,100,98587,100,99477,100,98574,100,99537,100,98555,100,99651,100,98496,100,99883,100,98483,100,100057,100,98479,100,100088,100,98477,100
2019-06-28 09:55:17.891283985,98811,298,98744,498,99018,100,98743,100,99050,100,98621,100,99193,100,98587,100,99477,100,98574,100,99537,100,98555,100,99651,100,98496,100,99883,100,98483,100,100057,100,98479,100,100088,100,98477,100
2019-06-28 09:55:20.000000000,99018,201,98744,301,99050,198,98743,198,99193,198,98621,198,99477,100,98587,100,99537,100,98574,100,99651,100,98555,100,99883,100,98496,100,100057,100,98483,100,100088,100,98479,100,100089,100,98477,100
2019-06-28 09:55:30.000000000,99018,249,98744,349,99050,249,98743,249,99193,100,98621,100,99477,100,98587,100,99537,100,98574,100,99651,100,98555,100,99883,100,98496,100,100057,100,98483,100,100088,100,98479,100,100089,100,98477,100
2019-06-28 09:55:34.105129386,99018,249,98744,349,99050,249,98743,249,99193,100,98621,100,99458,100,98587,100,99477,100,98574,100,99537,100,98555,100,99651,100,98496,100,99883,100,98483,100,100057,100,98479,100,100088,100,98477,100
2019-06-28 09:55:40.000000000,99018,398,98744,498,99050,100,98743,100,99193,100,98621,100,99458,100,98587,100,99477,100,98574,100,99537,100,98555,100,99651,100,98496,100,99883,100,98483,100,100057,100,98479,100,100088,100,98477,100
2019-06-28 09:55:50.000000000,99018,201,98744,301,99050,198,98743,198,99193,198,98621,198,99458,100,98587,100,99477,100,98574,100,99537,100,98555,100,99651,100,98496,100,99883,100,98483,100,100057,100,98479,100,100088,100,98477,100
2019-06-28 09:55:58.472846224,99018,101,98744,301,99050,198,98743,198,99193,198,98621,198,99458,100,98587,100,99477,100,98574,100,99537,100,98496,100,99651,100,98483,100,99883,100,98479,100,100057,100,98477,100,100088,100,98453,100
2019-06-28 09:56:00.000000000,99050,201,98744,301,99193,198,98743,198,99458,198,98621,198,99477,100,98587,100,99537,100,98574,100,99651,100,98496,100,99883,100,98483,100,100057,100,98479,100,100088,100,98477,100,100089,100,98453,100
2019-06-28 09:56:05.695956866,99050,201,98811,100,99193,198,98744,301,99458,198,98743,198,99477,100,98621,198,99537,100,98587,100,99651,100,98574,100,100057,100,98496,100,100088,100,98483,100,100089,100,98479,100,100090,100,98477,100
2019-06-28 09:56:10.000000000,99050,174,98811,174,99193,174,98744,274,99458,174,98743,174,99477,174,98621,174,99537,100,98587,100,99651,100,98574,100,100057,100,98496,100,100088,100,98483,100,100089,100,98479,100,100090,100,98477,100
2019-06-28 09:56:19.170432227,99050,74,98811,174,99193,174,98744,274,99458,174,98743,174,99477,174,98621,174,99537,100,98587,100,99651,100,98574,100,100057,100,98496,100,100088,100,98483,100,100089,100,98479,100,100090,100,98477,100
2019-06-28 09:56:20.000000000,99193,398,98811,398,99458,100,98744,200,99477,100,98743,100,99537,100,98621,100,99651,100,98587,100,100057,100,98574,100,100088,100,98496,100,100089,100,98483,100,100090,100,98479,100,100134,100,98477,100
2019-06-28 09:56:30.000000000,99193,398,98811,398,99458,100,98744,200,99477,100,98743,100,99537,100,98621,100,99651,100,98587,100,100057,100,98574,100,100088,100,98496,100,100089,100,98483,100,100090,100,98479,100,100134,100,98477,100
2019-06-28 09:56:40.000000000,99193,201,98811,201,99458,198,98744,298,99477,198,98743,198,99537,100,98621,100,99651,100,98587,100,100057,100,98574,100,100088,100,98496,100,100089,100,98483,100,100090,100,98479,100,100134,100,98477,100
2019-06-28 09:56:47.000084397,99193,201,98811,201,99246,100,98744,298,99458,198,98743,198,99477,198,98621,100,99537,100,98587,100,99651,100,98574,100,100057,100,98496,100,100088,100,98483,100,100089,100,98479,100,100090,100,98477,100
2019-06-28 09:56:50.000000000,99193,174,98811,174,99246,174,98744,274,99458,174,98743,174,99477,174,98621,174,99537,100,98587,100,99651,100,98574,100,100057,100,98496,100,100088,100,98483,100,100089,100,98479,100,100090,100,98477,100
2019-06-28 09:57:00.000000000,99193,174,98811,174,99246,174,98744,274,99458,174,98743,174,99477,174,98621,174,99537,100,98587,100,99651,100,98574,100,100057,100,98496,100,100088,100,98483,100,100089,100,98479,100,100090,100,98477,100
2019-06-28 09:57:01.784760449,99193,74,99152,100,99246,174,98811,174,99458,174,98744,274,99477,174,98743,174,99537,100,98621,174,99651,100,98587,100,100057,100,98574,100,100088,100,98496,100,100089,100,98483,100,100090,100,98479,100
2019-06-28 09:57:10.000000000,99246,398,99152,398,99458,100,98811,100,99477,100,98744,200,99537,100,98743,100,99651,100,98621,100,100057,100,98587,100,100088,100,98574,100,100089,100,98496,100,100090,100,98483,100,100134,100,98479,100
2019-06-28 09:57:20.000000000,99246,398,99152,398,99458,100,98811,100,99477,100,98744,200,99537,100,98743,100,99651,100,98621,100,100057,100,98587,100,100088,100,98574,100,100089,100,98496,100,100090,100,98483,100,100134,100,98479,100
2019-06-28 09:57:30.000000000,99246,249,99152,249,99458,249,98811,249,99477,100,98744,200,99537,100,98743,100,99651,100,98621,100,100057,100,98587,100,100088,100,98574,100,100089,100,98496,100,100090,100,98483,100,100134,100,98479,100
2019-06-28 09:57:40.000000000,99246,201,99152,201,99458,198,98811,198,99477,198,98744,298,99537,100,98743,100,99651,100,98621,100,100057,100,98587,100,100088,100,98574,100,100089,100,98496,100,100090,100,98483,100,100134,100,98479,100
2019-06-28 09:57:41.136192062,99246,101,99152,201,99458,198,98811,198,99477,198,98744,298,99537,100,98743,100,99651,100,98621,100,100057,100,98587,100,100088,100,98496,100,100089,100,98483,100,100090,100,98479,100,100134,100,98477,100
2019-06-28 09:57:42.234725390,99246,101,99153,100,99458,198,99152,201,99477,198,98811,198,99537,100,98744,298,99651,100,98743,100,100057,100,98621,100,100088,100,98587,100,100089,100,98496,100,100090,100,98483,100,100134,100,98479,100
2019-06-28 09:57:50.000000000,99458,398,99153,398,99477,100,99152,100,99537,100,98811,100,99651,100,98744,200,100057,100,98743,100,100088,100,98621,100,100089,100,98587,100,100090,100,98496,100,100134,100,98483,100,,,98479,100
2019-06-28 09:57:54.201433164,99338,100,99153,398,99458,398,99152,100,99477,100,98811,100,99537,100,98744,200,99651,100,98743,100,100057,100,98621,100,100088,100,98587,100,100089,100,98496,100,100090,100,98483,100,100134,100,98479,100
2019-06-28 09:58:00.000000000,99338,201,99153,201,99458,198,99152,198,99477,198,98811,198,99537,100,98744,200,99651,100,98743,100,100057,100,98621,100,100088,100,98587,100,100089,100,98496,100,100090,100,98483,100,100134,100,98479,100
2019-06-28 09:58:01.476580004,99338,201,99153,201,99458,198,99152,198,99477,198,98811,198,99537,100,98744,200,99586,100,98743,100,99651,100,98621,100,100057,100,98587,100,100088,100,98496,100,100089,100,98483,100,100090,100,98479,100
2019-06-28 09:58:03.252173259,99338,201,99282,100,99458,198,99153,201,99477,198,99152,198,99537,100,98811,198,99586,100,98744,200,99651,100,98743,100,100057,100,98621,100,100088,100,98587,100,100089,100,98496,100,100134,100,98483,100
2019-06-28 09:58:04.828505995,99338,201,99282,100,99458,198,99153,201,99477,198,99152,198,99511,100,98811,198,99537,100,98744,200,99586,100,98743,100,99651,100,98621,100,100057,100,98587,100,100088,100,98496,100,100089,100,98483,100
2019-06-28 09:58:05.267192541,99338,101,99282,100,99458,198,99153,201,99477,198,99152,198,99511,100,98811,198,99537,100,98744,200,99586,100,98743,100,100057,100,98621,100,100088,100,98587,100,100089,100,98496,100,100134,100,98483,100
2019-06-28 09:58:10.000000000,99458,174,99282,174,99477,174,99153,174,99511,174,99152,174,99537,174,98811,174,99586,100,98744,200,100057,100,98743,100,100088,100,98621,100,100089,100,98587,100,100134,100,98496,100,,,98483,100
2019-06-28 09:58:11.726988514,99458,174,99282,174,99476,100,99153,174,99477,174,99152,174,99511,174,98811,174,99537,174,98744,200,99586,100,98743,100,100057,100,98621,100,100088,100,98587,100,100089,100,98496,100,100134,100,98483,100
2019-06-28 09:58:20.000000000,99458,201,99282,201,99476,198,99153,198,99477,198,99152,198,99511,100,98811,100,99537,100,98744,200,99586,100,98743,100,100057,100,98621,100,100088,100,98587,100,100089,100,98496,100,100134,100,98483,100
2019-06-28 09:58:30.000000000,99458,201,99282,201,99476,198,99153,198,99477,198,99152,198,99511,100,98811,100,99537,100,98744,200,99586,100,98743,100,100057,100,98621,100,100088,100,98587,100,100089,100,98496,100,100134,100,98483,100
2019-06-28 09:58:40.000000000,99458,398,99282,398,99476,100,99153,100,99477,100,99152,100,99511,100,98811,100,99537,100,98744,200,99586,100,98743,100,100057,100,98621,100,100088,100,98587,100,100089,100,98496,100,100134,100,98483,100
2019-06-28 09:58:41.543031395,99458,398,99282,398,99476,100,99165,100,99477,100,99153,100,99537,100,99152,100,99586,100,98811,100,100057,100,98744,200,100088,100,98743,100,100089,100,98621,100,100134,100,98587,100,,,98496,100
2019-06-28 09:58:49.059431601,99352,100,99282,398,99458,398,99165,100,99476,100,99153,100,99477,100,99152,100,99537,100,98811,100,99586,100,98744,200,100057,100,98743,100,100088,100,98621,100,100089,100,98587,100,100134,100,98496,100
2019-06-28 09:58:50.000000000,99352,174,99282,174,99458,174,99165,174,99476,174,99153,174,99477,174,99152,174,99537,100,98811,100,99586,100,98744,200,100057,100,98743,100,100088,100,98621,100,100089,100,98587,100,100134,100,98496,100
2019-06-28 09:58:57.483009744,99352,74,99282,174,99458,174,99165,174,99476,174,99153,174,99477,174,99152,74,99537,100,98811,100,99586,100,98744,200,100057,100,98743,100,100088,100,98621,100,100089,100,98587,100,100134,100,98496,100
2019-06-28 09:59:00.000000000,99458,201,99282,201,99476,198,99165,198,99477,198,99153,198,99537,100,98811,100,99586,100,98744,200,100057,100,98743,100,100088,100,98621,100,100089,100,98587,100,100134,100,98496,100,,,98483,100
2019-06-28 09:59:05.310176541,99458,201,99282,201,99476,198,99165,198,99477,198,99158,100,99537,100,99153,198,99586,100,98811,100,100057,100,98744,200,100088,100,98743,100,100089,100,98621,100,100134,100,98587,100,,,98496,100
2019-06-28 09:59:09.137656056,99458,201,99284,100,99476,198,99282,201,99477,198,99165,198,99537,100,99158,100,99586,100,99153,198,100057,100,98811,100,100088,100,98744,200,100089,100,98743,100,100134,100,98621,100,,,98587,100
2019-06-28 09:59:10.000000000,99458,174,99284,174,99476,174,99282,174,99477,174,99165,174,99537,174,99158,174,99586,100,99153,100,100057,100,98811,100,100088,100,98744,200,100089,100,98743,100,100134,100,98621,100,,,98587,100
2019-06-28 09:59:20.000000000,99458,201,99284,201,99476,198,99282,198,99477,198,99165,198,99537,100,99158,100,99586,100,99153,100,100057,100,98811,100,100088,100,98744,200,100089,100,98743,100,100134,100,98621,100,,,98587,100
2019-06-28 09:59:23.891100786,99458,201,99338,100,99476,198,99284,201,99477,198,99282,198,99537,100,99165,198,99586,100,99158,100,100057,100,99153,100,100088,100,98811,100,100089,100,98744,200,100134,100,98743,100,,,98621,100
2019-06-28 09:59:30.000000000,99458,398,99338,398,99476,100,99284,100,99477,100,99282,100,99537,100,99165,100,99586,100,99158,100,100057,100,99153,100,100088,100,98811,100,100089,100,98744,200,100134,100,98743,100,,,98621,100
2019-06-28 09:59:40.000000000,99458,174,99338,174,99476,174,99284,174,99477,174,99282,174,99537,174,99165,174,99586,100,99158,100,100057,100,99153,100,100088,100,98811,100,100089,100,98744,200,100134,100,98743,100,,,98621,100
2019-06-28 09:59:41.741382097,99458,174,99338,74,99476,174,99284,174,99477,174,99282,174,99537,174,99165,174,99586,100,99158,100,100057,100,99153,100,100088,100,98811,100,100089,100,98744,200,100134,100,98743,100,,,98587,100
2019-06-28 09:59:50.000000000,99458,398,99284,398,99476,100,99282,100,99477,100,99165,100,99537,100,99158,100,99586,100,99153,100,100057,100,98811,100,100088,100,98744,200,100089,100,98743,100,100134,100,98587,100,,,98496,100
2019-06-28 09:59:54.950019491,99458,398,99408,100,99476,100,99284,398,99477,100,99282,100,99537,100,99165,100,99586,100,99158,100,100057,100,99153,100,100088,100,98811,100,100089,100,98744,200,100134,100,98743,100,,,98587,100
2019-06-28 10:00:00.000000000,99458,160,99408,160,99476,160,99284,160,99477,160,99282,160,99537,160,99165,160,99586,160,99158,160,100057,100,99153,100,100088,100,98811,100,100089,100,98744,200,100134,100,98743,100,,,98587,100
2019-06-28 10:00:06.482389961,99458,160,99408,160,99476,160,99284,160,99477,160,99282,160,99537,160,99165,160,99586,160,99158,160,99639,100,99153,100,100057,100,98811,100,100088,100,98744,200,100089,100,98743,100,100134,100,98587,100
2019-06-28 10:00:10.000000000,99458,398,99408,398,99476,100,99284,100,99477,100,99282,100,99537,100,99165,100,99586,100,99158,100,99639,100,99153,100,100057,100,98811,100,100088,100,98744,200,100089,100,98743,100,100134,100,98587,100
2019-06-28 10:00:20.000000000,99458,398,99408,398,99476,100,99284,100,99477,100,99282,100,99537,100,99165,100,99586,100,99158,100,99639,100,99153,100,100057,100,98811,100,100088,100,98744,200,100089,100,98743,100,100134,100,98587,100
2019-06-28 10:00:30.000000000,99458,174,99408,174,99476,174,99284,174,99477,174,99282,174,99537,174,99165,174,99586,100,99158,100,99639,100,99153,100,100057,100,98811,100,100088,100,98744,200,100089,100,98743,100,100134,100,98587,100
2019-06-28 10:00:40.000000000,99458,249,99408,249,99476,249,99284,249,99477,100,99282,100,99537,100,99165,100,99586,100,99158,100,99639,100,99153,100,100057,100,98811,100,100088,100,98744,200,100089,100,98743,100,100134,100,98587,100
2019-06-28 10:00:50.000000000,99458,249,99408,249,99476,249,99284,249,99477,100,99282,100,99537,100,99165,100,99586,100,99158,100,99639,100,99153,100,100057,100,98811,100,100088,100,98744,200,100089,100,98743,100,100134,100,98587,100
2019-06-28 10:00:59.879191377,99458,249,99408,249,99476,249,99339,100,99477,100,99284,249,99537,100,99282,100,99586,100,99165,100,99639,100,99158,100,100057,100,99153,100,100088,100,98811,100,100089,100,98744,200,100134,100,98743,100
2019-06-28 10:01:00.000000000,99458,201,99408,201,99476,198,99339,198,99477,198,99284,198,99537,100,99282,100,99586,100,99165,100,99639,100,99158,100,100057,100,99153,100,100088,100,98811,100,100089,100,98744,200,100134,100,98743,100
2019-06-28 10:01:10.000000000,99458,160,99408,160,99476,160,99339,160,99477,160,99284,160,99537,160,99282,160,99586,160,99165,160,99639,100,99158,100,100057,100,99153,100,100088,100,98811,100,100089,100,98744,200,100134,100,98743,100
2019-06-28 10:01:20.000000000,99458,249,99408,249,99476,249,99339,249,99477,100,99284,100,99537,100,99282,100,99586,100,99165,100,99639,100,99158,100,100057,100,99153,100,100088,100,98811,100,100089,100,98744,200,100134,100,98743,100
2019-06-28 10:01:20.323119929,99458,149,99408,249,99476,249,99339,249,99477,100,99284,100,99537,100,99282,100,99586,100,99165,100,99639,100,99158,100,100057,100,99153,100,100088,100,98811,100,100089,100,98744,200,100134,100,98743,100
2019-06-28 10:01:30.000000000,99476,174,99408,174,99477,174,99339,174,99537,174,99284,174,99586,174,99282,174,99639,100,99165,100,100057,100,99158,100,100088,100,99153,100,100089,100,98811,100,100134,100,98744,200,,,98743,100
2019-06-28 10:01:40.000000000,99476,174,99408,174,99477,174,99339,174,99537,174,99284,174,99586,174,99282,174,99639,100,99165,100,100057,100,99158,100,100088,100,99153,100,100089,100,98811,100,100134,100,98744,200,,,98743,100
2019-06-28 10:01:41.644396490,99476,74,99408,174,99477,174,99339,174,99537,174,99284,174,99586,174,99282,174,99639,100,99165,100,100057,100,99158,100,100088,100,99153,100,100089,100,98811,100,100134,100,98744,200,,,98743,100
2019-06-28 10:01:50.000000000,99477,201,99408,201,99537,198,99339,198,99586,198,99284,198,99639,100,99282,100,100057,100,99165,100,100088,100,99158,100,100089,100,99153,100,100134,100,98811,100,,,98744,200,,,98743,100
2019-06-28 10:01:53.830803405,99477,201,99458,100,99537,198,99408,201,99586,198,99339,198,99639,100,99284,198,100057,100,99282,100,100088,100,99165,100,100089,100,99158,100,100134,100,99153,100,,,98811,100,,,98744,200
2019-06-28 10:01:55.392416972,99477,201,99458,100,99537,198,99408,201,99586,198,99339,198,99639,100,99284,198,100000,100,99282,100,100057,100,99165,100,100088,100,99158,100,100089,100,99153,100,100134,100,98811,100,,,98744,200
2019-06-28 10:02:00.000000000,99477,249,99458,249,99537,249,99408,249,99586,100,99339,100,99639,100,99284,100,100000,100,99282,100,100057,100,99165,100,100088,100,99158,100,100089,100,99153,100,100134,100,98811,100,,,98744,200
2019-06-28 10:02:10.000000000,99477,160,99458,160,99537,160,99408,160,99586,160,99339,160,99639,160,99284,160,100000,160,99282,160,100057,100,99165,100,100088,100,99158,100,100089,100,99153,100,100134,100,98811,100,,,98744,200
2019-06-28 10:02:20.000000000,99477,398,99458,398,99537,100,99408,100,99586,100,99339,100,99639,100,99284,100,100000,100,99282,100,100057,100,99165,100,100088,100,99158,100,100089,100,99153,100,100134,100,98811,100,,,98744,200
2019-06-28 10:02:30.000000000,99477,201,99458,201,99537,198,99408,198,99586,198,99339,198,99639,100,99284,100,100000,100,99282,100,100057,100,99165,100,100088,100,99158,100,100089,100,99153,100,100134,100,98811,100,,,98744,200
2019-06-28 10:02:35.874097599,99477,201,99458,201,99516,100,99408,198,99537,198,99339,198,99586,198,99284,100,99639,100,99282,100,100000,100,99165,100,100057,100,99158,100,100089,100,99153,100,100134,100,98811,100,,,98744,200
2019-06-28 10:02:40.000000000,99477,174,99458,174,99516,174,99408,174,99537,174,99339,174,99586,174,99284,174,99639,100,99282,100,100000,100,99165,100,100057,100,99158,100,100089,100,99153,100,100134,100,98811,100,,,98744,200
2019-06-28 10:02:45.332066311,99477,174,99458,174,99516,174,99408,174,99537,174,99339,174,99586,174,99284,174,99639,100,99282,100,99650,100,99165,100,100000,100,99158,100,100057,100,99153,100,100089,100,98811,100,100134,100,98744,200
2019-06-28 10:02:50.000000000,99477,398,99458,398,99516,100,99408,100,99537,100,99339,100,99586,100,99284,100,99639,100,99282,100,99650,100,99165,100,100000,100,99158,100,100057,100,99153,100,100089,100,98811,100,100134,100,98744,200
2019-06-28 10:03:00.000000000,99477,160,99458,160,99516,160,99408,160,99537,160,99339,160,99586,160,99284,160,99639,160,99282,160,99650,100,99165,100,100000,100,99158,100,100057,100,99153,100,100089,100,98811,100,100134,100,98744,200
2019-06-28 10:03:10.000000000,99477,249,99458,249,99516,249,99408,249,99537,100,99339,100,99586,100,99284,100,99639,100,99282,100,99650,100,99165,100,100000,100,99158,100,100057,100,99153,100,100089,100,98811,100,100134,100,98744,200
2019-06-28 10:03:20.000000000,99477,249,99458,249,99516,249,99408,249,99537,100,99339,100,99586,100,99284,100,99639,100,99282,100,99650,100,99165,100,100000,100,99158,100,100057,100,99153,100,100089,100,98811,100,100134,100,98744,200
2019-06-28 10:03:22.012374529,99477,149,99458,249,99516,249,99408,249,99537,100,99339,100,99586,100,99284,100,99639,100,99282,100,99650,100,99165,100,100000,100,99158,100,100057,100,99153,100,100089,100,98811,100,100134,100,98744,200
2019-06-28 10:03:30.000000000,99516,201,99458,201,99537,198,99408,198,99586,198,99339,198,99639,100,99284,100,99650,100,99282,100,100000,100,99165,100,100057,100,99158,100,100089,100,99153,100,100134,100,98811,100,,,98744,200
2019-06-28 10:03:40.000000000,99516,398,99458,398,99537,100,99408,100,99586,100,99339,100,99639,100,99284,100,99650,100,99282,100,100000,100,99165,100,100057,100,99158,100,100089,100,99153,100,100134,100,98811,100,,,98744,200
2019-06-28 10:03:43.457503725,99516,398,99476,100,99537,100,99458,398,99586,100,99408,100,99639,100,99339,100,99650,100,99284,100,100000,100,99282,100,100057,100,99165,100,100089,100,99158,100,100134,100,99153,100,,,98811,100
2019-06-28 10:03:50.000000000,99516,398,99476,398,99537,100,99458,100,99586,100,99408,100,99639,100,99339,100,99650,100,99284,100,100000,100,99282,100,100057,100,99165,100,100089,100,99158,100,100134,100,99153,100,,,98811,100
2019-06-28 10:04:00.000000000,99516,160,99476,160,99537,160,99458,160,99586,160,99408,160,99639,160,99339,160,99650,160,99284,160,100000,100,99282,100,100057,100,99165,100,100089,100,99158,100,100134,100,99153,100,,,98811,100
2019-06-28 10:04:08.422035324,99516,160,99476,160,99537,160,99458,160,99586,160,99408,160,99639,160,99339,160,99650,160,99284,160,100000,100,99282,100,100057,100,99165,100,100089,100,99158,100,100134,100,99153,100,,,98744,200
2019-06-28 10:04:10.000000000,99516,249,99476,249,99537,249,99458,249,99586,100,99408,100,99639,100,99339,100,99650,100,99284,100,100000,100,99282,100,100057,100,99165,100,100089,100,99158,100,100134,100,99153,100,,,98744,200
2019-06-28 10:04:20.000000000,99516,398,99476,398,99537,100,99458,100,99586,100,99408,100,99639,100,99339,100,99650,100,99284,100,100000,100,99282,100,100057,100,99165,100,100089,100,99158,100,100134,100,99153,100,,,98744,200
2019-06-28 10:04:25.852132316,99516,398,99476,398,99537,100,99458,100,99586,100,99408,100,99639,100,99339,100,99650,100,99284,100,100000,100,99282,100,100057,100,99165,100,100089,100,99158,100,100134,100,99153,100,100155,100,98744,200
2019-06-28 10:04:30.000000000,99516,201,99476,201,99537,198,99458,198,99586,198,99408,198,99639,100,99339,100,99650,100,99284,100,100000,100,99282,100,100057,100,99165,100,100089,100,99158,100,100134,100,99153,100,100155,100,98744,200
2019-06-28 10:04:40.000000000,99516,398,99476,398,99537,100,99458,100,99586,100,99408,100,99639,100,99339,100,99650,100,99284,100,100000,100,99282,100,100057,100,99165,100,100089,100,99158,100,100134,100,99153,100,100155,100,98744,200
2019-06-28 10:04:50.000000000,99516,174,99476,174,99537,174,99458,174,99586,174,99408,174,99639,174,99339,174,99650,100,99284,100,100000,100,99282,100,100057,100,99165,100,100089,100,99158,100,100134,100,99153,100,100155,100,98744,200
2019-06-28 10:04:56.898290091,99516,174,99476,174,99537,174,99458,174,99586,174,99408,174,99639,174,99339,174,99650,100,99284,100,100000,100,99282,100,100057,100,99165,100,100089,100,99158,100,100134,100,99153,100,100155,100,98744,200
2019-06-28 10:05:00.000000000,99516,174,99476,174,99537,174,99458,174,99586,174,99408,174,99639,174,99339,174,99650,100,99284,100,100000,100,99282,100,100057,100,99165,100,100089,100,99158,100,100134,100,99153,100,100155,100,98744,200
2019-06-28 10:05:03.213190407,99516,174,99476,174,99537,174,99458,174,99586,74,99408,174,99639,174,99339,174,99650,100,99284,100,100000,100,99282,100,100057,100,99165,100,100089,100,99158,100,100134,100,99153,100,100155,100,98744,200
2019-06-28 10:05:10.000000000,99516,249,99476,249,99537,249,99458,249,99639,100,99408,100,99650,100,99339,100,100000,100,99284,100,100057,100,99282,100,100089,100,99165,100,100134,100,99158,100,100155,100,99153,100,100230,100,98744,200
2019-06-28 10:05:14.708492427,99516,149,99476,249,99537,249,99458,249,99639,100,99408,100,99650,100,99339,100,100000,100,99284,100,100057,100,99282,100,100089,100,99165,100,100134,100,99158,100,100230,100,99153,100,100297,100,98744,200
2019-06-28 10:05:20.000000000,99537,398,99476,398,99639,100,99458,100,99650,100,99408,100,100000,100,99339,100,100057,100,99284,100,100089,100,99282,100,100134,100,99165,100,100230,100,99158,100,100297,100,99153,100,,,98744,200
2019-06-28 10:05:21.261697986,99537,398,99477,100,99639,100,99476,398,99650,100,99458,100,100000,100,99408,100,100057,100,99339,100,100089,100,99284,100,100134,100,99282,100,100230,100,99165,100,100297,100,99158,100,,,99153,100
2019-06-28 10:05:30.000000000,99537,201,99477,201,99639,198,99476,198,99650,198,99458,198,100000,100,99408,100,100057,100,99339,100,100089,100,99284,100,100134,100,99282,100,100230,100,99165,100,100297,100,99158,100,,,99153,100
2019-06-28 10:05:31.585742531,99537,101,99477,201,99639,198,99476,198,99650,198,99458,198,100000,100,99408,100,100057,100,99339,100,100089,100,99284,100,100134,100,99282,100,100230,100,99165,100,100297,100,99153,100,,,98744,100
2019-06-28 10:05:40.000000000,99639,174,99477,174,99650,174,99476,174,100000,174,99458,174,100057,174,99408,174,100089,100,99339,100,100134,100,99284,100,100230,100,99282,100,100297,100,99165,100,,,99153,100,,,98744,100
2019-06-28 10:05:45.720352817,99639,174,99516,100,99650,174,99477,174,100000,174,99476,174,100057,174,99458,174,100089,100,99408,174,100134,100,99339,100,100230,100,99284,100,100297,100,99282,100,,,99165,100,,,99153,100
2019-06-28 10:05:45.925763096,99639,174,99516,200,99650,174,99477,174,100000,174,99476,174,100057,174,99458,174,100089,100,99408,174,100134,100,99339,100,100230,100,99284,100,100297,100,99282,100,,,99165,100,,,99153,100
2019-06-28 10:05:50.000000000,99639,249,99516,349,99650,249,99477,249,100000,100,99476,100,100057,100,99458,100,100089,100,99408,100,100134,100,99339,100,100230,100,99284,100,100297,100,99282,100,,,99165,100,,,99153,100
2019-06-28 10:05:58.420309136,99639,249,99516,349,99650,249,99477,249,100057,100,99476,100,100089,100,99458,100,100134,100,99408,100,100230,100,99339,100,100297,100,99284,100,100699,100,99282,100,,,99165,100,,,99153,100
2019-06-28 10:05:59.684227491,99639,249,99516,349,99650,249,99477,249,100057,100,99476,100,100089,100,99458,100,100134,100,99408,100,100230,100,99339,100,100297,100,99284,100,100699,100,99282,100,100746,100,99165,100,,,99153,100
2019-06-28 10:06:00.000000000,99639,249,99516,349,99650,249,99477,249,100057,100,99476,100,100089,100,99458,100,100134,100,99408,100,100230,100,99339,100,100297,100,99284,100,100699,100,99282,100,100746,100,99165,100,,,99153,100
2019-06-28 10:06:10.000000000,99639,201,99516,301,99650,198,99477,198,100057,198,99476,198,100089,100,99458,100,100134,100,99408,100,100230,100,99339,100,100297,100,99284,100,100699,100,99282,100,100746,100,99165,100,,,99153,100
2019-06-28 10:06:10.702493778,99639,101,99516,301,99650,198,99477,198,100057,198,99476,198,100089,100,99458,100,100134,100,99408,100,100230,100,99339,100,100297,100,99284,100,100699,100,99282,100,100746,100,99165,100,,,99153,100
2019-06-28 10:06:20.000000000,99650,249,99516,349,100057,249,99477,249,100089,100,99476,100,100134,100,99458,100,100230,100,99408,100,100297,100,99339,100,100699,100,99284,100,100746,100,99282,100,,,99165,100,,,99153,100
2019-06-28 10:06:30.000000000,99650,160,99516,260,100057,160,99477,160,100089,160,99476,160,100134,160,99458,160,100230,160,99408,160,100297,100,99339,100,100699,100,99284,100,100746,100,99282,100,,,99165,100,,,99153,100
2019-06-28 10:06:37.326553867,99650,160,99516,260,100057,160,99477,160,100089,160,99476,160,100134,160,99458,160,100230,160,99408,160,100297,100,99339,100,100699,100,99284,100,100746,100,99282,100,101082,100,99165,100,,,99153,100
2019-06-28 10:06:40.000000000,99650,160,99516,260,100057,160,99477,160,100089,160,99476,160,100134,160,99458,160,100230,160,99408,160,100297,100,99339,100,100699,100,99284,100,100746,100,99282,100,101082,100,99165,100,,,99153,100
2019-06-28 10:06:50.000000000,99650,398,99516,498,100057,100,99477,100,100089,100,99476,100,100134,100,99458,100,100230,100,99408,100,100297,100,99339,100,100699,100,99284,100,100746,100,99282,100,101082,100,99165,100,,,99153,100
2019-06-28 10:07:00.000000000,99650,174,99516,274,100057,174,99477,174,100089,174,99476,174,100134,174,99458,174,100230,100,99408,100,100297,100,99339,100,100699,100,99284,100,100746,100,99282,100,101082,100,99165,100,,,99153,100
2019-06-28 10:07:00.559899439,99650,74,99516,274,100057,174,99477,174,100089,174,99476,174,100134,174,99458,174,100230,100,99408,100,100297,100,99339,100,100699,100,99284,100,100746,100,99282,100,101082,100,99165,100,,,99153,100
2019-06-28 10:07:10.000000000,100057,174,99516,274,100089,174,99477,174,100134,174,99476,174,100230,174,99458,174,100297,100,99408,100,100699,100,99339,100,100746,100,99284,100,101082,100,99282,100,,,99165,100,,,99153,100
2019-06-28 10:07:20.000000000,100057,201,99516,301,100089,198,99477,198,100134,198,99476,198,100230,100,99458,100,100297,100,99408,100,100699,100,99339,100,100746,100,99284,100,101082,100,99282,100,,,99165,100,,,99153,100
2019-06-28 10:07:20.784332864,100057,201,99516,301,100089,198,99477,198,100134,198,99476,198,100230,100,99458,100,100297,100,99408,100,100470,100,99339,100,100699,100,99284,100,100746,100,99282,100,101082,100,99165,100,,,99153,100
2019-06-28 10:07:30.000000000,100057,249,99516,349,100089,249,99477,249,100134,100,99476,100,100230,100,99458,100,100297,100,99408,100,100470,100,99339,100,100699,100,99284,100,100746,100,99282,100,101082,100,99165,100,,,99153,100
2019-06-28 10:07:32.726584650,100057,249,99516,349,100089,249,99477,249,100134,100,99476,100,100230,100,99458,100,100296,100,99408,100,100297,100,99339,100,100470,100,99284,100,100699,100,99282,100,100746,100,99153,100,101082,100,98744,100
2019-06-28 10:07:35.352651434,100057,249,99516,349,100089,249,99477,249,100134,100,99476,100,100230,100,99458,100,100296,100,99408,100,100297,100,99339,100,100425,100,99284,100,100470,100,99282,100,100699,100,99153,100,100746,100,98744,100
2019-06-28 10:07:40.000000000,100057,398,99516,498,100089,100,99477,100,100134,100,99476,100,100230,100,99458,100,100296,100,99408,100,100297,100,99339,100,100425,100,99284,100,100470,100,99282,100,100699,100,99153,100,100746,100,98744,100
2019-06-28 10:07:41.677235573,100057,398,99516,498,100089,100,99477,100,100134,100,99476,100,100230,100,99458,100,100296,100,99408,100,100297,100,99339,100,100335,100,99284,100,100425,100,99282,100,100470,100,99153,100,100699,100,98744,100
2019-06-28 10:07:50.000000000,100057,201,99516,301,100089,198,99477,198,100134,198,99476,198,100230,100,99458,100,100296,100,99408,100,100297,100,99339,100,100335,100,99284,100,100425,100,99282,100,100470,100,99153,100,100699,100,98744,100
2019-06-28 10:08:00.000000000,100057,249,99516,349,100089,249,99477,249,100134,100,99476,100,100230,100,99458,100,100296,100,99408,100,100297,100,99339,100,100335,100,99284,100,100425,100,99282,100,100470,100,99153,100,100699,100,98744,100
2019-06-28 10:08:04.255245337,100057,249,99516,349,100089,249,99477,249,100134,100,99476,100,100228,100,99458,100,100230,100,99408,100,100296,100,99339,100,100297,100,99284,100,100335,100,99282,100,100425,100,99153,100,100470,100,98744,100
2019-06-28 10:08:10.000000000,100057,249,99516,349,100089,249,99477,249,100134,100,99476,100,100228,100,99458,100,100230,100,99408,100,100296,100,99339,100,100297,100,99284,100,100335,100,99282,100,100425,100,99153,100,100470,100,98744,100
2019-06-28 10:08:15.403630092,100057,249,99639,100,100089,249,99516,349,100134,100,99477,249,100228,100,99476,100,100230,100,99458,100,100296,100,99408,100,100297,100,99284,100,100335,100,99282,100,100425,100,99153,100,100470,100,98744,100
2019-06-28 10:08:20.000000000,100057,174,99639,174,100089,174,99516,274,100134,174,99477,174,100228,174,99476,174,100230,100,99458,100,100296,100,99408,100,100297,100,99284,100,100335,100,99282,100,100425,100,99153,100,100470,100,98744,100
2019-06-28 10:08:28.573425599,100040,100,99639,174,100057,174,99516,274,100089,174,99477,174,100134,174,99476,174,100228,174,99458,100,100230,100,99408,100,100296,100,99284,100,100297,100,99282,100,100335,100,99153,100,100425,100,98744,100
2019-06-28 10:08:30.000000000,100040,398,99639,398,100057,100,99516,200,100089,100,99477,100,100134,100,99476,100,100228,100,99458,100,100230,100,99408,100,100296,100,99284,100,100297,100,99282,100,100335,100,99153,100,100425,100,98744,100
2019-06-28 10:08:40.000000000,100040,398,99639,398,100057,100,99516,200,100089,100,99477,100,100134,100,99476,100,100228,100,99458,100,100230,100,99408,100,100296,100,99284,100,100297,100,99282,100,100335,100,99153,100,100425,100,98744,100
2019-06-28 10:08:41.379808127,100040,398,99639,398,100057,100,99516,200,100089,100,99477,100,100134,100,99476,100,100216,100,99458,100,100228,100,99408,100,100230,100,99284,100,100296,100,99282,100,100297,100,99153,100,100335,100,98744,100
2019-06-28 10:08:48.907123136,100040,298,99639,398,100057,100,99516,200,100089,100,99477,100,100134,100,99476,100,100216,100,99458,100,100228,100,99408,100,100230,100,99284,100,100296,100,99282,100,100297,100,99153,100,100335,100,98744,100
2019-06-28 10:08:50.000000000,100057,249,99639,249,100089,249,99516,349,100134,100,99477,100,100216,100,99476,100,100228,100,99458,100,100230,100,99408,100,100296,100,99284,100,100297,100,99282,100,100335,100,99153,100,100425,100,98744,100
2019-06-28 10:08:51.599126291,100057,249,99639,249,100089,249,99516,349,100099,100,99477,100,100134,100,99476,100,100216,100,99458,100,100228,100,99408,100,100230,100,99284,100,100296,100,99282,100,100297,100,99153,100,100335,100,98744,100
2019-06-28 10:08:59.845614855,100057,249,99639,249,100089,249,99516,349,100099,100,99477,100,100134,100,99476,100,100152,100,99458,100,100216,100,99408,100,100228,100,99284,100,100230,100,99282,100,100296,100,99153,100,100297,100,98744,100
2019-06-28 10:09:00.000000000,100057,249,99639,249,100089,249,99516,349,100099,100,99477,100,100134,100,99476,100,100152,100,99458,100,100216,100,99408,100,100228,100,99284,100,100230,100,99282,100,100296,100,99153,100,100297,100,98744,100
2019-06-28 10:09:10.000000000,100057,201,99639,201,100089,198,99516,298,100099,198,99477,198,100134,100,99476,100,100152,100,99458,100,100216,100,99408,100,100228,100,99284,100,100230,100,99282,100,100296,100,99153,100,100297,100,98744,100
2019-06-28 10:09:18.980107397,100057,201,99726,100,100089,198,99639,201,100099,198,99516,298,100134,100,99477,198,100152,100,99476,100,100216,100,99458,100,100228,100,99408,100,100230,100,99284,100,100296,100,99282,100,100297,100,99153,100
2019-06-28 10:09:20.000000000,100057,174,99726,174,100089,174,99639,174,100099,174,99516,274,100134,174,99477,174,100152,100,99476,100,100216,100,99458,100,100228,100,99408,100,100230,100,99284,100,100296,100,99282,100,100297,100,99153,100
2019-06-28 10:09:29.450823163,100057,174,99785,100,100089,174,99726,174,100099,174,99639,174,100134,174,99516,274,100152,100,99477,174,100216,100,99476,100,100228,100,99458,100,100230,100,99408,100,100296,100,99284,100,100335,100,99282,100
2019-06-28 10:09:30.000000000,100057,398,99785,398,100089,100,99726,100,100099,100,99639,100,100134,100,99516,200,100152,100,99477,100,100216,100,99476,100,100228,100,99458,100,100230,100,99408,100,100296,100,99284,100,100335,100,99282,100
