,ask_price_1,ask_size_1,bid_price_1,bid_size_1,ask_price_2,ask_size_2,bid_price_2,bid_size_2,ask_price_3,ask_size_3,bid_price_3,bid_size_3,ask_price_4,ask_size_4,bid_price_4,bid_size_4,ask_price_5,ask_size_5,bid_price_5,bid_size_5,ask_price_6,ask_size_6,bid_price_6,bid_size_6,ask_price_7,ask_size_7,bid_price_7,bid_size_7,ask_price_8,ask_size_8,bid_price_8,bid_size_8,ask_price_9,ask_size_9,bid_price_9,bid_size_9,ask_price_10,ask_size_10,bid_price_10,bid_size_10
2019-06-28 09:30:00.000000001,,,100090,100,,,,,,,,,,,,,,,,,,,,,,,,,,,,,,,,,,,,
2019-06-28 09:30:00.000000005,100174,100,100090,100,,,,,,,,,,,,,,,,,,,,,,,,,,,,,,,,,,,,
2019-06-28 09:30:00.000000008,100174,100,100090,100,,,99927,100,,,,,,,,,,,,,,,,,,,,,,,,,,,,,,,,
2019-06-28 09:30:00.000000009,100143,100,100090,100,100174,100,99927,100,,,,,,,,,,,,,,,,,,,,,,,,,,,,,,,,
2019-06-28 09:30:00.000000010,100143,100,100090,100,100174,100,99960,100,,,99927,100,,,99866,100,,,,,,,,,,,,,,,,,,,,,,,,
2019-06-28 09:30:00.000000012,100103,100,100090,100,100143,100,99960,100,100174,100,99927,100,,,99866,100,,,,,,,,,,,,,,,,,,,,,,,,
2019-06-28 09:30:00.000000013,100103,100,100090,100,100143,100,99960,100,100174,100,99935,100,,,99927,100,,,99925,100,,,99866,100,,,99829,100,,,,,,,,,,,,
2019-06-28 09:30:00.000000014,99986,100,99960,100,100103,100,99935,100,100143,100,99927,100,100174,100,99925,100,,,99866,100,,,99829,100,,,,,,,,,,,,,,,,
2019-06-28 09:30:00.000000015,99986,100,99960,100,100103,100,99935,100,100135,100,99927,100,100143,100,99925,100,100174,100,99866,100,,,99829,100,,,,,,,,,,,,,,,,
2019-06-28 09:30:00.000000016,100103,100,99960,100,100135,100,99935,100,100143,100,99927,100,100174,100,99925,100,,,99866,100,,,99829,100,,,,,,,,,,,,,,,,
2019-06-28 09:30:00.000000018,100090,100,99960,100,100103,100,99935,100,100135,100,99927,100,100143,100,99925,100,100174,100,99866,100,,,99829,100,,,,,,,,,,,,,,,,
2019-06-28 09:30:00.000000021,100090,100,99960,100,100103,100,99935,100,100135,100,99927,100,100143,100,99925,100,100147,100,99866,100,100174,100,99829,100,,,,,,,,,,,,,,,,
2019-06-28 09:30:00.000000026,100090,300,99960,100,100103,100,99935,100,100135,100,99927,100,100143,100,99925,100,100147,100,99866,100,100174,100,99829,100,,,,,,,,,,,,,,,,
2019-06-28 09:30:00.000000029,100090,300,99960,100,100103,100,99935,100,100135,100,99927,100,100143,100,99925,100,100147,100,99891,100,100174,100,99866,100,,,99829,100,,,,,,,,,,,,
2019-06-28 09:30:00.000000030,100083,100,99960,100,100090,300,99935,100,100103,100,99927,100,100135,100,99925,100,100143,100,99891,100,100147,100,99866,100,100174,100,99829,100,,,,,,,,,,,,
2019-06-28 09:30:00.000000031,100083,100,99960,100,100090,400,99935,100,100103,100,99927,100,100135,100,99925,100,100143,100,99891,100,100147,100,99886,100,100174,100,99866,100,,,99829,100,,,,,,,,
2019-06-28 09:30:00.000000032,100083,100,99986,100,100090,400,99960,100,100103,100,99935,100,100135,100,99927,100,100143,100,99925,100,100147,100,99891,100,100174,100,99886,100,,,99866,100,,,99829,100,,,,
2019-06-28 09:30:00.000000033,100079,100,99986,100,100083,100,99960,100,100090,400,99935,100,100103,100,99927,100,100135,100,99925,100,100143,100,99891,100,100147,100,99886,100,100174,100,99866,100,,,99829,100,,,,
2019-06-28 09:30:00.000000034,100015,100,99986,100,100079,100,99960,100,100083,100,99935,100,100090,400,99927,100,100103,100,99925,100,100135,100,99891,100,100143,100,99886,100,100147,100,99866,100,100174,100,99829,100,,,,
2019-06-28 09:30:00.000000038,100079,100,99986,100,100083,100,99960,100,100090,400,99935,100,100103,100,99927,100,100135,100,99925,100,100143,100,99891,100,100147,100,99886,100,100174,100,99866,100,,,99829,100,,,,
2019-06-28 09:30:00.000000039,100079,100,99986,100,100083,100,99960,100,100090,400,99935,100,100103,100,99928,100,100135,100,99927,100,100143,100,99925,100,100147,100,99891,100,100174,100,99886,100,,,99866,100,,,99829,100
2019-06-28 09:30:00.000000041,100079,100,99986,100,100083,100,99960,100,100090,400,99935,100,100103,100,99928,100,100135,100,99927,100,100143,100,99925,100,100147,100,99891,100,100174,100,99887,100,,,99886,100,,,99866,100
2019-06-28 09:30:00.000000042,100006,100,99986,100,100079,100,99965,100,100083,100,99960,100,100090,400,99935,100,100103,100,99928,100,100135,100,99927,100,100143,100,99925,100,100147,100,99891,100,100174,100,99887,100,,,99886,100
2019-06-28 09:30:00.000000044,100006,100,99986,100,100015,100,99965,100,100079,100,99960,100,100083,100,99935,100,100090,400,99928,100,100103,100,99927,100,100135,100,99925,100,100143,100,99891,100,100147,100,99887,100,100174,100,99886,100
2019-06-28 09:30:00.000000045,100006,100,99986,100,100015,100,99965,100,100044,100,99960,100,100058,100,99935,100,100079,100,99928,100,100083,100,99927,100,100090,400,99925,100,100103,100,99891,100,100126,100,99887,100,100135,100,99886,100
2019-06-28 09:30:00.000000046,100006,100,99993,100,100015,100,99986,100,100044,100,99971,100,100058,100,99965,100,100079,100,99960,100,100083,100,99935,100,100090,400,99928,100,100103,100,99927,100,100126,100,99925,100,100135,100,99891,100
2019-06-28 09:30:00.000000047,100006,100,99993,100,100015,100,99986,100,100037,100,99971,100,100044,100,99965,100,100058,100,99960,100,100079,100,99935,100,100083,100,99928,100,100090,400,99927,100,100103,100,99925,100,100126,100,99891,100
2019-06-28 09:30:00.000000051,100006,100,99993,100,100015,100,99986,100,100037,100,99971,100,100044,100,99965,100,100058,100,99960,100,100079,100,99938,100,100083,100,99935,100,100090,400,99928,100,100103,100,99927,100,100126,100,99925,100
2019-06-28 09:30:00.000000053,100006,100,99993,100,100015,100,99986,100,100029,100,99971,100,100037,100,99965,100,100044,100,99960,100,100058,100,99938,100,100079,100,99935,100,100083,100,99928,100,100090,400,99927,100,100103,100,99925,100
2019-06-28 09:30:00.000000055,100006,100,99993,100,100015,100,99986,100,100029,100,99971,100,100037,100,99965,100,100044,100,99960,100,100058,100,99938,100,100074,100,99935,100,100079,100,99928,100,100083,100,99927,100,100090,400,99925,100
2019-06-28 09:30:00.000000057,100006,100,99986,100,100015,100,99971,100,100029,100,99965,100,100037,100,99960,100,100044,100,99938,100,100058,100,99935,100,100074,100,99928,100,100079,100,99927,100,100083,100,99925,100,100090,400,99891,100
2019-06-28 09:30:00.000000059,100006,100,99986,100,100015,100,99971,100,100029,100,99965,100,100037,100,99960,100,100044,100,99938,100,100058,100,99935,100,100074,100,99928,100,100079,100,99927,100,100083,100,99925,100,100090,400,99891,100
2019-06-28 09:30:00.000000060,99990,100,99986,100,100006,100,99971,100,100015,100,99965,100,100029,100,99960,100,100037,100,99938,100,100044,100,99936,100,100058,100,99935,100,100074,100,99928,100,100079,100,99927,100,100083,100,99925,100
2019-06-28 09:30:00.000000061,100006,100,99986,100,100015,100,99971,100,100029,100,99965,100,100037,100,99960,100,100044,100,99938,100,100058,100,99936,100,100074,100,99935,100,100079,100,99928,100,100083,100,99927,100,100090,400,99925,100
2019-06-28 09:30:00.000000066,100006,100,99990,100,100015,100,99986,100,100029,100,99971,100,100037,100,99965,100,100044,100,99960,100,100058,100,99938,100,100074,100,99936,100,100079,100,99935,100,100083,100,99928,100,100090,400,99927,100
2019-06-28 09:30:00.000000067,100006,100,99990,100,100015,100,99986,100,100029,100,99971,100,100037,100,99965,100,100044,100,99960,100,100058,100,99938,100,100074,100,99936,100,100079,100,99935,100,100083,100,99929,100,100090,400,99928,100
2019-06-28 09:30:00.000000075,100006,100,99990,100,100015,100,99986,100,100027,100,99971,100,100029,100,99965,100,100037,100,99960,100,100044,100,99938,100,100058,100,99936,100,100074,100,99935,100,100079,100,99929,100,100083,100,99928,100
2019-06-28 09:30:00.000000083,100006,100,99990,100,100015,100,99986,100,100027,100,99971,100,100029,100,99965,100,100037,100,99960,100,100044,100,99938,100,100058,100,99936,100,100074,100,99935,100,100079,100,99929,100,100083,100,99928,100
2019-06-28 09:30:00.000000084,100015,100,99990,100,100027,100,99986,100,100029,100,99971,100,100037,100,99965,100,100044,100,99960,100,100058,100,99938,100,100074,100,99936,100,100079,100,99935,100,100083,100,99929,100,100090,400,99928,100
2019-06-28 09:30:00.000000087,100015,100,99991,100,100027,100,99990,100,100029,100,99986,100,100037,100,99971,100,100044,100,99965,100,100058,100,99960,100,100074,100,99938,100,100079,100,99936,100,100083,100,99935,100,100090,400,99929,100
2019-06-28 09:30:00.000000090,100015,100,99991,100,100027,100,99990,100,100029,100,99986,100,100037,100,99971,100,100044,100,99965,100,100058,100,99960,100,100074,100,99952,100,100079,100,99938,100,100083,100,99936,100,100090,400,99935,100
2019-06-28 09:30:00.000000093,100015,100,99991,100,100027,100,99990,100,100029,100,99986,100,100037,100,99971,100,100044,100,99965,100,100058,100,99960,100,100074,100,99954,100,100079,100,99952,100,100083,100,99938,100,100088,100,99936,100
2019-06-28 09:30:00.000000097,100015,100,99991,100,100027,100,99990,100,100029,100,99986,100,100037,100,99971,100,100044,100,99965,100,100058,100,99960,100,100074,100,99954,100,100079,100,99952,100,100083,100,99938,100,100088,100,99936,100
2019-06-28 09:30:00.000000099,100015,100,99990,100,100027,100,99986,100,100029,100,99971,100,100037,100,99965,100,100044,100,99960,100,100058,100,99954,100,100074,100,99952,100,100079,100,99938,100,100083,100,99936,100,100088,100,99935,100
2019-06-28 09:30:10.000000000,100015,197,99990,197,100027,197,99986,197,100029,197,99971,197,100037,197,99965,197,100044,100,99960,100,100058,100,99954,100,100074,100,99952,100,100079,100,99938,100,100083,100,99936,100,100088,100,99935,100
2019-06-28 09:30:20.000000000,100015,197,99990,197,100027,197,99986,197,100029,197,99971,197,100037,197,99965,197,100044,100,99960,100,100058,100,99954,100,100074,100,99952,100,100079,100,99938,100,100083,100,99936,100,100088,100,99935,100
2019-06-28 09:30:30.000000000,100015,487,99990,487,100027,100,99986,100,100029,100,99971,100,100037,100,99965,100,100044,100,99960,100,100058,100,99954,100,100074,100,99952,100,100079,100,99938,100,100083,100,99936,100,100088,100,99935,100
2019-06-28 09:30:40.000000000,100015,197,99990,197,100027,197,99986,197,100029,197,99971,197,100037,197,99965,197,100044,100,99960,100,100058,100,99954,100,100074,100,99952,100,100079,100,99938,100,100083,100,99936,100,100088,100,99935,100
2019-06-28 09:30:50.000000000,100015,197,99990,197,100027,197,99986,197,100029,197,99971,197,100037,197,99965,197,100044,100,99960,100,100058,100,99954,100,100074,100,99952,100,100079,100,99938,100,100083,100,99936,100,100088,100,99935,100
2019-06-28 09:30:52.811776638,100015,197,99990,197,100027,197,99986,197,100029,197,99971,197,100037,197,99965,197,100044,100,99960,100,100058,100,99954,100,100074,100,99952,100,100079,100,99938,100,100083,100,99936,100,100088,100,99935,100
2019-06-28 09:30:55.188961533,100015,197,99990,197,100027,197,99986,197,100029,197,99971,197,100037,197,99965,197,100044,100,99960,100,100058,100,99954,100,100074,100,99952,100,100079,100,99938,100,100083,100,99936,100,100088,100,99935,100
2019-06-28 09:31:00.000000000,100015,487,99990,487,100027,100,99986,100,100029,100,99971,100,100037,100,99965,100,100044,100,99960,100,100058,100,99954,100,100074,100,99952,100,100079,100,99938,100,100083,100,99936,100,100088,100,99935,100
2019-06-28 09:31:00.439714989,100015,487,99990,487,100027,100,99971,100,100029,100,99965,100,100037,100,99960,100,100044,100,99954,100,100058,100,99952,100,100074,100,99938,100,100079,100,99936,100,100083,100,99935,100,100088,100,99929,100
2019-06-28 09:31:02.210221387,100015,387,99990,487,100027,100,99971,100,100029,100,99965,100,100037,100,99960,100,100044,100,99954,100,100074,100,99952,100,100079,100,99938,100,100083,100,99936,100,100088,100,99935,100,100090,400,99929,100
2019-06-28 09:31:08.529104867,100015,387,99991,100,100027,100,99990,487,100029,100,99971,100,100037,100,99965,100,100044,100,99960,100,100074,100,99954,100,100079,100,99952,100,100083,100,99938,100,100088,100,99936,100,100090,400,99935,100
2019-06-28 09:31:10.000000000,100027,232,99991,232,100029,228,99990,228,100037,228,99971,228,100044,100,99965,100,100074,100,99960,100,100079,100,99954,100,100083,100,99952,100,100088,100,99938,100,100090,400,99936,100,100095,100,99935,100
2019-06-28 09:31:20.000000000,100027,232,99991,232,100029,228,99990,228,100037,228,99971,228,100044,100,99965,100,100074,100,99960,100,100079,100,99954,100,100083,100,99952,100,100088,100,99938,100,100090,400,99936,100,100095,100,99935,100
2019-06-28 09:31:23.289238671,100027,132,99991,232,100029,228,99990,228,100037,228,99971,228,100044,100,99965,100,100074,100,99960,100,100079,100,99954,100,100088,100,99952,100,100090,400,99938,100,100095,100,99936,100,100103,100,99935,100
2019-06-28 09:31:26.775216535,100027,132,99991,232,100029,228,99990,228,100037,228,99971,228,100044,100,99965,100,100074,100,99960,100,100079,100,99954,100,100088,100,99952,100,100090,400,99938,100,100095,100,99936,100,100103,100,99935,100
2019-06-28 09:31:27.934659104,100027,132,100015,100,100029,228,99991,232,100037,228,99990,228,100044,100,99971,228,100074,100,99965,100,100079,100,99960,100,100088,100,99954,100,100090,400,99952,100,100095,100,99938,100,100103,100,99936,100
2019-06-28 09:31:30.000000000,100029,232,100015,232,100037,228,99991,228,100044,228,99990,228,100074,100,99971,100,100079,100,99965,100,100088,100,99960,100,100090,400,99954,100,100095,100,99952,100,100103,100,99938,100,100119,200,99936,100
2019-06-28 09:31:40.000000000,100029,232,100015,232,100037,228,99991,228,100044,228,99990,228,100074,100,99971,100,100079,100,99965,100,100088,100,99960,100,100090,400,99954,100,100095,100,99952,100,100103,100,99938,100,100119,200,99936,100
2019-06-28 09:31:40.791065949,100029,232,100015,232,100037,228,99991,228,100044,228,99990,228,100074,100,99971,100,100079,100,99965,100,100088,100,99960,100,100090,400,99954,100,100095,100,99952,100,100103,100,99938,100,100119,200,99936,100
2019-06-28 09:31:50.000000000,100029,232,100015,232,100037,228,99991,228,100044,228,99990,228,100074,100,99971,100,100079,100,99965,100,100088,100,99960,100,100090,400,99954,100,100095,100,99952,100,100103,100,99938,100,100119,200,99936,100
2019-06-28 09:31:55.682588118,100029,232,100015,332,100037,228,99991,228,100044,228,99990,228,100074,100,99971,100,100079,100,99965,100,100088,100,99960,100,100090,400,99954,100,100095,100,99952,100,100103,100,99938,100,100119,200,99936,100
2019-06-28 09:32:00.000000000,100029,294,100015,394,100037,294,99991,294,100044,100,99990,100,100074,100,99971,100,100079,100,99965,100,100088,100,99960,100,100090,400,99954,100,100095,100,99952,100,100103,100,99938,100,100119,200,99936,100
2019-06-28 09:32:01.128373907,100029,194,100015,394,100037,294,99991,294,100044,100,99990,100,100074,100,99971,100,100079,100,99965,100,100088,100,99960,100,100090,400,99954,100,100095,100,99952,100,100103,100,99938,100,100119,200,99936,100
2019-06-28 09:32:01.389114494,100029,194,100015,394,100037,294,99991,294,100044,100,99990,100,100074,100,99971,100,100079,100,99965,100,100088,100,99960,100,100090,400,99954,100,100095,100,99952,100,100103,100,99938,100,100119,200,99936,100
2019-06-28 09:32:10.000000000,100037,294,100015,394,100044,294,99991,294,100074,100,99990,100,100079,100,99971,100,100088,100,99965,100,100090,400,99960,100,100095,100,99954,100,100103,100,99952,100,100119,200,99938,100,100135,100,99936,100
2019-06-28 09:32:12.476547991,100037,294,100015,394,100044,294,99991,294,100074,100,99990,100,100079,100,99971,100,100088,100,99965,100,100090,400,99960,100,100095,100,99954,100,100103,100,99952,100,100119,200,99938,100,100135,100,99936,100
2019-06-28 09:32:20.000000000,100037,197,100015,297,100044,197,99991,197,100074,197,99990,197,100079,197,99971,197,100088,100,99965,100,100090,400,99960,100,100095,100,99954,100,100103,100,99952,100,100119,200,99938,100,100135,100,99936,100
2019-06-28 09:32:21.025961972,100037,97,100015,297,100044,197,99991,197,100074,197,99990,197,100079,197,99971,197,100088,100,99965,100,100090,400,99960,100,100095,100,99954,100,100103,100,99952,100,100119,200,99938,100,100135,100,99936,100
2019-06-28 09:32:30.000000000,100044,232,100015,332,100074,228,99991,228,100079,228,99990,228,100088,100,99971,100,100090,400,99965,100,100095,100,99960,100,100103,100,99954,100,100119,200,99952,100,100135,100,99938,100,100143,100,99936,100
2019-06-28 09:32:38.042469205,100044,32,100015,332,100074,228,99991,228,100079,228,99990,228,100088,100,99971,100,100090,400,99965,100,100095,100,99960,100,100103,100,99954,100,100119,200,99952,100,100135,100,99938,100,100143,100,99936,100
2019-06-28 09:32:40.000000000,100074,294,100015,394,100079,294,99991,294,100088,100,99990,100,100090,400,99971,100,100095,100,99965,100,100103,100,99960,100,100119,200,99954,100,100135,100,99952,100,100143,100,99938,100,100147,100,99936,100
2019-06-28 09:32:43.481368640,100074,294,100015,394,100079,194,99991,294,100088,100,99990,100,100090,400,99971,100,100095,100,99965,100,100103,100,99960,100,100119,200,99954,100,100135,100,99952,100,100143,100,99938,100,100147,100,99936,100
2019-06-28 09:32:48.418386951,100074,294,100015,394,100079,194,99991,294,100088,100,99971,100,100090,400,99965,100,100095,100,99960,100,100103,100,99954,100,100119,200,99952,100,100135,100,99938,100,100143,100,99936,100,100147,100,99935,100
2019-06-28 09:32:50.000000000,100074,294,100015,394,100088,294,99991,294,100090,400,99971,100,100095,100,99965,100,100103,100,99960,100,100119,200,99954,100,100135,100,99952,100,100143,100,99938,100,100147,100,99936,100,100154,100,99935,100
2019-06-28 09:32:59.729887298,100074,194,100015,394,100088,294,99991,294,100090,400,99971,100,100095,100,99960,100,100103,100,99954,100,100119,200,99952,100,100135,100,99938,100,100143,100,99936,100,100147,100,99935,100,100154,100,99929,100
2019-06-28 09:33:00.000000000,100088,197,100015,297,100090,497,99991,197,100095,197,99971,197,100103,197,99960,197,100119,200,99954,100,100135,100,99952,100,100143,100,99938,100,100147,100,99936,100,100154,100,99935,100,100174,100,99929,100
2019-06-28 09:33:10.000000000,100088,294,100015,394,100090,594,99991,294,100095,100,99971,100,100103,100,99960,100,100119,200,99954,100,100135,100,99952,100,100143,100,99938,100,100147,100,99936,100,100154,100,99935,100,100174,100,99929,100
2019-06-28 09:33:11.623195273,100088,294,100015,394,100090,594,99991,294,100095,100,99971,100,100103,100,99960,100,100119,200,99954,100,100135,100,99952,100,100143,100,99938,100,100147,100,99936,100,100154,100,99935,100,100174,100,99929,100
2019-06-28 09:33:12.688755305,100088,194,100015,394,100090,594,99991,294,100095,100,99971,100,100103,100,99960,100,100119,200,99954,100,100135,100,99952,100,100143,100,99938,100,100147,100,99936,100,100154,100,99935,100,100174,100,99929,100
2019-06-28 09:33:13.437159976,100088,194,100015,394,100090,594,99991,294,100095,100,99971,100,100103,100,99960,100,100119,200,99952,100,100135,100,99938,100,100143,100,99936,100,100147,100,99935,100,100154,100,99929,100,100174,100,99928,100
2019-06-28 09:33:14.955390742,100088,194,100015,394,100090,594,99991,294,100095,100,99971,100,100103,100,99960,100,100119,200,99952,100,100135,100,99938,100,100143,100,99936,100,100147,100,99935,100,100154,100,99929,100,100174,100,99928,100
2019-06-28 09:33:20.000000000,100090,532,100015,332,100095,228,99991,228,100103,228,99971,228,100119,200,99960,100,100135,100,99952,100,100143,100,99938,100,100147,100,99936,100,100154,100,99935,100,100174,100,99929,100,100192,100,99928,100
2019-06-28 09:33:30.000000000,100090,787,100015,587,100095,100,99991,100,100103,100,99971,100,100119,200,99960,100,100135,100,99952,100,100143,100,99938,100,100147,100,99936,100,100154,100,99935,100,100174,100,99929,100,100192,100,99928,100
2019-06-28 09:33:40.000000000,100090,594,100015,394,100095,294,99991,294,100103,100,99971,100,100119,200,99960,100,100135,100,99952,100,100143,100,99938,100,100147,100,99936,100,100154,100,99935,100,100174,100,99929,100,100192,100,99928,100
2019-06-28 09:33:45.881115505,100090,494,100015,394,100095,294,99991,294,100103,100,99971,100,100119,200,99960,100,100143,100,99952,100,100147,100,99938,100,100154,100,99936,100,100174,100,99935,100,100192,100,99929,100,100395,100,99928,100
2019-06-28 09:33:49.150098439,100090,494,100088,100,100095,294,100015,394,100103,100,99991,294,100119,200,99971,100,100143,100,99960,100,100147,100,99952,100,100154,100,99938,100,100174,100,99936,100,100192,100,99935,100,100395,100,99929,100
2019-06-28 09:33:50.000000000,100090,494,100088,294,100095,294,100015,394,100103,100,99991,100,100119,200,99971,100,100143,100,99960,100,100147,100,99952,100,100154,100,99938,100,100174,100,99936,100,100192,100,99935,100,100395,100,99929,100
2019-06-28 09:33:54.400079667,100090,494,100088,294,100095,294,100015,394,100119,200,99991,100,100143,100,99971,100,100147,100,99960,100,100154,100,99952,100,100174,100,99938,100,100192,100,99936,100,100395,100,99935,100,100407,100,99929,100
2019-06-28 09:34:00.000000000,100090,397,100088,197,100095,197,100015,297,100119,297,99991,197,100143,197,99971,197,100147,100,99960,100,100154,100,99952,100,100174,100,99938,100,100192,100,99936,100,100395,100,99935,100,100407,100,99929,100
2019-06-28 09:34:10.000000000,100090,377,100088,177,100095,177,100015,277,100119,277,99991,177,100143,177,99971,177,100147,177,99960,177,100154,100,99952,100,100174,100,99938,100,100192,100,99936,100,100395,100,99935,100,100407,100,99929,100
2019-06-28 09:34:20.000000000,100090,377,100088,177,100095,177,100015,277,100119,277,99991,177,100143,177,99971,177,100147,177,99960,177,100154,100,99952,100,100174,100,99938,100,100192,100,99936,100,100395,100,99935,100,100407,100,99929,100
2019-06-28 09:34:30.000000000,100090,687,100088,487,100095,100,100015,200,100119,200,99991,100,100143,100,99971,100,100147,100,99960,100,100154,100,99952,100,100174,100,99938,100,100192,100,99936,100,100395,100,99935,100,100407,100,99929,100
2019-06-28 09:34:30.768127457,100090,687,100088,587,100095,100,100015,200,100119,200,99991,100,100143,100,99971,100,100147,100,99960,100,100154,100,99952,100,100174,100,99938,100,100192,100,99936,100,100395,100,99935,100,100407,100,99929,100
2019-06-28 09:34:40.000000000,100090,432,100088,332,100095,228,100015,328,100119,328,99991,228,100143,100,99971,100,100147,100,99960,100,100154,100,99952,100,100174,100,99938,100,100192,100,99936,100,100395,100,99935,100,100407,100,99929,100
2019-06-28 09:34:50.000000000,100090,377,100088,277,100095,177,100015,277,100119,277,99991,177,100143,177,99971,177,100147,177,99960,177,100154,100,99952,100,100174,100,99938,100,100192,100,99936,100,100395,100,99935,100,100407,100,99929,100
2019-06-28 09:35:00.000000000,100090,432,100088,332,100095,228,100015,328,100119,328,99991,228,100143,100,99971,100,100147,100,99960,100,100154,100,99952,100,100174,100,99938,100,100192,100,99936,100,100395,100,99935,100,100407,100,99929,100
2019-06-28 09:35:10.000000000,100090,687,100088,587,100095,100,100015,200,100119,200,99991,100,100143,100,99971,100,100147,100,99960,100,100154,100,99952,100,100174,100,99938,100,100192,100,99936,100,100395,100,99935,100,100407,100,99929,100
2019-06-28 09:35:12.962891256,100090,687,100088,587,100095,100,100015,200,100119,200,99991,100,100143,100,99971,100,100147,100,99960,100,100154,100,99952,100,100174,100,99938,100,100192,100,99936,100,100395,100,99935,100,100407,100,99929,100
2019-06-28 09:35:18.533750216,100090,687,100088,587,100095,100,100015,200,100119,200,99991,100,100143,100,99971,100,100147,100,99960,100,100154,100,99952,100,100174,100,99938,100,100192,100,99936,100,100395,100,99935,100,100407,100,99929,100
2019-06-28 09:35:20.000000000,100090,377,100088,277,100095,177,100015,277,100119,277,99991,177,100143,177,99971,177,100147,177,99960,177,100154,100,99952,100,100174,100,99938,100,100192,100,99936,100,100395,100,99935,100,100407,100,99929,100
2019-06-28 09:35:30.000000000,100090,687,100088,587,100095,100,100015,200,100119,200,99991,100,100143,100,99971,100,100147,100,99960,100,100154,100,99952,100,100174,100,99938,100,100192,100,99936,100,100395,100,99935,100,100407,100,99929,100
2019-06-28 09:35:40.000000000,100090,397,100088,297,100095,197,100015,297,100119,297,99991,197,100143,197,99971,197,100147,100,99960,100,100154,100,99952,100,100174,100,99938,100,100192,100,99936,100,100395,100,99935,100,100407,100,99929,100
2019-06-28 09:35:42.245980650,100090,397,100088,297,100095,197,100015,297,100119,297,99991,197,100143,197,99971,197,100147,100,99960,100,100154,100,99952,100,100174,100,99938,100,100395,100,99936,100,100407,100,99935,100,100484,100,99929,100
2019-06-28 09:35:50.000000000,100090,687,100088,587,100095,100,100015,200,100119,200,99991,100,100143,100,99971,100,100147,100,99960,100,100154,100,99952,100,100174,100,99938,100,100395,100,99936,100,100407,100,99935,100,100484,100,99929,100
2019-06-28 09:36:00.000000000,100090,377,100088,277,100095,177,100015,277,100119,277,99991,177,100143,177,99971,177,100147,177,99960,177,100154,100,99952,100,100174,100,99938,100,100395,100,99936,100,100407,100,99935,100,100484,100,99929,100
2019-06-28 09:36:10.000000000,100090,432,100088,332,100095,228,100015,328,100119,328,99991,228,100143,100,99971,100,100147,100,99960,100,100154,100,99952,100,100174,100,99938,100,100395,100,99936,100,100407,100,99935,100,100484,100,99929,100
2019-06-28 09:36:13.835810669,100090,332,100088,432,100095,228,100015,328,100119,328,99991,228,100143,100,99971,100,100147,100,99960,100,100154,100,99952,100,100174,100,99938,100,100395,100,99936,100,100407,100,99935,100,100484,100,99929,100
2019-06-28 09:36:20.000000000,100090,297,100088,397,100095,197,100015,297,100119,297,99991,197,100143,197,99971,197,100147,100,99960,100,100154,100,99952,100,100174,100,99938,100,100395,100,99936,100,100407,100,99935,100,100484,100,99929,100
2019-06-28 09:36:24.882295170,100090,297,100088,497,100095,197,100015,297,100119,297,99991,197,100143,197,99971,197,100147,100,99960,100,100154,100,99952,100,100174,100,99938,100,100395,100,99936,100,100407,100,99935,100,100484,100,99929,100
2019-06-28 09:36:30.000000000,100090,277,100088,477,100095,177,100015,277,100119,277,99991,177,100143,177,99971,177,100147,177,99960,177,100154,100,99952,100,100174,100,99938,100,100395,100,99936,100,100407,100,99935,100,100484,100,99929,100
2019-06-28 09:36:40.000000000,100090,587,100088,787,100095,100,100015,200,100119,200,99991,100,100143,100,99971,100,100147,100,99960,100,100154,100,99952,100,100174,100,99938,100,100395,100,99936,100,100407,100,99935,100,100484,100,99929,100
2019-06-28 09:36:50.000000000,100090,297,100088,497,100095,197,100015,297,100119,297,99991,197,100143,197,99971,197,100147,100,99960,100,100154,100,99952,100,100174,100,99938,100,100395,100,99936,100,100407,100,99935,100,100484,100,99929,100
2019-06-28 09:36:55.339472613,100090,297,100088,497,100095,197,100015,297,100119,297,99991,197,100143,197,99971,197,100147,100,99960,100,100154,100,99952,100,100174,100,99938,100,100395,100,99936,100,100407,100,99935,100,100484,100,99929,100
2019-06-28 09:36:59.600043149,100090,297,100088,597,100095,197,100015,297,100119,297,99991,197,100143,197,99971,197,100147,100,99960,100,100154,100,99952,100,100174,100,99938,100,100395,100,99936,100,100407,100,99935,100,100484,100,99929,100
2019-06-28 09:37:00.000000000,100090,297,100088,597,100095,197,100015,297,100119,297,99991,197,100143,197,99971,197,100147,100,99960,100,100154,100,99952,100,100174,100,99938,100,100395,100,99936,100,100407,100,99935,100,100484,100,99929,100
2019-06-28 09:37:02.670556946,100090,297,100088,597,100095,197,100015,297,100119,297,99991,197,100143,197,99971,197,100147,100,99952,100,100154,100,99938,100,100174,100,99936,100,100395,100,99935,100,100407,100,99929,100,100484,100,99928,100
2019-06-28 09:37:05.723507385,100090,197,100088,597,100095,197,100015,297,100119,297,99991,197,100143,197,99971,197,100147,100,99952,100,100154,100,99938,100,100174,100,99936,100,100395,100,99935,100,100407,100,99929,100,100484,100,99928,100
2019-06-28 09:37:10.000000000,100090,232,100088,632,100095,228,100015,328,100119,328,99991,228,100143,100,99971,100,100147,100,99952,100,100154,100,99938,100,100174,100,99936,100,100395,100,99935,100,100407,100,99929,100,100484,100,99928,100
2019-06-28 09:37:20.000000000,100090,487,100088,887,100095,100,100015,200,100119,200,99991,100,100143,100,99971,100,100147,100,99952,100,100154,100,99938,100,100174,100,99936,100,100395,100,99935,100,100407,100,99929,100,100484,100,99928,100
2019-06-28 09:37:22.397410886,100090,387,100088,887,100095,100,100015,200,100119,200,99991,100,100143,100,99971,100,100147,100,99952,100,100154,100,99938,100,100174,100,99936,100,100395,100,99935,100,100407,100,99929,100,100484,100,99928,100
2019-06-28 09:37:30.000000000,100095,197,100088,597,100119,297,100015,297,100143,197,99991,197,100147,197,99971,197,100154,100,99952,100,100174,100,99938,100,100395,100,99936,100,100407,100,99935,100,100484,100,99929,100,100559,100,99928,100
2019-06-28 09:37:40.000000000,100095,294,100088,694,100119,394,100015,394,100143,100,99991,100,100147,100,99971,100,100154,100,99952,100,100174,100,99938,100,100395,100,99936,100,100407,100,99935,100,100484,100,99929,100,100559,100,99928,100
2019-06-28 09:37:50.000000000,100095,487,100088,887,100119,200,100015,200,100143,100,99991,100,100147,100,99971,100,100154,100,99952,100,100174,100,99938,100,100395,100,99936,100,100407,100,99935,100,100484,100,99929,100,100559,100,99928,100
2019-06-28 09:37:53.434072268,100095,487,100088,887,100119,200,100015,200,100143,100,99991,100,100147,100,99971,100,100154,100,99952,100,100174,100,99938,100,100395,100,99936,100,100407,100,99929,100,100484,100,99928,100,100559,100,99927,100
2019-06-28 09:37:57.690241023,100095,387,100088,887,100119,200,100015,200,100143,100,99991,100,100147,100,99971,100,100154,100,99952,100,100174,100,99938,100,100395,100,99936,100,100407,100,99928,100,100484,100,99927,100,100559,100,99925,100
2019-06-28 09:38:00.000000000,100119,297,100088,597,100143,197,100015,297,100147,197,99991,197,100154,197,99971,197,100174,100,99952,100,100395,100,99938,100,100407,100,99936,100,100484,100,99928,100,100559,100,99927,100,100606,100,99925,100
2019-06-28 09:38:08.801441180,100119,197,100088,597,100143,197,100015,297,100147,197,99991,197,100154,197,99971,197,100174,100,99952,100,100395,100,99938,100,100407,100,99936,100,100484,100,99928,100,100559,100,99927,100,100606,100,99925,100
2019-06-28 09:38:10.000000000,100119,487,100088,887,100143,100,100015,200,100147,100,99991,100,100154,100,99971,100,100174,100,99952,100,100395,100,99938,100,100407,100,99936,100,100484,100,99928,100,100559,100,99927,100,100606,100,99925,100
2019-06-28 09:38:12.521545441,100119,387,100088,887,100143,100,100015,200,100147,100,99991,100,100154,100,99971,100,100174,100,99952,100,100395,100,99938,100,100407,100,99936,100,100484,100,99928,100,100559,100,99925,100,100606,100,99891,100
2019-06-28 09:38:14.750253626,100119,287,100088,887,100143,100,100015,200,100147,100,99991,100,100154,100,99971,100,100174,100,99952,100,100395,100,99938,100,100407,100,99936,100,100484,100,99928,100,100559,100,99925,100,100606,100,99891,100
2019-06-28 09:38:20.000000000,100143,197,100088,597,100147,197,100015,297,100154,197,99991,197,100174,197,99971,197,100395,100,99952,100,100407,100,99938,100,100484,100,99936,100,100559,100,99928,100,100606,100,99925,100,100659,100,99891,100
2019-06-28 09:38:30.000000000,100143,197,100088,597,100147,197,100015,297,100154,197,99991,197,100174,197,99971,197,100395,100,99952,100,100407,100,99938,100,100484,100,99936,100,100559,100,99928,100,100606,100,99925,100,100659,100,99891,100
2019-06-28 09:38:40.000000000,100143,197,100088,597,100147,197,100015,297,100154,197,99991,197,100174,197,99971,197,100395,100,99952,100,100407,100,99938,100,100484,100,99936,100,100559,100,99928,100,100606,100,99925,100,100659,100,99891,100
2019-06-28 09:38:50.000000000,100143,487,100088,887,100147,100,100015,200,100154,100,99991,100,100174,100,99971,100,100395,100,99952,100,100407,100,99938,100,100484,100,99936,100,100559,100,99928,100,100606,100,99925,100,100659,100,99891,100
2019-06-28 09:39:00.000000000,100143,177,100088,577,100147,177,100015,277,100154,177,99991,177,100174,177,99971,177,100395,177,99952,177,100407,100,99938,100,100484,100,99936,100,100559,100,99928,100,100606,100,99925,100,100659,100,99891,100
2019-06-28 09:39:10.000000000,100143,232,100088,632,100147,228,100015,328,100154,228,99991,228,100174,100,99971,100,100395,100,99952,100,100407,100,99938,100,100484,100,99936,100,100559,100,99928,100,100606,100,99925,100,100659,100,99891,100
2019-06-28 09:39:13.978101702,100143,232,100119,100,100147,228,100088,632,100154,228,100015,328,100174,100,99991,228,100395,100,99971,100,100407,100,99952,100,100484,100,99938,100,100559,100,99936,100,100606,100,99928,100,100659,100,99925,100
2019-06-28 09:39:20.000000000,100143,232,100119,232,100147,228,100088,628,100154,228,100015,328,100174,100,99991,100,100395,100,99971,100,100407,100,99952,100,100484,100,99938,100,100559,100,99936,100,100606,100,99928,100,100659,100,99925,100
2019-06-28 09:39:22.944209000,100143,232,100119,232,100147,228,100088,628,100154,228,100015,328,100174,100,99991,100,100395,100,99971,100,100407,100,99952,100,100484,100,99938,100,100559,100,99936,100,100606,100,99928,100,100659,100,99925,100
2019-06-28 09:39:24.023348755,100143,132,100119,232,100147,228,100088,628,100154,228,100015,328,100174,100,99991,100,100395,100,99971,100,100407,100,99952,100,100484,100,99938,100,100559,100,99936,100,100606,100,99925,100,100659,100,99891,100
2019-06-28 09:39:27.379780780,100143,32,100119,232,100147,228,100088,628,100154,228,100015,328,100174,100,99991,100,100395,100,99971,100,100407,100,99952,100,100484,100,99938,100,100606,100,99936,100,100659,100,99925,100,100740,100,99891,100
2019-06-28 09:39:30.000000000,100147,232,100119,232,100154,228,100088,628,100174,228,100015,328,100395,100,99991,100,100407,100,99971,100,100484,100,99952,100,100606,100,99938,100,100659,100,99936,100,100740,100,99925,100,100766,100,99891,100
2019-06-28 09:39:36.452553448,100147,232,100119,232,100154,228,100088,628,100174,228,100015,328,100395,100,99991,100,100407,100,99971,100,100484,100,99952,100,100606,100,99938,100,100659,100,99936,100,100740,100,99925,100,100766,100,99891,100
2019-06-28 09:39:40.000000000,100147,232,100119,232,100154,228,100088,628,100174,228,100015,328,100395,100,99991,100,100407,100,99971,100,100484,100,99952,100,100606,100,99938,100,100659,100,99936,100,100740,100,99925,100,100766,100,99891,100
2019-06-28 09:39:50.000000000,100147,197,100119,197,100154,197,100088,597,100174,197,100015,297,100395,197,99991,197,100407,100,99971,100,100484,100,99952,100,100606,100,99938,100,100659,100,99936,100,100740,100,99925,100,100766,100,99891,100
2019-06-28 09:40:00.000000000,100147,197,100119,197,100154,197,100088,597,100174,197,100015,297,100395,197,99991,197,100407,100,99971,100,100484,100,99952,100,100606,100,99938,100,100659,100,99936,100,100740,100,99925,100,100766,100,99891,100
2019-06-28 09:40:10.000000000,100147,197,100119,197,100154,197,100088,597,100174,197,100015,297,100395,197,99991,197,100407,100,99971,100,100484,100,99952,100,100606,100,99938,100,100659,100,99936,100,100740,100,99925,100,100766,100,99891,100
2019-06-28 09:40:20.000000000,100147,232,100119,232,100154,228,100088,628,100174,228,100015,328,100395,100,99991,100,100407,100,99971,100,100484,100,99952,100,100606,100,99938,100,100659,100,99936,100,100740,100,99925,100,100766,100,99891,100
2019-06-28 09:40:24.743676327,100147,232,100143,100,100154,228,100119,232,100174,228,100088,628,100395,100,100015,328,100407,100,99991,100,100484,100,99971,100,100606,100,99952,100,100659,100,99938,100,100740,100,99936,100,100766,100,99925,100
2019-06-28 09:40:30.000000000,100147,232,100143,232,100154,228,100119,228,100174,228,100088,628,100395,100,100015,200,100407,100,99991,100,100484,100,99971,100,100606,100,99952,100,100659,100,99938,100,100740,100,99936,100,100766,100,99925,100
2019-06-28 09:40:40.000000000,100147,177,100143,177,100154,177,100119,177,100174,177,100088,577,100395,177,100015,277,100407,177,99991,177,100484,100,99971,100,100606,100,99952,100,100659,100,99938,100,100740,100,99936,100,100766,100,99925,100
2019-06-28 09:40:42.029615551,100147,177,100143,177,100154,177,100119,177,100174,177,100088,577,100395,177,100015,277,100407,177,99991,177,100484,100,99971,100,100606,100,99952,100,100659,100,99938,100,100740,100,99936,100,100766,100,99925,100
2019-06-28 09:40:50.000000000,100147,487,100143,487,100154,100,100119,100,100174,100,100088,500,100395,100,100015,200,100407,100,99991,100,100484,100,99971,100,100606,100,99952,100,100659,100,99938,100,100740,100,99936,100,100766,100,99925,100
2019-06-28 09:40:52.186395546,100147,487,100143,587,100154,100,100119,100,100174,100,100088,500,100395,100,100015,200,100407,100,99991,100,100484,100,99971,100,100606,100,99952,100,100659,100,99938,100,100740,100,99936,100,100766,100,99925,100
2019-06-28 09:40:59.306451874,100147,387,100143,587,100154,100,100119,100,100174,100,100088,500,100395,100,100015,200,100407,100,99991,100,100484,100,99971,100,100606,100,99952,100,100659,100,99938,100,100740,100,99936,100,100766,100,99925,100
2019-06-28 09:41:00.000000000,100154,487,100143,587,100174,100,100119,100,100395,100,100088,500,100407,100,100015,200,100484,100,99991,100,100606,100,99971,100,100659,100,99952,100,100740,100,99938,100,100766,100,99936,100,101157,100,99925,100
2019-06-28 09:41:10.000000000,100154,232,100143,332,100174,228,100119,228,100395,228,100088,628,100407,100,100015,200,100484,100,99991,100,100606,100,99971,100,100659,100,99952,100,100740,100,99938,100,100766,100,99936,100,101157,100,99925,100
2019-06-28 09:41:15.981845830,100154,132,100143,332,100174,128,100119,228,100395,228,100088,628,100407,100,100015,200,100484,100,99991,100,100606,100,99971,100,100659,100,99952,100,100740,100,99938,100,100766,100,99936,100,101157,100,99925,100
2019-06-28 09:41:20.000000000,100395,294,100143,394,100407,294,100119,294,100484,100,100088,500,100606,100,100015,200,100659,100,99991,100,100740,100,99971,100,100766,100,99952,100,101157,100,99938,100,101536,100,99936,100,101640,100,99925,100
2019-06-28 09:41:30.000000000,100395,177,100143,277,100407,177,100119,177,100484,177,100088,577,100606,177,100015,277,100659,177,99991,177,100740,100,99971,100,100766,100,99952,100,101157,100,99938,100,101536,100,99936,100,101640,100,99925,100
2019-06-28 09:41:40.000000000,100395,197,100143,297,100407,197,100119,197,100484,197,100088,597,100606,197,100015,297,100659,100,99991,100,100740,100,99971,100,100766,100,99952,100,101157,100,99938,100,101536,100,99936,100,101640,100,99925,100
2019-06-28 09:41:50.000000000,100395,294,100143,394,100407,294,100119,294,100484,100,100088,500,100606,100,100015,200,100659,100,99991,100,100740,100,99971,100,100766,100,99952,100,101157,100,99938,100,101536,100,99936,100,101640,100,99925,100
2019-06-28 09:42:00.000000000,100395,177,100143,277,100407,177,100119,177,100484,177,100088,577,100606,177,100015,277,100659,177,99991,177,100740,100,99971,100,100766,100,99952,100,101157,100,99938,100,101536,100,99936,100,101640,100,99925,100
2019-06-28 09:42:06.628287827,100395,77,100143,277,100407,177,100119,177,100484,177,100088,577,100606,177,100015,277,100659,177,99991,177,100740,100,99971,100,100766,100,99952,100,101157,100,99938,100,101536,100,99925,100,101640,100,99891,100
2019-06-28 09:42:10.000000000,100407,487,100143,587,100484,100,100119,100,100606,100,100088,500,100659,100,100015,200,100740,100,99991,100,100766,100,99971,100,101157,100,99952,100,101536,100,99938,100,101640,100,99925,100,101824,100,99891,100
2019-06-28 09:42:10.963291230,100407,487,100143,587,100484,100,100119,100,100606,100,100088,500,100659,100,100015,200,100740,100,99991,100,100766,100,99971,100,101157,100,99952,100,101536,100,99938,100,101640,100,99925,100,101712,100,99891,100
2019-06-28 09:42:20.000000000,100407,294,100143,394,100484,294,100119,294,100606,100,100088,500,100659,100,100015,200,100740,100,99991,100,100766,100,99971,100,101157,100,99952,100,101536,100,99938,100,101640,100,99925,100,101712,100,99891,100
2019-06-28 09:42:30.000000000,100407,177,100143,277,100484,177,100119,177,100606,177,100088,577,100659,177,100015,277,100740,177,99991,177,100766,100,99971,100,101157,100,99952,100,101536,100,99938,100,101640,100,99925,100,101712,100,99891,100
2019-06-28 09:42:40.000000000,100407,294,100143,394,100484,294,100119,294,100606,100,100088,500,100659,100,100015,200,100740,100,99991,100,100766,100,99971,100,101157,100,99952,100,101536,100,99938,100,101640,100,99925,100,101712,100,99891,100
2019-06-28 09:42:50.000000000,100407,487,100143,587,100484,100,100119,100,100606,100,100088,500,100659,100,100015,200,100740,100,99991,100,100766,100,99971,100,101157,100,99952,100,101536,100,99938,100,101640,100,99925,100,101712,100,99891,100
2019-06-28 09:42:51.630708435,100407,487,100143,587,100484,100,100119,100,100606,100,100088,500,100659,100,100015,200,100740,100,99991,100,100766,100,99971,100,101157,100,99952,100,101441,100,99938,100,101536,100,99925,100,101640,100,99891,100
2019-06-28 09:43:00.000000000,100407,197,100143,297,100484,197,100119,197,100606,197,100088,597,100659,197,100015,297,100740,100,99991,100,100766,100,99971,100,101157,100,99952,100,101441,100,99938,100,101536,100,99925,100,101640,100,99891,100
2019-06-28 09:43:03.745016178,100407,97,100143,297,100484,197,100119,197,100606,197,100088,597,100659,197,100015,297,100740,100,99991,100,100766,100,99971,100,101157,100,99952,100,101441,100,99938,100,101536,100,99925,100,101640,100,99891,100
2019-06-28 09:43:05.009688761,100407,97,100143,297,100484,197,100119,197,100606,197,100088,597,100659,197,100015,297,100740,100,99991,100,100766,100,99971,100,101157,100,99952,100,101441,100,99938,100,101443,100,99925,100,101536,100,99891,100
2019-06-28 09:43:10.000000000,100484,487,100143,587,100606,100,100119,100,100659,100,100088,500,100740,100,100015,200,100766,100,99991,100,101157,100,99971,100,101441,100,99952,100,101443,100,99938,100,101536,100,99925,100,101640,100,99891,100
2019-06-28 09:43:20.000000000,100484,294,100143,394,100606,294,100119,294,100659,100,100088,500,100740,100,100015,200,100766,100,99991,100,101157,100,99971,100,101441,100,99952,100,101443,100,99938,100,101536,100,99925,100,101640,100,99891,100
2019-06-28 09:43:23.855546688,100484,294,100143,394,100606,294,100119,294,100659,100,100088,500,100740,100,100015,200,100766,100,99991,100,101157,100,99971,100,101441,100,99952,100,101443,100,99938,100,101536,100,99925,100,101640,100,99891,100
2019-06-28 09:43:23.988437505,100484,294,100395,100,100606,294,100143,394,100659,100,100119,294,100740,100,100088,500,100766,100,100015,200,101157,100,99991,100,101441,100,99971,100,101443,100,99952,100,101536,100,99938,100,101640,100,99925,100
2019-06-28 09:43:30.000000000,100484,487,100395,487,100606,100,100143,200,100659,100,100119,100,100740,100,100088,500,100766,100,100015,200,101157,100,99991,100,101441,100,99971,100,101443,100,99952,100,101536,100,99938,100,101640,100,99925,100
2019-06-28 09:43:40.000000000,100484,197,100395,197,100606,197,100143,297,100659,197,100119,197,100740,197,100088,597,100766,100,100015,200,101157,100,99991,100,101441,100,99971,100,101443,100,99952,100,101536,100,99938,100,101640,100,99925,100
2019-06-28 09:43:41.434892689,100484,197,100395,197,100606,197,100143,297,100659,197,100119,197,100740,197,100088,597,100766,100,100015,200,101157,100,99991,100,101441,100,99971,100,101443,100,99952,100,101536,100,99938,100,101549,100,99891,100
2019-06-28 09:43:44.930212338,100484,97,100395,197,100606,197,100143,297,100659,197,100119,197,100740,197,100088,597,100766,100,100015,200,101157,100,99991,100,101441,100,99971,100,101443,100,99938,100,101536,100,99891,100,101549,100,99886,100
2019-06-28 09:43:50.000000000,100606,294,100395,294,100659,294,100143,394,100740,100,100119,100,100766,100,100088,500,101157,100,100015,200,101441,100,99991,100,101443,100,99971,100,101536,100,99938,100,101549,100,99891,100,101640,100,99886,100
2019-06-28 09:44:00.000000000,100606,487,100395,487,100659,100,100143,200,100740,100,100119,100,100766,100,100088,500,101157,100,100015,200,101441,100,99991,100,101443,100,99971,100,101536,100,99938,100,101549,100,99891,100,101640,100,99886,100
2019-06-28 09:44:03.311784891,100606,387,100395,487,100659,100,100143,200,100740,100,100119,100,100766,100,100088,500,101157,100,100015,200,101441,100,99991,100,101443,100,99971,100,101536,100,99938,100,101549,100,99891,100,101640,100,99886,100
2019-06-28 09:44:10.000000000,100659,197,100395,197,100740,197,100143,297,100766,197,100119,197,101157,197,100088,597,101441,100,100015,200,101443,100,99991,100,101536,100,99971,100,101549,100,99938,100,101640,100,99891,100,101709,100,99886,100
2019-06-28 09:44:14.378852686,100659,97,100395,197,100740,197,100143,297,100766,197,100119,197,101157,197,100088,597,101441,100,100015,200,101443,100,99991,100,101536,100,99971,100,101549,100,99938,100,101640,100,99891,100,101709,100,99886,100
2019-06-28 09:44:20.000000000,100740,177,100395,177,100766,177,100143,277,101157,177,100119,177,101441,177,100088,577,101443,177,100015,277,101536,100,99991,100,101549,100,99971,100,101640,100,99938,100,101709,100,99891,100,101712,100,99886,100
2019-06-28 09:44:24.663905318,100740,77,100395,177,100766,177,100143,277,101157,177,100119,177,101441,177,100088,577,101443,177,100015,277,101536,100,99991,100,101549,100,99971,100,101640,100,99938,100,101709,100,99891,100,101712,100,99886,100
2019-06-28 09:44:30.000000000,100766,177,100395,177,101157,177,100143,277,101441,177,100119,177,101443,177,100088,577,101536,177,100015,277,101549,100,99991,100,101640,100,99971,100,101709,100,99938,100,101712,100,99891,100,101824,100,99886,100
2019-06-28 09:44:33.903914923,100766,177,100395,177,101157,177,100143,277,101441,177,100119,177,101443,177,100088,577,101536,177,100015,277,101549,100,99991,100,101624,100,99971,100,101640,100,99891,100,101709,100,99886,100,101712,100,99856,100
2019-06-28 09:44:40.000000000,100766,197,100395,197,101157,197,100143,297,101441,197,100119,197,101443,197,100088,597,101536,100,100015,200,101549,100,99991,100,101624,100,99971,100,101640,100,99891,100,101709,100,99886,100,101712,100,99856,100
2019-06-28 09:44:48.545483512,100766,97,100395,197,101157,197,100143,297,101441,197,100119,197,101443,197,100088,597,101536,100,100015,200,101549,100,99991,100,101624,100,99971,100,101640,100,99891,100,101709,100,99886,100,101712,100,99856,100
2019-06-28 09:44:50.000000000,101157,232,100395,232,101441,228,100143,328,101443,228,100119,228,101536,100,100088,500,101549,100,100015,200,101624,100,99991,100,101640,100,99971,100,101709,100,99891,100,101712,100,99886,100,101824,100,99856,100
2019-06-28 09:44:57.098603645,101157,132,100395,232,101441,228,100143,328,101443,128,100119,228,101536,100,100088,500,101549,100,100015,200,101624,100,99991,100,101640,100,99971,100,101709,100,99891,100,101712,100,99886,100,101824,100,99856,100
2019-06-28 09:45:00.000000000,101441,232,100395,232,101536,228,100143,328,101549,228,100119,228,101624,100,100088,500,101640,100,100015,200,101709,100,99991,100,101712,100,99971,100,101824,100,99891,100,101968,100,99886,100,,,99856,100
2019-06-28 09:45:06.697635457,101441,232,100766,100,101536,228,100395,232,101549,228,100143,328,101624,100,100119,228,101640,100,100088,400,101709,100,100015,200,101712,100,99991,100,101824,100,99971,100,101968,100,99891,100,,,99886,100
2019-06-28 09:45:10.000000000,101441,197,100766,197,101536,197,100395,197,101549,197,100143,297,101624,197,100119,197,101640,100,100088,400,101709,100,100015,200,101712,100,99991,100,101824,100,99971,100,101968,100,99891,100,,,99886,100
2019-06-28 09:45:20.000000000,101441,232,100766,232,101536,228,100395,228,101549,228,100143,328,101624,100,100119,100,101640,100,100088,400,101709,100,100015,200,101712,100,99991,100,101824,100,99971,100,101968,100,99891,100,,,99886,100
2019-06-28 09:45:25.760244710,101441,132,100766,232,101536,228,100395,228,101549,228,100143,328,101624,100,100119,100,101640,100,100088,400,101709,100,100015,200,101824,100,99991,100,101968,100,99971,100,,,99891,100,,,99886,100
2019-06-28 09:45:27.666872495,101441,132,100766,232,101536,228,100395,228,101549,228,100143,328,101624,100,100119,100,101640,100,100088,400,101709,100,100015,200,101824,100,99991,100,101968,100,99971,100,102044,100,99891,100,,,99886,100
2019-06-28 09:45:30.000000000,101536,197,100766,197,101549,197,100395,197,101624,197,100143,297,101640,197,100119,197,101709,100,100088,400,101824,100,100015,200,101968,100,99991,100,102044,100,99971,100,,,99891,100,,,99886,100
2019-06-28 09:45:30.625709233,101536,197,100766,197,101549,197,100395,197,101624,197,100143,297,101640,197,100119,197,101709,100,100088,400,101824,100,100015,100,101968,100,99991,100,102044,100,99971,100,,,99891,100,,,99886,100
2019-06-28 09:45:34.141544760,101536,197,100766,197,101549,197,100395,197,101624,197,100143,297,101640,197,100119,197,101709,100,100088,400,101824,100,100015,100,101968,100,99991,100,101970,100,99971,100,102044,100,99891,100,,,99886,100
2019-06-28 09:45:40.000000000,101536,487,100766,487,101549,100,100395,100,101624,100,100143,200,101640,100,100119,100,101709,100,100088,400,101824,100,100015,100,101968,100,99991,100,101970,100,99971,100,102044,100,99891,100,,,99886,100
2019-06-28 09:45:50.000000000,101536,487,100766,487,101549,100,100395,100,101624,100,100143,200,101640,100,100119,100,101709,100,100088,400,101824,100,100015,100,101968,100,99991,100,101970,100,99971,100,102044,100,99891,100,,,99886,100
2019-06-28 09:45:50.411344694,101536,487,100766,487,101549,100,100395,100,101624,100,100143,200,101640,100,100119,100,101709,100,100088,400,101824,100,100015,100,101905,100,99991,100,101968,100,99971,100,101970,100,99891,100,102044,100,99886,100
2019-06-28 09:45:50.967931460,101536,387,100766,487,101549,100,100395,100,101624,100,100143,200,101640,100,100119,100,101709,100,100088,400,101824,100,100015,100,101905,100,99991,100,101968,100,99971,100,101970,100,99891,100,102044,100,99886,100
2019-06-28 09:46:00.000000000,101549,487,100766,487,101624,100,100395,100,101640,100,100143,200,101709,100,100119,100,101824,100,100088,400,101905,100,100015,100,101968,100,99991,100,101970,100,99971,100,102044,100,99891,100,,,99886,100
2019-06-28 09:46:08.938196713,101549,487,100766,487,101624,100,100395,100,101640,100,100143,200,101709,100,100119,100,101824,100,100088,400,101905,100,100015,100,101968,100,99991,100,101970,100,99971,100,102044,100,99891,100,102085,100,99886,100
2019-06-28 09:46:10.000000000,101549,177,100766,177,101624,177,100395,177,101640,177,100143,277,101709,177,100119,177,101824,177,100088,477,101905,100,100015,100,101968,100,99991,100,101970,100,99971,100,102044,100,99891,100,102085,100,99886,100
2019-06-28 09:46:20.000000000,101549,197,100766,197,101624,197,100395,197,101640,197,100143,297,101709,197,100119,197,101824,100,100088,400,101905,100,100015,100,101968,100,99991,100,101970,100,99971,100,102044,100,99891,100,102085,100,99886,100
2019-06-28 09:46:30.000000000,101549,232,100766,232,101624,228,100395,228,101640,228,100143,328,101709,100,100119,100,101824,100,100088,400,101905,100,100015,100,101968,100,99991,100,101970,100,99971,100,102044,100,99891,100,102085,100,99886,100
2019-06-28 09:46:33.159639551,101549,232,100766,232,101550,100,100395,228,101624,228,100143,328,101640,228,100119,100,101709,100,100088,400,101824,100,100015,100,101905,100,99991,100,101968,100,99971,100,102044,100,99891,100,102085,100,99886,100
2019-06-28 09:46:40.000000000,101549,487,100766,487,101550,100,100395,100,101624,100,100143,200,101640,100,100119,100,101709,100,100088,400,101824,100,100015,100,101905,100,99991,100,101968,100,99971,100,102044,100,99891,100,102085,100,99886,100
2019-06-28 09:46:50.000000000,101549,232,100766,232,101550,228,100395,228,101624,228,100143,328,101640,100,100119,100,101709,100,100088,400,101824,100,100015,100,101905,100,99991,100,101968,100,99971,100,102044,100,99891,100,102085,100,99886,100
2019-06-28 09:47:00.000000000,101549,294,100766,294,101550,294,100395,294,101624,100,100143,200,101640,100,100119,100,101709,100,100088,400,101824,100,100015,100,101905,100,99991,100,101968,100,99971,100,102044,100,99891,100,102085,100,99886,100
2019-06-28 09:47:07.614083083,101549,194,100766,294,101550,294,100395,294,101640,100,100143,200,101709,100,100119,100,101824,100,100088,400,101905,100,100015,100,101968,100,99991,100,102044,100,99971,100,102085,100,99891,100,,,99886,100
2019-06-28 09:47:10.000000000,101550,197,100766,197,101640,197,100395,197,101709,197,100143,297,101824,197,100119,197,101905,100,100088,400,101968,100,100015,100,102044,100,99991,100,102085,100,99971,100,,,99891,100,,,99886,100
2019-06-28 09:47:20.000000000,101550,197,100766,197,101640,197,100395,197,101709,197,100143,297,101824,197,100119,197,101905,100,100088,400,101968,100,100015,100,102044,100,99991,100,102085,100,99971,100,,,99891,100,,,99886,100
2019-06-28 09:47:20.878650167,101550,197,101536,100,101640,197,100766,197,101709,197,100395,197,101824,197,100143,297,101905,100,100119,197,101968,100,100088,400,102044,100,99991,100,102085,100,99971,100,,,99891,100,,,99886,100
2019-06-28 09:47:21.538258372,101550,197,101536,200,101640,197,100766,197,101709,197,100395,197,101824,197,100143,297,101905,100,100119,197,101968,100,100088,300,102044,100,99991,100,102085,100,99971,100,,,99891,100,,,99886,100
2019-06-28 09:47:30.000000000,101550,232,101536,332,101640,228,100766,228,101709,228,100395,228,101824,100,100143,200,101905,100,100119,100,101968,100,100088,300,102044,100,99991,100,102085,100,99971,100,,,99891,100,,,99886,100
2019-06-28 09:47:40.000000000,101550,232,101536,332,101640,228,100766,228,101709,228,100395,228,101824,100,100143,200,101905,100,100119,100,101968,100,100088,300,102044,100,99991,100,102085,100,99971,100,,,99891,100,,,99886,100
2019-06-28 09:47:50.000000000,101550,177,101536,277,101640,177,100766,177,101709,177,100395,177,101824,177,100143,277,101905,177,100119,177,101968,100,100088,300,102044,100,99991,100,102085,100,99971,100,,,99891,100,,,99886,100
2019-06-28 09:48:00.000000000,101550,197,101536,297,101640,197,100766,197,101709,197,100395,197,101824,197,100143,297,101905,100,100119,100,101968,100,100088,300,102044,100,99991,100,102085,100,99971,100,,,99891,100,,,99886,100
2019-06-28 09:48:07.807009753,101550,97,101536,297,101640,197,100766,197,101709,197,100395,197,101824,97,100143,297,101905,100,100119,100,101968,100,100088,300,102044,100,99991,100,102085,100,99971,100,,,99891,100,,,99886,100
2019-06-28 09:48:10.000000000,101640,294,101536,394,101709,294,100766,294,101905,100,100395,100,101968,100,100143,200,102044,100,100119,100,102085,100,100088,300,,,99991,100,,,99971,100,,,99891,100,,,99886,100
2019-06-28 09:48:16.484853947,101548,100,101536,394,101640,294,100766,294,101709,294,100395,100,101905,100,100143,200,101968,100,100119,100,102044,100,100088,300,102085,100,99991,100,,,99971,100,,,99891,100,,,99886,100
2019-06-28 09:48:20.000000000,101548,294,101536,394,101640,294,100766,294,101709,100,100395,100,101905,100,100143,200,101968,100,100119,100,102044,100,100088,300,102085,100,99991,100,,,99971,100,,,99891,100,,,99886,100
2019-06-28 09:48:25.802659264,101548,294,101536,394,101640,294,101364,100,101709,100,100766,294,101905,100,100395,100,101968,100,100143,200,102044,100,100119,100,102085,100,100088,300,,,99991,100,,,99971,100,,,99886,100
2019-06-28 09:48:30.000000000,101548,177,101536,277,101640,177,101364,177,101709,177,100766,177,101905,177,100395,177,101968,177,100143,277,102044,100,100119,100,102085,100,100088,300,,,99991,100,,,99971,100,,,99886,100
2019-06-28 09:48:40.000000000,101548,487,101536,587,101640,100,101364,100,101709,100,100766,100,101905,100,100395,100,101968,100,100143,200,102044,100,100119,100,102085,100,100088,300,,,99991,100,,,99971,100,,,99886,100
2019-06-28 09:48:40.615460184,101548,487,101536,587,101640,100,101364,100,101709,100,100766,100,101905,100,100395,100,101968,100,100143,200,102044,100,100119,100,102085,100,100088,300,102669,100,99991,100,,,99971,100,,,99886,100
2019-06-28 09:48:44.668945284,101548,487,101536,587,101640,100,101364,100,101709,100,100395,100,101905,100,100143,200,101968,100,100119,100,102044,100,100088,300,102085,100,99991,100,102669,100,99971,100,,,99886,100,,,99856,100
2019-06-28 09:48:50.000000000,101548,232,101536,332,101640,228,101364,228,101709,228,100395,228,101905,100,100143,200,101968,100,100119,100,102044,100,100088,300,102085,100,99991,100,102669,100,99971,100,,,99886,100,,,99856,100
2019-06-28 09:48:54.947298491,101548,132,101536,332,101640,228,101364,228,101709,228,100395,228,101905,100,100143,200,101968,100,100119,100,102044,100,100088,300,102085,100,99991,100,102669,100,99971,100,,,99886,100,,,99856,100
2019-06-28 09:49:00.000000000,101640,232,101536,332,101709,228,101364,228,101905,228,100395,228,101968,100,100143,200,102044,100,100119,100,102085,100,100088,300,102669,100,99991,100,,,99971,100,,,99886,100,,,99856,100
2019-06-28 09:49:02.361466136,101640,232,101536,332,101709,228,101364,228,101905,228,100395,228,101968,100,100143,200,102044,100,100088,300,102085,100,99991,100,102669,100,99971,100,,,99886,100,,,99856,100,,,,
2019-06-28 09:49:03.336105642,101640,132,101536,332,101709,228,101364,228,101905,228,100395,228,101968,100,100143,200,102044,100,100088,300,102669,100,99991,100,,,99971,100,,,99886,100,,,99856,100,,,,
2019-06-28 09:49:10.000000000,101709,177,101536,277,101905,177,101364,177,101968,177,100395,177,102044,177,100143,277,102669,177,100088,377,,,99991,100,,,99971,100,,,99886,100,,,99856,100,,,,
2019-06-28 09:49:10.130946563,101709,77,101536,277,101905,177,101364,177,101968,177,100395,177,102044,177,100143,277,102669,177,100088,377,,,99991,100,,,99971,100,,,99886,100,,,99856,100,,,,
2019-06-28 09:49:18.500608528,101709,77,101536,277,101905,177,101364,177,101968,177,100395,177,102044,177,100143,277,102363,100,100088,377,102669,177,99991,100,,,99971,100,,,99886,100,,,99856,100,,,,
2019-06-28 09:49:20.000000000,101905,197,101536,297,101968,197,101364,197,102044,197,100395,197,102363,197,100143,297,102669,100,100088,300,,,99991,100,,,99971,100,,,99886,100,,,99856,100,,,,
2019-06-28 09:49:30.000000000,101905,487,101536,587,101968,100,101364,100,102044,100,100395,100,102363,100,100143,200,102669,100,100088,300,,,99991,100,,,99971,100,,,99886,100,,,99856,100,,,,
2019-06-28 09:49:35.897429750,101905,487,101536,587,101968,100,101364,100,102044,100,100395,100,102271,100,100143,200,102363,100,100088,300,102669,100,99991,100,,,99971,100,,,99886,100,,,99856,100,,,,
2019-06-28 09:49:40.000000000,101905,197,101536,297,101968,197,101364,197,102044,197,100395,197,102271,197,100143,297,102363,100,100088,300,102669,100,99991,100,,,99971,100,,,99886,100,,,99856,100,,,,
2019-06-28 09:49:43.562390062,101905,97,101536,297,101968,197,101364,197,102044,197,100395,197,102271,197,100143,297,102363,100,100088,300,102669,100,99991,100,,,99971,100,,,99856,100,,,,,,,,
2019-06-28 09:49:50.000000000,101968,487,101536,587,102044,100,101364,100,102271,100,100395,100,102363,100,100143,200,102669,100,100088,300,,,99991,100,,,99971,100,,,99856,100,,,,,,,,
2019-06-28 09:50:00.000000000,101968,232,101536,332,102044,228,101364,228,102271,228,100395,228,102363,100,100143,200,102669,100,100088,300,,,99991,100,,,99971,100,,,99856,100,,,,,,,,
2019-06-28 09:50:10.000000000,101968,197,101536,297,102044,197,101364,197,102271,197,100395,197,102363,197,100143,297,102669,100,100088,300,,,99991,100,,,99971,100,,,99856,100,,,,,,,,
2019-06-28 09:50:12.568381079,101968,97,101536,297,102044,197,101364,197,102271,197,100395,197,102363,197,100143,297,102669,100,100088,300,,,99991,100,,,99971,100,,,99856,100,,,,,,,,
2019-06-28 09:50:20.000000000,102044,487,101536,587,102271,100,101364,100,102363,100,100395,100,102669,100,100143,200,,,100088,300,,,99991,100,,,99971,100,,,99856,100,,,,,,,,
2019-06-28 09:50:22.941907417,102044,387,101536,587,102271,100,101364,100,102363,100,100395,100,102669,100,100143,200,,,100088,300,,,99991,100,,,99971,100,,,99856,100,,,,,,,,
2019-06-28 09:50:30.000000000,102271,294,101536,394,102363,294,101364,294,102669,100,100395,100,,,100143,200,,,100088,300,,,99991,100,,,99971,100,,,99856,100,,,,,,,,
2019-06-28 09:50:31.265762321,102271,294,101536,394,102363,294,101364,294,102452,100,100395,100,102669,100,100143,200,,,100088,300,,,99991,100,,,99971,100,,,99856,100,,,,,,,,
2019-06-28 09:50:40.000000000,102271,177,101536,277,102363,177,101364,177,102452,177,100395,177,102669,177,100143,277,102670,77,100088,377,,,99991,100,,,99971,100,,,99856,100,,,,,,,,
2019-06-28 09:50:44.026060846,102271,177,101536,277,102311,100,101364,177,102363,177,100395,177,102452,177,100143,277,102669,177,100088,377,102670,77,99991,100,,,99971,100,,,99856,100,,,,,,,,
2019-06-28 09:50:50.000000000,102271,197,101536,297,102311,197,101364,197,102363,197,100395,197,102452,197,100143,297,102669,100,100088,300,,,99991,100,,,99971,100,,,99856,100,,,,,,,,
2019-06-28 09:50:53.570203262,102271,197,101968,100,102311,197,101536,297,102363,197,101364,197,102452,197,100395,197,102669,100,100143,297,,,100088,300,,,99991,100,,,99971,100,,,99856,100,,,,
2019-06-28 09:51:00.000000000,102271,177,101968,177,102311,177,101536,277,102363,177,101364,177,102452,177,100395,177,102669,177,100143,277,,,100088,300,,,99991,100,,,99971,100,,,99856,100,,,,
2019-06-28 09:51:08.503639715,102271,177,101968,77,102311,177,101536,277,102363,177,101364,177,102452,177,100395,177,102669,177,100143,277,,,100088,300,,,99991,100,,,99971,100,,,99856,100,,,,
2019-06-28 09:51:10.000000000,102271,232,101536,332,102311,228,101364,228,102363,228,100395,228,102452,100,100143,200,102669,100,100088,300,,,99991,100,,,99971,100,,,99856,100,,,,,,,,
2019-06-28 09:51:15.066932743,102271,232,101969,100,102311,228,101536,332,102363,228,101364,228,102452,100,100395,128,102669,100,100143,200,,,100088,300,,,99991,100,,,99971,100,,,99856,100,,,,
2019-06-28 09:51:16.422205503,102183,100,101969,100,102271,232,101536,332,102311,228,101364,228,102363,228,100395,128,102452,100,100143,200,102669,100,100088,300,,,99991,100,,,99971,100,,,99856,100,,,,
2019-06-28 09:51:20.000000000,102183,232,101969,232,102271,228,101536,328,102311,228,101364,228,102363,100,100143,200,102452,100,100088,300,102669,100,99991,100,,,99971,100,,,99856,100,,,,,,,,
2019-06-28 09:51:22.461129589,102043,100,101969,232,102183,232,101536,328,102271,228,101364,228,102311,228,100143,200,102363,100,100088,300,102452,100,99991,100,102669,100,99971,100,,,99856,100,,,,,,,,
2019-06-28 09:51:30.000000000,102043,294,101969,294,102183,294,101536,394,102271,100,101364,100,102311,100,100143,200,102363,100,100088,300,102452,100,99991,100,102669,100,99971,100,,,99856,100,,,,,,,,
2019-06-28 09:51:40.000000000,102043,487,101969,487,102183,100,101536,200,102271,100,101364,100,102311,100,100143,200,102363,100,100088,300,102452,100,99991,100,102669,100,99971,100,,,99856,100,,,,,,,,
2019-06-28 09:51:50.000000000,102043,232,101969,232,102183,228,101536,328,102271,228,101364,228,102311,100,100143,200,102363,100,100088,300,102452,100,99991,100,102669,100,99971,100,,,99856,100,,,,,,,,
2019-06-28 09:51:58.724681776,102043,232,101969,232,102183,228,101536,328,102271,228,101364,228,102311,100,100143,200,102363,100,100088,200,102452,100,99991,100,102669,100,99971,100,,,99856,100,,,,,,,,
2019-06-28 09:52:00.000000000,102043,177,101969,177,102183,177,101536,277,102271,177,101364,177,102311,177,100143,277,102363,177,100088,277,102452,100,99991,100,102669,100,99971,100,,,99856,100,,,,,,,,
2019-06-28 09:52:10.000000000,102043,177,101969,177,102183,177,101536,277,102271,177,101364,177,102311,177,100143,277,102363,177,100088,277,102452,100,99991,100,102669,100,99971,100,,,99856,100,,,,,,,,
2019-06-28 09:52:20.000000000,102043,177,101969,177,102183,177,101536,277,102271,177,101364,177,102311,177,100143,277,102363,177,100088,277,102452,100,99991,100,102669,100,99971,100,,,99856,100,,,,,,,,
2019-06-28 09:52:25.210217146,102043,177,101969,77,102183,177,101536,277,102271,177,101364,177,102311,177,100143,277,102363,177,100088,277,102452,100,99991,100,102669,100,99971,100,,,99856,100,,,,,,,,
2019-06-28 09:52:30.000000000,102043,294,101536,394,102183,294,101364,294,102271,100,100143,200,102311,100,100088,200,102363,100,99991,100,102452,100,99971,100,102669,100,99856,100,,,,,,,,,,,,
2019-06-28 09:52:40.000000000,102043,294,101536,394,102183,294,101364,294,102271,100,100143,200,102311,100,100088,200,102363,100,99991,100,102452,100,99971,100,102669,100,99856,100,,,,,,,,,,,,
2019-06-28 09:52:42.736388179,101969,100,101536,394,102043,294,101364,294,102183,294,100143,200,102271,100,100088,200,102311,100,99991,100,102363,100,99971,100,102452,100,99856,100,102669,100,,,,,,,,,,
2019-06-28 09:52:50.000000000,101969,232,101536,332,102043,228,101364,228,102183,228,100143,328,102271,100,100088,200,102311,100,99991,100,102363,100,99971,100,102452,100,99856,100,102669,100,,,,,,,,,,
2019-06-28 09:53:00.000000000,101969,487,101536,587,102043,100,101364,100,102183,100,100143,200,102271,100,100088,200,102311,100,99991,100,102363,100,99971,100,102452,100,99856,100,102669,100,,,,,,,,,,
2019-06-28 09:53:03.095415201,101969,487,101536,587,102043,100,101364,100,102183,100,101217,100,102271,100,100143,200,102311,100,100088,200,102363,100,99991,100,102452,100,99971,100,102669,100,99856,100,,,,,,,,
2019-06-28 09:53:10.000000000,101969,294,101536,394,102043,294,101364,294,102183,100,101217,100,102271,100,100143,200,102311,100,100088,200,102363,100,99991,100,102452,100,99971,100,102669,100,99856,100,,,,,,,,
2019-06-28 09:53:18.274233412,101969,294,101536,394,102043,294,101364,294,102183,100,101294,100,102271,100,101217,100,102311,100,100143,200,102363,100,100088,200,102452,100,99991,100,102669,100,99971,100,,,99856,100,,,,
2019-06-28 09:53:20.000000000,101969,232,101536,332,102043,228,101364,228,102183,228,101294,228,102271,100,101217,100,102311,100,100143,200,102363,100,100088,200,102452,100,99991,100,102669,100,99971,100,,,99856,100,,,,
2019-06-28 09:53:30.000000000,101969,294,101536,394,102043,294,101364,294,102183,100,101294,100,102271,100,101217,100,102311,100,100143,200,102363,100,100088,200,102452,100,99991,100,102669,100,99971,100,,,99856,100,,,,
2019-06-28 09:53:38.776864662,101969,294,101536,294,102043,294,101364,294,102183,100,101294,100,102271,100,101217,100,102311,100,100143,200,102363,100,100088,200,102452,100,99991,100,102669,100,99971,100,,,99856,100,,,,
2019-06-28 09:53:40.000000000,101969,197,101536,197,102043,197,101364,197,102183,197,101294,197,102271,197,101217,197,102311,100,100143,200,102363,100,100088,200,102452,100,99991,100,102669,100,99971,100,,,99856,100,,,,
2019-06-28 09:53:40.158715565,101969,197,101536,197,102043,197,101364,197,102183,197,101294,197,102271,197,101217,197,102311,100,101086,100,102363,100,100143,200,102452,100,100088,200,102669,100,99991,100,,,99856,100,,,,
2019-06-28 09:53:50.000000000,101969,232,101536,232,102043,228,101364,228,102183,228,101294,228,102271,100,101217,100,102311,100,101086,100,102363,100,100143,200,102452,100,100088,200,102669,100,99991,100,,,99856,100,,,,
2019-06-28 09:54:00.000000000,101969,294,101536,294,102043,294,101364,294,102183,100,101294,100,102271,100,101217,100,102311,100,101086,100,102363,100,100143,200,102452,100,100088,200,102669,100,99991,100,,,99856,100,,,,
2019-06-28 09:54:04.391839240,101969,294,101536,194,102043,294,101364,294,102183,100,101294,100,102271,100,101217,100,102311,100,101086,100,102363,100,100143,200,102452,100,100088,200,102669,100,99991,100,,,99856,100,,,,
2019-06-28 09:54:10.000000000,101969,294,101364,294,102043,294,101294,294,102183,100,101217,100,102271,100,101086,100,102311,100,100143,200,102363,100,100088,200,102452,100,99991,100,102669,100,99856,100,,,,,,,,
2019-06-28 09:54:20.000000000,101969,177,101364,177,102043,177,101294,177,102183,177,101217,177,102271,177,101086,177,102311,177,100143,277,102363,100,100088,200,102452,100,99991,100,102669,100,99856,100,,,,,,,,
2019-06-28 09:54:30.000000000,101969,197,101364,197,102043,197,101294,197,102183,197,101217,197,102271,197,101086,197,102311,100,100143,200,102363,100,100088,200,102452,100,99991,100,102669,100,99856,100,,,,,,,,
2019-06-28 09:54:40.000000000,101969,294,101364,294,102043,294,101294,294,102183,100,101217,100,102271,100,101086,100,102311,100,100143,200,102363,100,100088,200,102452,100,99991,100,102669,100,99856,100,,,,,,,,
2019-06-28 09:54:50.000000000,101969,177,101364,177,102043,177,101294,177,102183,177,101217,177,102271,177,101086,177,102311,177,100143,277,102363,100,100088,200,102452,100,99991,100,102669,100,99856,100,,,,,,,,
2019-06-28 09:54:55.085459941,101969,177,101364,177,102043,177,101294,177,102183,177,101217,177,102271,177,101086,177,102311,177,100143,277,102363,100,100088,200,102452,100,99856,100,102669,100,,,,,,,,,,
2019-06-28 09:55:00.000000000,101969,197,101364,197,102043,197,101294,197,102183,197,101217,197,102271,197,101086,197,102311,100,100143,200,102363,100,100088,200,102452,100,99856,100,102669,100,,,,,,,,,,
2019-06-28 09:55:00.335573787,101969,197,101364,197,102043,197,101294,197,102183,197,101217,197,102271,197,101086,197,102311,100,100143,200,102363,100,100088,200,102452,100,99970,100,102669,100,99856,100,,,,,,,,
2019-06-28 09:55:10.000000000,101969,232,101364,232,102043,228,101294,228,102183,228,101217,228,102271,100,101086,100,102311,100,100143,200,102363,100,100088,200,102452,100,99970,100,102669,100,99856,100,,,,,,,,
2019-06-28 09:55:13.186327984,101969,232,101364,132,102043,228,101294,228,102183,228,101217,228,102271,100,101086,100,102311,100,100143,200,102363,100,100088,200,102452,100,99970,100,102669,100,99856,100,,,,,,,,
2019-06-28 09:55:17.491087653,101969,232,101364,132,102043,228,101294,228,102183,228,101217,228,102271,100,101086,100,102311,100,100311,100,102363,100,100143,200,102452,100,100088,200,102669,100,99970,100,,,99856,100,,,,
2019-06-28 09:55:20.000000000,101969,232,101294,232,102043,228,101217,228,102183,228,101086,228,102271,100,100311,100,102311,100,100143,200,102363,100,100088,200,102452,100,99970,100,102669,100,99856,100,,,,,,,,
2019-06-28 09:55:30.000000000,101969,294,101294,294,102043,294,101217,294,102183,100,101086,100,102271,100,100311,100,102311,100,100143,200,102363,100,100088,200,102452,100,99970,100,102669,100,99856,100,,,,,,,,
2019-06-28 09:55:37.583563045,101969,294,101294,194,102043,294,101217,294,102183,100,101086,100,102271,100,100311,100,102311,100,100143,200,102363,100,100088,200,102452,100,99970,100,102669,100,99856,100,,,,,,,,
2019-06-28 09:55:40.000000000,101969,487,101217,487,102043,100,101086,100,102183,100,100311,100,102271,100,100143,200,102311,100,100088,200,102363,100,99970,100,102452,100,99856,100,102669,100,,,,,,,,,,
2019-06-28 09:55:41.198411295,101969,487,101217,387,102043,100,101086,100,102183,100,100311,100,102271,100,100143,200,102311,100,100088,200,102452,100,99970,100,102669,100,99856,100,,,,,,,,,,,,
2019-06-28 09:55:50.000000000,101969,232,101086,232,102043,228,100311,228,102183,228,100143,328,102271,100,100088,200,102311,100,99970,100,102452,100,99856,100,102669,100,,,,,,,,,,,,,,
2019-06-28 09:56:00.000000000,101969,232,101086,232,102043,228,100311,228,102183,228,100143,328,102271,100,100088,200,102311,100,99970,100,102452,100,99856,100,102669,100,,,,,,,,,,,,,,
2019-06-28 09:56:05.678271476,101294,100,101086,232,101969,232,100311,228,102043,228,100143,328,102183,228,100088,200,102271,100,99970,100,102311,100,99856,100,102452,100,,,102669,100,,,,,,,,,,
2019-06-28 09:56:06.311403616,101294,200,101086,232,101969,232,100311,228,102043,228,100143,328,102183,228,100088,100,102271,100,99970,100,102311,100,99856,100,102452,100,,,102669,100,,,,,,,,,,
2019-06-28 09:56:10.000000000,101294,277,101086,177,101969,177,100311,177,102043,177,100143,277,102183,177,100088,177,102271,177,99970,177,102311,100,99856,100,102452,100,,,102669,100,,,,,,,,,,
2019-06-28 09:56:18.372732447,101294,277,101086,177,101969,177,100311,177,102043,177,100143,277,102183,177,100088,177,102271,177,99970,177,102311,100,99856,100,102452,100,99621,100,102669,100,,,,,,,,,,
2019-06-28 09:56:20.000000000,101294,587,101086,487,101969,100,100311,100,102043,100,100143,200,102183,100,100088,100,102271,100,99970,100,102311,100,99856,100,102452,100,99621,100,102669,100,,,,,,,,,,
2019-06-28 09:56:30.000000000,101294,332,101086,232,101969,228,100311,228,102043,228,100143,328,102183,100,100088,100,102271,100,99970,100,102311,100,99856,100,102452,100,99621,100,102669,100,,,,,,,,,,
2019-06-28 09:56:40.000000000,101294,297,101086,197,101969,197,100311,197,102043,197,100143,297,102183,197,100088,197,102271,100,99970,100,102311,100,99856,100,102452,100,99621,100,102669,100,,,,,,,,,,
2019-06-28 09:56:41.119005888,101294,297,101086,197,101969,197,100311,197,102043,197,100143,297,102183,197,100088,197,102271,100,99995,100,102311,100,99970,100,102452,100,99856,100,102669,100,99621,100,,,,,,,,
2019-06-28 09:56:47.987915660,101294,297,101086,97,101969,197,100311,197,102043,197,100143,297,102183,197,100088,197,102271,100,99995,100,102311,100,99970,100,102452,100,99856,100,102669,100,99621,100,,,,,,,,
2019-06-28 09:56:50.000000000,101294,332,100311,232,101969,228,100143,328,102043,228,100088,228,102183,100,99995,100,102271,100,99970,100,102311,100,99856,100,102452,100,99621,100,102669,100,,,,,,,,,,
2019-06-28 09:57:00.000000000,101294,332,100311,232,101969,228,100143,328,102043,228,100088,228,102183,100,99995,100,102271,100,99970,100,102311,100,99856,100,102452,100,99621,100,102669,100,,,,,,,,,,
2019-06-28 09:57:10.000000000,101294,297,100311,197,101969,197,100143,297,102043,197,100088,197,102183,197,99995,197,102271,100,99970,100,102311,100,99856,100,102452,100,99621,100,102669,100,,,,,,,,,,
2019-06-28 09:57:20.000000000,101294,332,100311,232,101969,228,100143,328,102043,228,100088,228,102183,100,99995,100,102271,100,99970,100,102311,100,99856,100,102452,100,99621,100,102669,100,,,,,,,,,,
2019-06-28 09:57:20.213709877,101294,332,100311,132,101969,228,100143,328,102043,228,100088,228,102183,100,99995,100,102271,100,99970,100,102311,100,99856,100,102452,100,99621,100,102669,100,,,,,,,,,,
2019-06-28 09:57:30.000000000,101294,332,100143,332,101969,228,100088,228,102043,228,99995,228,102183,100,99970,100,102271,100,99856,100,102311,100,99621,100,102452,100,,,102669,100,,,,,,,,,,
2019-06-28 09:57:40.000000000,101294,332,100143,332,101969,228,100088,228,102043,228,99995,228,102183,100,99970,100,102271,100,99856,100,102311,100,99621,100,102452,100,,,102669,100,,,,,,,,,,
2019-06-28 09:57:50.000000000,101294,587,100143,587,101969,100,100088,100,102043,100,99995,100,102183,100,99970,100,102271,100,99856,100,102311,100,99621,100,102452,100,,,102669,100,,,,,,,,,,
2019-06-28 09:58:00.000000000,101294,587,100143,587,101969,100,100088,100,102043,100,99995,100,102183,100,99970,100,102271,100,99856,100,102311,100,99621,100,102452,100,,,102669,100,,,,,,,,,,
2019-06-28 09:58:10.000000000,101294,332,100143,332,101969,228,100088,228,102043,228,99995,228,102183,100,99970,100,102271,100,99856,100,102311,100,99621,100,102452,100,,,102669,100,,,,,,,,,,
2019-06-28 09:58:18.189092683,101294,332,100262,100,101969,228,100143,332,102043,228,100088,228,102183,100,99995,228,102271,100,99970,100,102311,100,99856,100,102452,100,99621,100,102669,100,,,,,,,,,,
2019-06-28 09:58:20.000000000,101294,297,100262,197,101969,197,100143,297,102043,197,100088,197,102183,197,99995,197,102271,100,99970,100,102311,100,99856,100,102452,100,99621,100,102669,100,,,,,,,,,,
2019-06-28 09:58:30.000000000,101294,277,100262,177,101969,177,100143,277,102043,177,100088,177,102183,177,99995,177,102271,177,99970,177,102311,100,99856,100,102452,100,99621,100,102669,100,,,,,,,,,,
2019-06-28 09:58:30.821145623,101294,177,100262,177,101969,177,100143,277,102043,177,100088,177,102183,177,99995,177,102271,177,99970,177,102311,100,99856,100,102452,100,99621,100,102669,100,,,,,,,,,,
2019-06-28 09:58:40.000000000,101294,487,100262,487,101969,100,100143,200,102043,100,100088,100,102183,100,99995,100,102271,100,99970,100,102311,100,99856,100,102452,100,99621,100,102669,100,,,,,,,,,,
2019-06-28 09:58:47.225843412,101086,100,100262,487,101294,487,100143,100,101969,100,100088,100,102043,100,99995,100,102183,100,99970,100,102271,100,99856,100,102311,100,99621,100,102452,100,,,102669,100,,,,,,
2019-06-28 09:58:50.000000000,101086,197,100262,197,101294,197,100143,197,101969,197,100088,197,102043,197,99995,197,102183,100,99970,100,102271,100,99856,100,102311,100,99621,100,102452,100,,,102669,100,,,,,,
2019-06-28 09:59:00.000000000,101086,177,100262,177,101294,177,100143,177,101969,177,100088,177,102043,177,99995,177,102183,177,99970,177,102271,100,99856,100,102311,100,99621,100,102452,100,,,102669,100,,,,,,
2019-06-28 09:59:00.349923489,101086,177,100262,77,101294,177,100143,177,101969,177,100088,177,102043,177,99995,177,102183,177,99970,177,102271,100,99856,100,102311,100,99621,100,102452,100,,,102669,100,,,,,,
2019-06-28 09:59:01.354082881,100262,23,100143,177,101086,177,100088,177,101294,177,99995,177,101969,177,99970,177,102043,177,99856,100,102183,177,99621,100,102271,100,,,102311,100,,,102452,100,,,102669,100,,
2019-06-28 09:59:02.924319513,100262,123,100143,177,101086,177,100088,177,101294,177,99995,177,101969,177,99970,177,102043,177,99856,100,102183,177,99621,100,102271,100,,,102311,100,,,102452,100,,,102669,100,,
2019-06-28 09:59:08.848201271,100262,223,100143,177,101086,177,100088,177,101294,177,99995,177,101969,177,99970,177,102043,177,99856,100,102183,177,99621,100,102271,100,,,102311,100,,,102452,100,,,102669,100,,
2019-06-28 09:59:10.000000000,100262,417,100143,294,101086,294,100088,294,101294,100,99995,100,101969,100,99970,100,102043,100,99856,100,102183,100,99621,100,102271,100,,,102311,100,,,102452,100,,,102669,100,,
2019-06-28 09:59:13.509114070,100262,417,100143,294,101086,294,100088,294,101294,100,99970,100,101969,100,99856,100,102043,100,99820,100,102183,100,99621,100,102271,100,,,102311,100,,,102452,100,,,102669,100,,
2019-06-28 09:59:13.698578580,100262,394,100143,294,101086,294,100088,294,101294,100,99970,100,101969,100,99856,100,102043,100,99820,100,102183,100,99645,100,102271,100,99621,100,102311,100,,,102452,100,,,102669,100,,
2019-06-28 09:59:20.000000000,100262,332,100143,232,101086,228,100088,228,101294,228,99970,228,101969,100,99856,100,102043,100,99820,100,102183,100,99645,100,102271,100,99621,100,102311,100,,,102452,100,,,102669,100,,
2019-06-28 09:59:23.320678956,100262,332,100143,232,101086,228,100088,228,101294,228,99970,128,101969,100,99856,100,102043,100,99820,100,102183,100,99705,100,102271,100,99645,100,102311,100,99621,100,102452,100,,,102669,100,,
2019-06-28 09:59:30.000000000,100262,394,100143,294,101086,294,100088,294,101294,100,99856,100,101969,100,99820,100,102043,100,99705,100,102183,100,99645,100,102271,100,99621,100,102311,100,,,102452,100,,,102669,100,,
2019-06-28 09:59:40.000000000,100262,297,100143,197,101086,197,100088,197,101294,197,99856,197,101969,197,99820,197,102043,100,99705,100,102183,100,99645,100,102271,100,99621,100,102311,100,,,102452,100,,,102669,100,,
2019-06-28 09:59:46.106581624,100262,297,100143,197,101086,197,100088,197,101294,197,100060,100,101969,197,99856,197,102043,100,99820,197,102183,100,99705,100,102271,100,99645,100,102311,100,99621,100,102452,100,,,102669,100,,
2019-06-28 09:59:50.000000000,100262,277,100143,177,101086,177,100088,177,101294,177,100060,177,101969,177,99856,177,102043,177,99820,177,102183,100,99705,100,102271,100,99645,100,102311,100,99621,100,102452,100,,,102669,100,,
2019-06-28 09:59:53.367126338,100262,277,100143,177,101086,177,100088,177,101294,177,100060,177,101969,177,100020,100,102043,177,99856,177,102183,100,99820,177,102271,100,99705,100,102311,100,99645,100,102452,100,99621,100,102669,100,,
2019-06-28 10:00:00.000000000,100262,297,100143,197,101086,197,100088,197,101294,197,100060,197,101969,197,100020,197,102043,100,99856,100,102183,100,99820,100,102271,100,99705,100,102311,100,99645,100,102452,100,99621,100,102669,100,,
2019-06-28 10:00:04.444449992,100262,297,100143,197,100477,100,100088,197,101086,197,100060,197,101294,197,100020,197,101969,197,99856,100,102043,100,99820,100,102183,100,99705,100,102271,100,99645,100,102311,100,99621,100,102452,100,,
2019-06-28 10:00:10.000000000,100262,297,100143,197,100477,197,100088,197,101086,197,100060,197,101294,197,100020,197,101969,100,99856,100,102043,100,99820,100,102183,100,99705,100,102271,100,99645,100,102311,100,99621,100,102452,100,,
2019-06-28 10:00:20.000000000,100262,297,100143,197,100477,197,100088,197,101086,197,100060,197,101294,197,100020,197,101969,100,99856,100,102043,100,99820,100,102183,100,99705,100,102271,100,99645,100,102311,100,99621,100,102452,100,,
2019-06-28 10:00:30.000000000,100262,277,100143,177,100477,177,100088,177,101086,177,100060,177,101294,177,100020,177,101969,177,99856,177,102043,100,99820,100,102183,100,99705,100,102271,100,99645,100,102311,100,99621,100,102452,100,,
2019-06-28 10:00:37.837068626,100262,177,100143,177,100477,177,100088,177,101086,177,100060,177,101294,177,100020,177,101969,177,99856,177,102043,100,99820,100,102183,100,99705,100,102271,100,99645,100,102311,100,99621,100,102452,100,,
2019-06-28 10:00:40.000000000,100262,487,100143,487,100477,100,100088,100,101086,100,100060,100,101294,100,100020,100,101969,100,99856,100,102043,100,99820,100,102183,100,99705,100,102271,100,99645,100,102311,100,99621,100,102452,100,,
2019-06-28 10:00:40.784918364,100262,487,100143,487,100477,100,100088,100,101086,100,100060,100,101294,100,100020,100,101969,100,99856,100,102043,100,99820,100,102183,100,99705,100,102271,100,99645,100,102311,100,99638,100,102452,100,99621,100
2019-06-28 10:00:45.768153521,100262,587,100143,487,100477,100,100088,100,101086,100,100060,100,101294,100,100020,100,101969,100,99856,100,102043,100,99820,100,102183,100,99705,100,102271,100,99645,100,102311,100,99638,100,102452,100,99621,100
2019-06-28 10:00:50.000000000,100262,332,100143,232,100477,228,100088,228,101086,228,100060,228,101294,100,100020,100,101969,100,99856,100,102043,100,99820,100,102183,100,99705,100,102271,100,99645,100,102311,100,99638,100,102452,100,99621,100
2019-06-28 10:00:56.831923245,100262,332,100143,132,100477,228,100088,228,101086,228,100060,228,101294,100,100020,100,101969,100,99856,100,102043,100,99820,100,102183,100,99705,100,102271,100,99645,100,102311,100,99638,100,102452,100,99621,100
2019-06-28 10:01:00.000000000,100262,332,100088,232,100477,228,100060,228,101086,228,100020,228,101294,100,99856,100,101969,100,99820,100,102043,100,99705,100,102183,100,99645,100,102271,100,99638,100,102311,100,99621,100,102452,100,,
2019-06-28 10:01:10.000000000,100262,587,100088,487,100477,100,100060,100,101086,100,100020,100,101294,100,99856,100,101969,100,99820,100,102043,100,99705,100,102183,100,99645,100,102271,100,99638,100,102311,100,99621,100,102452,100,,
2019-06-28 10:01:12.885402099,100262,587,100088,487,100477,100,100060,100,101086,100,100020,100,101294,100,99856,100,101969,100,99820,100,102043,100,99705,100,102183,100,99645,100,102271,100,99638,100,102311,100,99621,100,102452,100,99602,100
2019-06-28 10:01:18.520810306,100262,587,100088,487,100477,100,100060,100,101086,100,100020,100,101294,100,99856,100,101969,100,99820,100,102043,100,99762,100,102183,100,99705,100,102271,100,99645,100,102311,100,99638,100,102452,100,99621,100
2019-06-28 10:01:20.000000000,100262,394,100088,294,100477,294,100060,294,101086,100,100020,100,101294,100,99856,100,101969,100,99820,100,102043,100,99762,100,102183,100,99705,100,102271,100,99645,100,102311,100,99638,100,102452,100,99621,100
2019-06-28 10:01:20.704807428,100262,394,100088,294,100477,194,100060,294,101086,100,100020,100,101294,100,99856,100,101969,100,99820,100,102043,100,99787,100,102183,100,99762,100,102271,100,99705,100,102311,100,99645,100,102452,100,99638,100
2019-06-28 10:01:30.000000000,100262,297,100088,197,101086,197,100060,197,101294,197,100020,197,101969,197,99856,197,102043,100,99820,100,102183,100,99787,100,102271,100,99762,100,102311,100,99705,100,102452,100,99645,100,102669,100,99638,100
2019-06-28 10:01:35.506163757,100262,297,100088,97,101086,197,100060,197,101294,197,100020,197,101969,197,99856,197,102043,100,99820,100,102183,100,99787,100,102271,100,99762,100,102311,100,99705,100,102452,100,99645,100,102669,100,99638,100
2019-06-28 10:01:39.976022808,100262,297,100088,97,101086,197,100060,197,101294,197,100020,197,101969,197,99856,197,102043,100,99820,100,102183,100,99787,100,102271,100,99762,100,102311,100,99705,100,102452,100,99645,100,102669,100,99638,100
2019-06-28 10:01:40.000000000,100262,277,100060,177,101086,177,100020,177,101294,177,99856,177,101969,177,99820,177,102043,177,99787,177,102183,100,99762,100,102271,100,99705,100,102311,100,99645,100,102452,100,99638,100,102669,100,99621,100
2019-06-28 10:01:42.118970724,100262,277,100060,177,101086,177,100020,177,101294,177,99856,177,101969,177,99820,177,102043,177,99787,177,102183,100,99762,100,102271,100,99705,100,102311,100,99645,100,102452,100,99638,100,102669,100,99621,100
2019-06-28 10:01:45.477092811,100262,277,100060,77,101086,177,100020,177,101294,177,99856,177,101969,177,99820,177,102043,177,99787,177,102183,100,99762,100,102271,100,99705,100,102311,100,99645,100,102452,100,99638,100,102669,100,99621,100
2019-06-28 10:01:50.000000000,100262,297,100020,197,101086,197,99856,197,101294,197,99820,197,101969,197,99787,197,102043,100,99762,100,102183,100,99705,100,102271,100,99645,100,102311,100,99638,100,102452,100,99621,100,102669,100,99602,100
2019-06-28 10:01:53.390338260,100262,297,100020,97,101086,197,99856,197,101294,197,99820,197,101969,197,99787,197,102043,100,99762,100,102271,100,99705,100,102311,100,99645,100,102452,100,99638,100,102669,100,99621,100,,,99602,100
2019-06-28 10:02:00.000000000,100262,277,99856,177,101086,177,99820,177,101294,177,99787,177,101969,177,99762,177,102043,177,99705,177,102271,100,99645,100,102311,100,99638,100,102452,100,99621,100,102669,100,99602,100,,,99365,100
2019-06-28 10:02:10.000000000,100262,394,99856,294,101086,294,99820,294,101294,100,99787,100,101969,100,99762,100,102043,100,99705,100,102271,100,99645,100,102311,100,99638,100,102452,100,99621,100,102669,100,99602,100,,,99365,100
2019-06-28 10:02:13.973538914,100262,394,99856,294,101086,294,99820,294,101294,100,99787,100,101969,100,99762,100,102043,100,99705,100,102271,100,99645,100,102311,100,99638,100,102452,100,99602,100,102669,100,99542,100,,,99365,100
2019-06-28 10:02:18.481379477,100262,394,99856,294,101086,194,99820,294,101294,100,99787,100,101969,100,99762,100,102043,100,99705,100,102271,100,99645,100,102311,100,99638,100,102452,100,99602,100,102669,100,99542,100,,,99365,100
2019-06-28 10:02:20.000000000,100262,587,99856,487,101294,100,99820,100,101969,100,99787,100,102043,100,99762,100,102271,100,99705,100,102311,100,99645,100,102452,100,99638,100,102669,100,99602,100,,,99542,100,,,99365,100
2019-06-28 10:02:25.966845863,100262,587,99856,387,101294,100,99820,100,101969,100,99787,100,102043,100,99762,100,102271,100,99645,100,102311,100,99638,100,102452,100,99602,100,102669,100,99542,100,,,99365,100,,,99188,100
2019-06-28 10:02:30.000000000,100262,297,99820,197,101294,197,99787,197,101969,197,99762,197,102043,197,99645,197,102271,100,99638,100,102311,100,99602,100,102452,100,99542,100,102669,100,99365,100,,,99188,100,,,,
2019-06-28 10:02:40.000000000,100262,297,99820,197,101294,197,99787,197,101969,197,99762,197,102043,197,99645,197,102271,100,99638,100,102311,100,99602,100,102452,100,99542,100,102669,100,99365,100,,,99188,100,,,,
2019-06-28 10:02:44.031006745,100262,297,100016,100,101294,197,99820,197,101969,197,99787,197,102043,197,99762,197,102271,100,99645,197,102311,100,99638,100,102452,100,99602,100,102669,100,99542,100,,,99365,100,,,99188,100
2019-06-28 10:02:50.000000000,100262,587,100016,487,101294,100,99820,100,101969,100,99787,100,102043,100,99762,100,102271,100,99645,100,102311,100,99638,100,102452,100,99602,100,102669,100,99542,100,,,99365,100,,,99188,100
2019-06-28 10:03:00.000000000,100262,277,100016,177,101294,177,99820,177,101969,177,99787,177,102043,177,99762,177,102271,177,99645,177,102311,100,99638,100,102452,100,99602,100,102669,100,99542,100,,,99365,100,,,99188,100
2019-06-28 10:03:07.771590219,100020,100,100016,177,100262,277,99820,177,101294,177,99787,177,101969,177,99762,177,102043,177,99645,177,102271,177,99638,100,102311,100,99602,100,102452,100,99542,100,102669,100,99365,100,,,99188,100
2019-06-28 10:03:10.000000000,100020,232,100016,232,100262,328,99820,228,101294,228,99787,228,101969,100,99762,100,102043,100,99645,100,102271,100,99638,100,102311,100,99602,100,102452,100,99542,100,102669,100,99365,100,,,99188,100
2019-06-28 10:03:13.248649867,100020,232,100016,232,100262,328,99820,228,101294,228,99787,228,101969,100,99777,100,102043,100,99762,100,102271,100,99645,100,102311,100,99638,100,102452,100,99602,100,102669,100,99365,100,,,99188,100
2019-06-28 10:03:14.548337004,100020,232,100016,232,100034,100,99820,228,100262,328,99787,228,101294,228,99777,100,101969,100,99762,100,102043,100,99645,100,102271,100,99638,100,102311,100,99602,100,102669,100,99365,100,,,99188,100
2019-06-28 10:03:20.000000000,100020,487,100016,487,100034,100,99820,100,100262,200,99787,100,101294,100,99777,100,101969,100,99762,100,102043,100,99645,100,102271,100,99638,100,102311,100,99602,100,102669,100,99365,100,,,99188,100
2019-06-28 10:03:30.000000000,100020,232,100016,232,100034,228,99820,228,100262,328,99787,228,101294,100,99777,100,101969,100,99762,100,102043,100,99645,100,102271,100,99638,100,102311,100,99602,100,102669,100,99365,100,,,99188,100
2019-06-28 10:03:32.292549098,100020,332,100016,232,100034,228,99820,228,100262,328,99787,228,101294,100,99777,100,101969,100,99762,100,102043,100,99645,100,102271,100,99638,100,102311,100,99602,100,102669,100,99365,100,,,99188,100
2019-06-28 10:03:35.406320371,100020,332,100016,232,100034,228,99820,228,100262,328,99787,228,101294,100,99777,100,101969,100,99762,100,102271,100,99645,100,102311,100,99638,100,102669,100,99602,100,,,99365,100,,,99188,100
2019-06-28 10:03:40.000000000,100020,277,100016,177,100034,177,99820,177,100262,277,99787,177,101294,177,99777,177,101969,177,99762,177,102271,100,99645,100,102311,100,99638,100,102669,100,99602,100,,,99365,100,,,99188,100
2019-06-28 10:03:50.000000000,100020,297,100016,197,100034,197,99820,197,100262,297,99787,197,101294,197,99777,197,101969,100,99762,100,102271,100,99645,100,102311,100,99638,100,102669,100,99602,100,,,99365,100,,,99188,100
2019-06-28 10:04:00.000000000,100020,587,100016,487,100034,100,99820,100,100262,200,99787,100,101294,100,99777,100,101969,100,99762,100,102271,100,99645,100,102311,100,99638,100,102669,100,99602,100,,,99365,100,,,99188,100
2019-06-28 10:04:00.819628445,100020,587,100016,387,100034,100,99820,100,100262,200,99787,100,101294,100,99777,100,101969,100,99762,100,102271,100,99645,100,102311,100,99638,100,102669,100,99602,100,,,99365,100,,,99188,100
2019-06-28 10:04:01.760452245,100020,587,100016,387,100034,100,99857,100,100262,200,99820,100,101294,100,99787,100,101969,100,99777,100,102271,100,99762,100,102311,100,99645,100,102669,100,99638,100,,,99602,100,,,99365,100
2019-06-28 10:04:10.000000000,100020,332,99857,232,100034,228,99820,228,100262,328,99787,228,101294,100,99777,100,101969,100,99762,100,102271,100,99645,100,102311,100,99638,100,102669,100,99602,100,,,99365,100,,,99188,100
2019-06-28 10:04:20.000000000,100020,277,99857,177,100034,177,99820,177,100262,277,99787,177,101294,177,99777,177,101969,177,99762,177,102271,100,99645,100,102311,100,99638,100,102669,100,99602,100,,,99365,100,,,99188,100
2019-06-28 10:04:27.063144932,100020,277,99857,177,100034,177,99820,177,100262,277,99787,177,101294,177,99777,177,101969,177,99762,177,102271,100,99644,100,102311,100,99638,100,102669,100,99602,100,,,99365,100,,,99188,100
2019-06-28 10:04:30.000000000,100020,277,99857,177,100034,177,99820,177,100262,277,99787,177,101294,177,99777,177,101969,177,99762,177,102271,100,99644,100,102311,100,99638,100,102669,100,99602,100,,,99365,100,,,99188,100
2019-06-28 10:04:40.000000000,100020,332,99857,232,100034,228,99820,228,100262,328,99787,228,101294,100,99777,100,101969,100,99762,100,102271,100,99644,100,102311,100,99638,100,102669,100,99602,100,,,99365,100,,,99188,100
2019-06-28 10:04:50.000000000,100020,332,99857,232,100034,228,99820,228,100262,328,99787,228,101294,100,99777,100,101969,100,99762,100,102271,100,99644,100,102311,100,99638,100,102669,100,99602,100,,,99365,100,,,99188,100
2019-06-28 10:04:52.495968207,100020,332,99857,232,100034,228,99820,228,100262,328,99787,228,100308,100,99777,100,101294,100,99762,100,101969,100,99644,100,102311,100,99638,100,102669,100,99602,100,,,99365,100,,,99188,100
2019-06-28 10:04:54.730107844,100020,332,99857,232,100034,228,99820,228,100262,328,99787,228,100308,100,99777,100,100340,100,99762,100,101294,100,99644,100,101969,100,99638,100,102311,100,99602,100,102669,100,99365,100,,,99188,100
2019-06-28 10:05:00.000000000,100020,394,99857,294,100034,294,99820,294,100262,200,99787,100,100308,100,99777,100,100340,100,99762,100,101294,100,99644,100,101969,100,99638,100,102311,100,99602,100,102669,100,99365,100,,,99188,100
2019-06-28 10:05:01.390426235,100020,394,99857,294,100034,294,99820,294,100224,100,99787,100,100262,200,99777,100,100308,100,99762,100,100340,100,99644,100,101294,100,99638,100,101969,100,99602,100,102311,100,99365,100,102669,100,99188,100
2019-06-28 10:05:09.084522206,100020,294,99857,294,100034,294,99820,294,100224,100,99787,100,100262,200,99777,100,100308,100,99762,100,100340,100,99644,100,101294,100,99638,100,101969,100,99602,100,102311,100,99365,100,102669,100,99188,100
2019-06-28 10:05:10.000000000,100020,294,99857,294,100034,294,99820,294,100224,100,99787,100,100262,200,99777,100,100308,100,99762,100,100340,100,99644,100,101294,100,99638,100,101969,100,99602,100,102311,100,99365,100,102669,100,99188,100
2019-06-28 10:05:19.156493534,100020,294,99857,294,100034,294,99820,294,100224,100,99787,100,100262,100,99777,100,100308,100,99762,100,100340,100,99644,100,101294,100,99638,100,101969,100,99602,100,102311,100,99365,100,102669,100,99188,100
2019-06-28 10:05:20.000000000,100020,232,99857,232,100034,228,99820,228,100224,228,99787,228,100262,100,99777,100,100308,100,99762,100,100340,100,99644,100,101294,100,99638,100,101969,100,99602,100,102311,100,99365,100,102669,100,99188,100
2019-06-28 10:05:30.000000000,100020,197,99857,197,100034,197,99820,197,100224,197,99787,197,100262,197,99777,197,100308,100,99762,100,100340,100,99644,100,101294,100,99638,100,101969,100,99602,100,102311,100,99365,100,102669,100,99188,100
2019-06-28 10:05:40.000000000,100020,487,99857,487,100034,100,99820,100,100224,100,99787,100,100262,100,99777,100,100308,100,99762,100,100340,100,99644,100,101294,100,99638,100,101969,100,99602,100,102311,100,99365,100,102669,100,99188,100
2019-06-28 10:05:49.250987212,100020,487,99857,487,100034,100,99820,100,100074,100,99787,100,100224,100,99777,100,100262,100,99762,100,100308,100,99644,100,100340,100,99638,100,101294,100,99602,100,101969,100,99365,100,102311,100,99188,100
2019-06-28 10:05:50.000000000,100020,487,99857,487,100034,100,99820,100,100074,100,99787,100,100224,100,99777,100,100262,100,99762,100,100308,100,99644,100,100340,100,99638,100,101294,100,99602,100,101969,100,99365,100,102311,100,99188,100
2019-06-28 10:06:00.000000000,100020,294,99857,294,100034,294,99820,294,100074,100,99787,100,100224,100,99777,100,100262,100,99762,100,100308,100,99644,100,100340,100,99638,100,101294,100,99602,100,101969,100,99365,100,102311,100,99188,100
2019-06-28 10:06:03.565661074,100020,294,99857,294,100034,294,99820,294,100074,100,99787,100,100224,100,99777,100,100262,100,99762,100,100308,100,99644,100,100340,100,99638,100,101294,100,99602,100,101969,100,99398,100,102311,100,99365,100
2019-06-28 10:06:09.966516592,99906,100,99857,294,100020,294,99820,294,100034,294,99787,100,100074,100,99777,100,100224,100,99762,100,100262,100,99644,100,100308,100,99638,100,100340,100,99602,100,101294,100,99398,100,101969,100,99365,100
2019-06-28 10:06:10.000000000,99906,487,99857,487,100020,100,99820,100,100034,100,99787,100,100074,100,99777,100,100224,100,99762,100,100262,100,99644,100,100308,100,99638,100,100340,100,99602,100,101294,100,99398,100,101969,100,99365,100
2019-06-28 10:06:20.000000000,99906,177,99857,177,100020,177,99820,177,100034,177,99787,177,100074,177,99777,177,100224,177,99762,177,100262,100,99644,100,100308,100,99638,100,100340,100,99602,100,101294,100,99398,100,101969,100,99365,100
2019-06-28 10:06:30.000000000,99906,487,99857,487,100020,100,99820,100,100034,100,99787,100,100074,100,99777,100,100224,100,99762,100,100262,100,99644,100,100308,100,99638,100,100340,100,99602,100,101294,100,99398,100,101969,100,99365,100
2019-06-28 10:06:38.309419210,99906,487,99857,387,100020,100,99820,100,100034,100,99787,100,100074,100,99777,100,100224,100,99762,100,100262,100,99644,100,100308,100,99638,100,100340,100,99602,100,101294,100,99398,100,101969,100,99365,100
2019-06-28 10:06:40.000000000,99906,197,99820,197,100020,197,99787,197,100034,197,99777,197,100074,197,99762,197,100224,100,99644,100,100262,100,99638,100,100308,100,99602,100,100340,100,99398,100,101294,100,99365,100,101969,100,99188,100
2019-06-28 10:06:50.000000000,99906,294,99820,294,100020,294,99787,294,100034,100,99777,100,100074,100,99762,100,100224,100,99644,100,100262,100,99638,100,100308,100,99602,100,100340,100,99398,100,101294,100,99365,100,101969,100,99188,100
2019-06-28 10:07:00.000000000,99906,294,99820,294,100020,294,99787,294,100034,100,99777,100,100074,100,99762,100,100224,100,99644,100,100262,100,99638,100,100308,100,99602,100,100340,100,99398,100,101294,100,99365,100,101969,100,99188,100
2019-06-28 10:07:10.000000000,99906,232,99820,232,100020,228,99787,228,100034,228,99777,228,100074,100,99762,100,100224,100,99644,100,100262,100,99638,100,100308,100,99602,100,100340,100,99398,100,101294,100,99365,100,101969,100,99188,100
2019-06-28 10:07:20.000000000,99906,294,99820,294,100020,294,99787,294,100034,100,99777,100,100074,100,99762,100,100224,100,99644,100,100262,100,99638,100,100308,100,99602,100,100340,100,99398,100,101294,100,99365,100,101969,100,99188,100
2019-06-28 10:07:22.811493803,99906,294,99820,294,100020,294,99787,294,100034,100,99777,100,100074,100,99762,100,100224,100,99644,100,100262,100,99638,100,100308,100,99627,100,100340,100,99602,100,101294,100,99398,100,101969,100,99365,100
2019-06-28 10:07:30.000000000,99906,232,99820,232,100020,228,99787,228,100034,228,99777,228,100074,100,99762,100,100224,100,99644,100,100262,100,99638,100,100308,100,99627,100,100340,100,99602,100,101294,100,99398,100,101969,100,99365,100
2019-06-28 10:07:40.000000000,99906,177,99820,177,100020,177,99787,177,100034,177,99777,177,100074,177,99762,177,100224,177,99644,177,100262,100,99638,100,100308,100,99627,100,100340,100,99602,100,101294,100,99398,100,101969,100,99365,100
2019-06-28 10:07:50.000000000,99906,232,99820,232,100020,228,99787,228,100034,228,99777,228,100074,100,99762,100,100224,100,99644,100,100262,100,99638,100,100308,100,99627,100,100340,100,99602,100,101294,100,99398,100,101969,100,99365,100
2019-06-28 10:07:53.425764532,99906,232,99868,100,100020,228,99820,232,100034,228,99787,228,100074,100,99777,228,100224,100,99762,100,100262,100,99644,100,100308,100,99638,100,100340,100,99627,100,101294,100,99602,100,101969,100,99398,100
2019-06-28 10:08:00.000000000,99906,294,99868,294,100020,294,99820,294,100034,100,99787,100,100074,100,99777,100,100224,100,99762,100,100262,100,99644,100,100308,100,99638,100,100340,100,99627,100,101294,100,99602,100,101969,100,99398,100
2019-06-28 10:08:10.000000000,99906,177,99868,177,100020,177,99820,177,100034,177,99787,177,100074,177,99777,177,100224,177,99762,177,100262,100,99644,100,100308,100,99638,100,100340,100,99627,100,101294,100,99602,100,101969,100,99398,100
2019-06-28 10:08:16.492342313,99906,77,99868,177,100020,177,99820,177,100034,177,99787,177,100074,177,99777,177,100224,177,99762,177,100262,100,99644,100,100308,100,99638,100,100340,100,99627,100,101294,100,99602,100,101969,100,99398,100
