,ask_price_1,ask_size_1,bid_price_1,bid_size_1,ask_price_2,ask_size_2,bid_price_2,bid_size_2,ask_price_3,ask_size_3,bid_price_3,bid_size_3,ask_price_4,ask_size_4,bid_price_4,bid_size_4,ask_price_5,ask_size_5,bid_price_5,bid_size_5,ask_price_6,ask_size_6,bid_price_6,bid_size_6,ask_price_7,ask_size_7,bid_price_7,bid_size_7,ask_price_8,ask_size_8,bid_price_8,bid_size_8,ask_price_9,ask_size_9,bid_price_9,bid_size_9,ask_price_10,ask_size_10,bid_price_10,bid_size_10
2019-06-28 09:30:00.000000000,,,99948,100,,,,,,,,,,,,,,,,,,,,,,,,,,,,,,,,,,,,
2019-06-28 09:30:00.000000001,100031,100,99948,100,,,,,,,,,,,,,,,,,,,,,,,,,,,,,,,,,,,,
2019-06-28 09:30:00.000000003,99982,100,99948,100,100031,100,,,,,,,,,,,,,,,,,,,,,,,,,,,,,,,,,,
2019-06-28 09:30:00.000000006,99982,100,99948,100,100031,100,99867,100,,,,,,,,,,,,,,,,,,,,,,,,,,,,,,,,
2019-06-28 09:30:00.000000009,99982,100,99948,200,100031,100,99867,100,,,,,,,,,,,,,,,,,,,,,,,,,,,,,,,,
2019-06-28 09:30:00.000000012,100089,100,99948,200,100108,100,99867,100,,,,,,,,,,,,,,,,,,,,,,,,,,,,,,,,
2019-06-28 09:30:00.000000014,100089,100,99982,100,100108,100,99948,200,,,99867,100,,,,,,,,,,,,,,,,,,,,,,,,,,,,
2019-06-28 09:30:00.000000015,100043,100,99982,100,100053,100,99948,200,100089,100,99867,100,100108,100,,,,,,,,,,,,,,,,,,,,,,,,,,
2019-06-28 09:30:00.000000017,100043,100,99982,100,100053,100,99953,100,100089,100,99948,200,100108,100,99867,100,,,,,,,,,,,,,,,,,,,,,,,,
2019-06-28 09:30:00.000000019,100031,100,99982,100,100043,100,99953,100,100053,100,99948,200,100089,100,99867,100,100108,100,,,,,,,,,,,,,,,,,,,,,,
2019-06-28 09:30:00.000000021,100031,100,99982,100,100043,100,99953,100,100053,100,99948,200,100084,100,99867,100,100089,100,,,100108,100,,,,,,,,,,,,,,,,,,
2019-06-28 09:30:00.000000023,100006,100,99982,100,100031,100,99969,100,100043,100,99953,100,100053,100,99948,200,100084,100,99867,100,100089,100,,,100108,100,,,,,,,,,,,,,,
2019-06-28 09:30:00.000000024,100006,100,99982,100,100031,200,99969,100,100043,100,99953,100,100053,100,99948,200,100080,100,99867,100,100084,100,,,100089,100,,,100108,100,,,,,,,,,,
2019-06-28 09:30:00.000000025,100006,100,99989,100,100031,200,99982,100,100043,100,99969,100,100053,100,99953,100,100071,100,99948,200,100080,100,99867,100,100084,100,,,100089,100,,,100108,100,,,,,,
2019-06-28 09:30:00.000000026,100006,100,99989,100,100031,200,99982,100,100043,100,99969,100,100053,100,99953,100,100071,100,99948,200,100080,100,99919,100,100084,100,99899,100,100089,100,99867,100,100108,100,,,,,,
2019-06-28 09:30:00.000000027,100006,100,99989,100,100031,200,99982,100,100043,100,99969,100,100053,100,99953,100,100071,100,99948,200,100072,100,99919,100,100080,100,99899,100,100084,100,99867,100,100089,100,,,100108,100,,
2019-06-28 09:30:00.000000028,100006,100,99989,100,100031,200,99982,100,100043,100,99969,100,100053,100,99953,100,100071,100,99948,200,100072,100,99939,100,100080,100,99919,100,100084,100,99899,100,100089,100,99867,100,100108,100,,
2019-06-28 09:30:00.000000031,100006,100,99989,100,100031,200,99982,100,100043,100,99969,100,100053,100,99953,200,100071,100,99948,200,100072,100,99939,100,100080,100,99919,100,100084,100,99899,100,100089,100,99867,100,100108,100,,
2019-06-28 09:30:00.000000032,100006,100,99989,100,100031,300,99982,100,100043,100,99969,100,100053,100,99953,200,100071,100,99948,200,100072,100,99939,100,100080,100,99919,100,100084,100,99899,100,100089,100,99867,100,100099,100,,
2019-06-28 09:30:00.000000033,100031,300,99982,100,100043,100,99969,100,100053,100,99953,200,100071,100,99948,200,100072,100,99939,100,100080,100,99919,100,100084,100,99899,100,100089,100,99867,100,100099,100,,,100108,100,,
2019-06-28 09:30:00.000000039,100031,300,99989,100,100043,100,99982,100,100053,100,99969,100,100071,100,99953,200,100072,100,99948,200,100080,100,99939,100,100084,100,99919,100,100089,100,99899,100,100099,100,99867,100,100108,100,,
2019-06-28 09:30:00.000000044,100031,300,99989,100,100043,100,99982,100,100053,100,99969,100,100071,100,99953,200,100072,100,99948,200,100080,100,99939,100,100084,100,99919,100,100089,100,99899,100,100099,100,99871,100,100108,100,99867,100
2019-06-28 09:30:00.000000052,100031,300,99989,100,100043,100,99982,100,100053,100,99969,100,100071,100,99953,200,100072,100,99948,200,100080,100,99939,100,100084,100,99919,100,100089,100,99899,100,100099,100,99871,100,100103,100,99867,100
2019-06-28 09:30:00.000000053,100031,300,99989,100,100043,100,99982,100,100053,100,99969,100,100066,100,99953,200,100071,100,99948,200,100072,100,99939,100,100080,100,99919,100,100084,100,99899,100,100089,100,99871,100,100099,100,99867,100
2019-06-28 09:30:00.000000057,100006,100,99989,100,100031,300,99982,100,100043,100,99969,100,100053,100,99953,200,100066,100,99948,200,100071,100,99939,100,100072,100,99919,100,100080,100,99899,100,100084,100,99871,100,100089,100,99867,100
2019-06-28 09:30:00.000000059,100006,100,99989,200,100031,300,99982,100,100043,100,99969,100,100053,100,99953,200,100066,100,99948,200,100071,100,99939,100,100072,100,99919,100,100080,100,99899,100,100084,100,99871,100,100089,100,99867,100
2019-06-28 09:30:00.000000062,100006,100,99989,300,100031,300,99982,100,100043,100,99969,100,100053,100,99953,200,100066,100,99948,200,100071,100,99939,100,100072,100,99919,100,100080,100,99899,100,100084,100,99871,100,100089,100,99867,100
2019-06-28 09:30:00.000000063,100006,100,99989,300,100031,300,99982,200,100043,100,99969,100,100053,100,99953,200,100065,100,99948,200,100066,100,99939,100,100071,100,99919,100,100072,100,99899,100,100080,100,99871,100,100084,100,99867,100
2019-06-28 09:30:00.000000066,100006,200,99989,300,100031,300,99982,200,100043,100,99969,100,100053,100,99953,200,100065,100,99948,200,100066,100,99939,100,100071,100,99919,100,100072,100,99899,100,100080,100,99871,100,100084,100,99867,100
2019-06-28 09:30:00.000000069,100006,200,99989,300,100029,100,99982,200,100031,300,99969,100,100043,100,99953,200,100053,100,99948,200,100065,100,99939,100,100066,100,99919,100,100071,100,99899,100,100072,100,99871,100,100080,100,99867,100
2019-06-28 09:30:00.000000070,100006,200,99989,300,100029,100,99982,200,100031,300,99969,100,100043,100,99953,200,100053,100,99948,200,100065,100,99939,100,100066,100,99919,100,100071,100,99899,100,100072,100,99871,100,100080,100,99867,100
2019-06-28 09:30:00.000000071,100006,200,99989,300,100029,100,99982,200,100031,300,99969,100,100043,100,99953,200,100053,100,99948,200,100065,100,99939,100,100066,100,99919,100,100071,100,99899,100,100072,100,99871,100,100080,100,99867,100
2019-06-28 09:30:00.000000072,100006,200,99989,300,100029,100,99982,200,100031,300,99969,100,100043,100,99953,200,100053,100,99948,200,100065,100,99939,100,100066,100,99919,100,100071,100,99899,100,100072,100,99871,100,100080,100,99867,100
2019-06-28 09:30:00.000000073,100006,100,99989,300,100029,100,99982,200,100031,300,99969,100,100043,100,99953,200,100053,100,99948,200,100065,100,99939,100,100066,100,99919,100,100071,100,99899,100,100072,100,99871,100,100080,100,99867,100
2019-06-28 09:30:00.000000075,100006,100,99989,100,100029,100,99982,200,100031,300,99969,100,100043,100,99953,200,100053,100,99948,200,100065,100,99939,100,100066,100,99919,100,100071,100,99899,100,100072,100,99871,100,100080,100,99867,100
2019-06-28 09:30:00.000000076,100006,100,99989,100,100029,100,99982,200,100031,300,99969,100,100043,100,99953,200,100053,100,99948,200,100065,100,99939,100,100066,100,99919,100,100071,100,99915,100,100072,100,99899,100,100080,100,99871,100
2019-06-28 09:30:00.000000079,100006,100,99989,100,100029,100,99982,200,100031,300,99969,100,100042,100,99953,200,100043,100,99948,200,100053,100,99939,100,100065,100,99919,100,100066,100,99915,100,100071,100,99899,100,100072,100,99871,100
2019-06-28 09:30:00.000000081,100006,100,99989,100,100029,100,99982,200,100031,300,99969,100,100042,100,99953,200,100043,100,99948,200,100053,100,99939,100,100065,100,99919,100,100066,100,99915,100,100071,100,99899,100,100072,100,99871,100
2019-06-28 09:30:00.000000082,100006,100,99989,100,100029,100,99982,200,100031,300,99969,100,100042,100,99953,200,100043,100,99948,200,100053,100,99939,100,100065,100,99919,100,100066,100,99915,100,100071,100,99899,100,100072,100,99871,100
2019-06-28 09:30:00.000000085,100006,100,99989,100,100029,100,99982,200,100031,300,99969,100,100042,100,99953,200,100043,100,99948,200,100053,100,99939,100,100065,100,99919,100,100066,100,99915,100,100071,100,99899,100,100072,100,99871,100
2019-06-28 09:30:00.000000090,100006,100,99989,100,100029,100,99982,200,100031,300,99969,100,100042,100,99953,200,100043,100,99948,200,100053,100,99939,100,100065,100,99919,100,100066,100,99915,100,100071,100,99899,100,100072,100,99871,100
2019-06-28 09:30:00.000000091,100006,100,99989,100,100029,100,99982,200,100031,300,99969,100,100042,100,99953,200,100043,100,99948,200,100053,100,99939,100,100065,100,99922,100,100066,100,99919,100,100071,100,99915,100,100072,100,99899,100
2019-06-28 09:30:00.000000093,100006,100,99989,100,100029,100,99982,200,100031,300,99969,100,100042,100,99953,200,100043,100,99951,100,100053,100,99948,200,100065,100,99939,100,100066,100,99922,100,100071,100,99919,100,100072,100,99915,100
2019-06-28 09:30:00.000000094,100006,100,99989,100,100029,100,99982,200,100031,300,99975,100,100042,100,99969,100,100043,100,99953,200,100053,100,99951,100,100065,100,99948,200,100066,100,99939,100,100071,100,99922,100,100072,100,99919,100
2019-06-28 09:30:00.000000096,100029,100,99982,200,100031,300,99975,100,100042,100,99969,100,100043,100,99953,200,100053,100,99951,100,100065,100,99948,200,100066,100,99939,100,100071,100,99922,100,100072,100,99919,100,100080,100,99915,100
2019-06-28 09:30:00.000000099,100006,100,99982,200,100029,100,99975,100,100031,300,99969,100,100042,100,99953,200,100043,100,99951,100,100053,100,99948,200,100065,100,99939,100,100066,100,99922,100,100071,100,99919,100,100072,100,99915,100
2019-06-28 09:30:10.000000000,100006,315,99982,415,100029,315,99975,315,100031,300,99969,100,100042,100,99953,200,100043,100,99951,100,100053,100,99948,200,100065,100,99939,100,100066,100,99922,100,100071,100,99919,100,100072,100,99915,100
2019-06-28 09:30:13.956728439,100006,315,99989,100,100029,315,99982,415,100031,300,99975,315,100042,100,99969,100,100043,100,99953,200,100053,100,99951,100,100065,100,99948,200,100066,100,99939,100,100071,100,99922,100,100072,100,99919,100
2019-06-28 09:30:20.000000000,100006,186,99989,186,100029,186,99982,286,100031,386,99975,186,100042,186,99969,186,100043,186,99953,286,100053,100,99951,100,100065,100,99948,200,100066,100,99939,100,100071,100,99922,100,100072,100,99919,100
2019-06-28 09:30:30.000000000,100006,315,99989,315,100029,315,99982,415,100031,300,99975,100,100042,100,99969,100,100043,100,99953,200,100053,100,99951,100,100065,100,99948,200,100066,100,99939,100,100071,100,99922,100,100072,100,99919,100
2019-06-28 09:30:32.839706107,100006,315,99989,315,100029,315,99982,415,100031,300,99975,100,100042,100,99969,100,100043,100,99953,200,100053,100,99951,100,100065,100,99948,200,100066,100,99939,100,100071,100,99922,100,100072,100,99919,100
2019-06-28 09:30:40.000000000,100006,246,99989,246,100029,242,99982,342,100031,442,99975,242,100042,100,99969,100,100043,100,99953,200,100053,100,99951,100,100065,100,99948,200,100066,100,99939,100,100071,100,99922,100,100072,100,99919,100
2019-06-28 09:30:50.000000000,100006,246,99989,246,100029,242,99982,342,100031,442,99975,242,100042,100,99969,100,100043,100,99953,200,100053,100,99951,100,100065,100,99948,200,100066,100,99939,100,100071,100,99922,100,100072,100,99919,100
2019-06-28 09:30:59.171551431,100006,246,99989,346,100029,242,99982,342,100031,342,99975,242,100042,100,99969,100,100043,100,99953,200,100053,100,99951,100,100065,100,99948,200,100066,100,99939,100,100071,100,99922,100,100072,100,99919,100
2019-06-28 09:31:00.000000000,100006,530,99989,630,100029,100,99982,200,100031,200,99975,100,100042,100,99969,100,100043,100,99953,200,100053,100,99951,100,100065,100,99948,200,100066,100,99939,100,100071,100,99922,100,100072,100,99919,100
2019-06-28 09:31:10.000000000,100006,186,99989,286,100029,186,99982,286,100031,286,99975,186,100042,186,99969,186,100043,186,99953,286,100053,100,99951,100,100065,100,99948,200,100066,100,99939,100,100071,100,99922,100,100072,100,99919,100
2019-06-28 09:31:10.892012836,100006,186,99989,286,100029,186,99982,286,100031,286,99975,186,100042,186,99969,186,100043,186,99953,286,100053,100,99951,100,100065,100,99948,200,100066,100,99939,100,100071,100,99922,100,100072,100,99919,100
2019-06-28 09:31:17.940156068,100006,186,99989,286,100029,186,99982,286,100031,286,99975,186,100042,186,99969,186,100043,186,99953,286,100053,100,99951,100,100065,100,99948,200,100066,100,99939,100,100071,100,99922,100,100072,100,99919,100
2019-06-28 09:31:20.000000000,100006,208,99989,308,100029,208,99982,308,100031,308,99975,208,100042,208,99969,208,100043,100,99953,200,100053,100,99951,100,100065,100,99948,200,100066,100,99939,100,100071,100,99922,100,100072,100,99919,100
2019-06-28 09:31:22.939222443,100006,208,99989,408,100029,208,99982,308,100031,308,99975,208,100042,208,99969,208,100043,100,99953,200,100053,100,99951,100,100065,100,99948,200,100066,100,99939,100,100071,100,99922,100,100072,100,99919,100
2019-06-28 09:31:25.046170260,100006,108,99989,408,100029,208,99982,308,100031,308,99975,208,100042,208,99969,208,100043,100,99953,200,100053,100,99951,100,100065,100,99948,200,100066,100,99939,100,100071,100,99922,100,100080,100,99919,100
2019-06-28 09:31:30.000000000,100029,530,99989,730,100031,200,99982,200,100042,100,99975,100,100043,100,99969,100,100053,100,99953,200,100065,100,99951,100,100066,100,99948,200,100071,100,99939,100,100080,100,99922,100,100084,100,99919,100
2019-06-28 09:31:37.813808659,100029,530,99990,100,100031,200,99989,730,100042,100,99982,200,100043,100,99975,100,100053,100,99969,100,100065,100,99953,200,100066,100,99951,100,100071,100,99948,200,100080,100,99939,100,100084,100,99922,100
2019-06-28 09:31:40.000000000,100029,315,99990,315,100031,415,99989,515,100042,100,99982,200,100043,100,99975,100,100053,100,99969,100,100065,100,99953,200,100066,100,99951,100,100071,100,99948,200,100080,100,99939,100,100084,100,99922,100
2019-06-28 09:31:50.000000000,100029,186,99990,186,100031,286,99989,386,100042,186,99982,286,100043,186,99975,186,100053,186,99969,186,100065,100,99953,200,100066,100,99951,100,100071,100,99948,200,100080,100,99939,100,100084,100,99922,100
2019-06-28 09:31:54.540982659,100029,186,99990,186,100031,286,99989,386,100042,186,99982,286,100043,86,99975,186,100053,186,99969,186,100065,100,99953,200,100066,100,99951,100,100071,100,99948,200,100080,100,99939,100,100084,100,99922,100
2019-06-28 09:31:58.049479406,100029,186,99990,286,100031,286,99989,386,100042,186,99982,286,100043,86,99975,186,100053,186,99969,186,100065,100,99953,200,100066,100,99951,100,100071,100,99948,200,100080,100,99939,100,100084,100,99922,100
2019-06-28 09:32:00.000000000,100029,208,99990,308,100031,308,99989,408,100042,208,99982,308,100053,208,99975,208,100065,100,99969,100,100066,100,99953,200,100071,100,99951,100,100080,100,99948,200,100084,100,99939,100,100085,100,99922,100
2019-06-28 09:32:01.583937374,100029,208,99990,308,100031,308,99989,408,100042,208,99982,308,100053,208,99975,208,100065,100,99969,100,100066,100,99953,200,100071,100,99951,100,100080,100,99948,200,100084,100,99939,100,100085,100,99922,100
2019-06-28 09:32:10.000000000,100029,208,99990,308,100031,308,99989,408,100042,208,99982,308,100053,208,99975,208,100065,100,99969,100,100066,100,99953,200,100071,100,99951,100,100080,100,99948,200,100084,100,99939,100,100085,100,99922,100
2019-06-28 09:32:20.000000000,100029,246,99990,346,100031,342,99989,442,100042,242,99982,342,100053,100,99975,100,100065,100,99969,100,100066,100,99953,200,100071,100,99951,100,100080,100,99948,200,100084,100,99939,100,100085,100,99922,100
2019-06-28 09:32:27.676757663,100029,146,99990,346,100031,342,99989,442,100042,242,99982,342,100053,100,99975,100,100065,100,99969,100,100066,100,99953,200,100071,100,99951,100,100084,100,99948,200,100085,100,99939,100,100099,100,99922,100
2019-06-28 09:32:30.000000000,100031,415,99990,415,100042,315,99989,515,100053,100,99982,200,100065,100,99975,100,100066,100,99969,100,100071,100,99953,200,100084,100,99951,100,100085,100,99948,200,100099,100,99939,100,100102,100,99922,100
2019-06-28 09:32:40.000000000,100031,346,99990,346,100042,242,99989,442,100053,242,99982,342,100065,100,99975,100,100066,100,99969,100,100071,100,99953,200,100084,100,99951,100,100085,100,99948,200,100099,100,99939,100,100102,100,99922,100
2019-06-28 09:32:50.000000000,100031,286,99990,286,100042,186,99989,386,100053,186,99982,286,100065,186,99975,186,100066,186,99969,186,100071,100,99953,200,100084,100,99951,100,100085,100,99948,200,100099,100,99939,100,100102,100,99922,100
2019-06-28 09:33:00.000000000,100031,415,99990,415,100042,315,99989,515,100053,100,99982,200,100065,100,99975,100,100066,100,99969,100,100071,100,99953,200,100084,100,99951,100,100085,100,99948,200,100099,100,99939,100,100102,100,99922,100
2019-06-28 09:33:10.000000000,100031,308,99990,308,100042,208,99989,408,100053,208,99982,308,100065,208,99975,208,100066,100,99969,100,100071,100,99953,200,100084,100,99951,100,100085,100,99948,200,100099,100,99939,100,100102,100,99922,100
2019-06-28 09:33:17.991523375,100031,308,99990,308,100042,208,99989,408,100053,208,99982,308,100065,208,99975,208,100066,100,99969,100,100071,100,99953,200,100084,100,99951,100,100085,100,99948,200,100099,100,99939,100,100102,100,99922,100
2019-06-28 09:33:20.000000000,100031,630,99990,630,100042,100,99989,300,100053,100,99982,200,100065,100,99975,100,100066,100,99969,100,100071,100,99953,200,100084,100,99951,100,100085,100,99948,200,100099,100,99939,100,100102,100,99922,100
2019-06-28 09:33:24.366452947,100031,530,99990,630,100042,100,99989,300,100053,100,99982,200,100065,100,99975,100,100066,100,99969,100,100071,100,99953,200,100084,100,99951,100,100085,100,99948,200,100099,100,99939,100,100102,100,99922,100
2019-06-28 09:33:28.445736406,100031,530,99990,630,100042,100,99989,300,100053,100,99982,200,100065,100,99971,100,100066,100,99969,100,100071,100,99953,200,100084,100,99951,100,100085,100,99948,200,100099,100,99939,100,100102,100,99922,100
2019-06-28 09:33:30.000000000,100031,530,99990,630,100042,100,99989,300,100053,100,99982,200,100065,100,99971,100,100066,100,99969,100,100071,100,99953,200,100084,100,99951,100,100085,100,99948,200,100099,100,99939,100,100102,100,99922,100
2019-06-28 09:33:40.000000000,100031,246,99990,346,100042,242,99989,442,100053,242,99982,342,100065,100,99971,100,100066,100,99969,100,100071,100,99953,200,100084,100,99951,100,100085,100,99948,200,100099,100,99939,100,100102,100,99922,100
2019-06-28 09:33:40.138500333,100031,146,99990,346,100042,242,99989,442,100053,242,99982,342,100065,100,99971,100,100066,100,99969,100,100071,100,99953,200,100084,100,99951,100,100085,100,99948,100,100099,100,99939,100,100102,100,99922,100
2019-06-28 09:33:50.000000000,100042,246,99990,346,100053,242,99989,442,100065,242,99982,342,100066,100,99971,100,100071,100,99969,100,100084,100,99953,200,100085,100,99951,100,100099,100,99948,100,100102,100,99939,100,100103,100,99922,100
2019-06-28 09:33:54.939209735,100042,246,99990,346,100053,242,99989,442,100065,242,99982,342,100066,100,99971,100,100071,100,99969,200,100084,100,99953,200,100085,100,99951,100,100099,100,99948,100,100102,100,99939,100,100103,100,99922,100
2019-06-28 09:33:59.196807335,100042,246,99990,246,100053,242,99989,442,100065,242,99982,342,100066,100,99971,100,100071,100,99969,200,100084,100,99953,200,100085,100,99951,100,100099,100,99948,100,100102,100,99939,100,100103,100,99922,100
2019-06-28 09:33:59.225353935,100042,246,99990,246,100053,242,99989,442,100065,242,99982,342,100066,100,99969,200,100071,100,99953,200,100084,100,99951,100,100085,100,99948,100,100099,100,99939,100,100102,100,99922,100,100103,100,99919,100
2019-06-28 09:34:00.000000000,100042,208,99990,208,100053,208,99989,408,100065,208,99982,308,100066,208,99969,308,100071,100,99953,200,100084,100,99951,100,100085,100,99948,100,100099,100,99939,100,100102,100,99922,100,100103,100,99919,100
2019-06-28 09:34:01.853894219,100042,108,99990,208,100053,208,99989,408,100065,208,99982,308,100066,208,99969,308,100071,100,99953,200,100084,100,99951,100,100085,100,99948,100,100099,100,99939,100,100102,100,99922,100,100103,100,99919,100
2019-06-28 09:34:10.000000000,100053,530,99990,530,100065,100,99989,300,100066,100,99982,200,100071,100,99969,200,100084,100,99953,200,100085,100,99951,100,100099,100,99948,100,100102,100,99939,100,100103,100,99922,100,100108,100,99919,100
2019-06-28 09:34:20.000000000,100053,530,99990,530,100065,100,99989,300,100066,100,99982,200,100071,100,99969,200,100084,100,99953,200,100085,100,99951,100,100099,100,99948,100,100102,100,99939,100,100103,100,99922,100,100108,100,99919,100
2019-06-28 09:34:30.000000000,100053,208,99990,208,100065,208,99989,408,100066,208,99982,308,100071,208,99969,308,100084,100,99953,200,100085,100,99951,100,100099,100,99948,100,100102,100,99939,100,100103,100,99922,100,100108,100,99919,100
2019-06-28 09:34:30.527651985,100053,108,99990,208,100065,208,99989,408,100066,108,99982,308,100071,208,99969,308,100084,100,99953,200,100085,100,99951,100,100099,100,99948,100,100102,100,99939,100,100103,100,99922,100,100108,100,99919,100
2019-06-28 09:34:40.000000000,100065,315,99990,315,100071,315,99989,515,100084,100,99982,200,100085,100,99969,200,100099,100,99953,200,100102,100,99951,100,100103,100,99948,100,100108,100,99939,100,100133,100,99922,100,100144,100,99919,100
2019-06-28 09:34:43.395283105,100065,215,99990,315,100071,315,99989,515,100084,100,99982,200,100085,100,99969,200,100099,100,99953,200,100102,100,99951,100,100103,100,99948,100,100108,100,99939,100,100133,100,99922,100,100144,100,99919,100
2019-06-28 09:34:43.657812376,100065,115,99990,315,100071,315,99989,515,100084,100,99982,200,100085,100,99969,200,100099,100,99953,200,100102,100,99951,100,100103,100,99948,100,100108,100,99939,100,100133,100,99922,100,100188,100,99919,100
2019-06-28 09:34:50.000000000,100071,315,99990,315,100084,315,99989,515,100085,100,99982,200,100099,100,99969,200,100102,100,99953,200,100103,100,99951,100,100108,100,99948,100,100133,100,99939,100,100188,100,99922,100,100300,100,99919,100
2019-06-28 09:34:58.432827318,100071,315,100065,100,100084,315,99990,315,100085,100,99989,515,100099,100,99982,200,100102,100,99969,200,100103,100,99953,200,100108,100,99951,100,100133,100,99948,100,100188,100,99939,100,100300,100,99922,100
2019-06-28 09:35:00.000000000,100071,208,100065,208,100084,208,99990,208,100085,208,99989,408,100099,208,99982,308,100102,100,99969,200,100103,100,99953,200,100108,100,99951,100,100133,100,99948,100,100188,100,99939,100,100300,100,99922,100
2019-06-28 09:35:00.564080055,100071,108,100065,208,100084,208,99990,208,100085,208,99989,408,100099,208,99982,308,100102,100,99969,200,100103,100,99953,200,100108,100,99951,100,100133,100,99948,100,100188,100,99939,100,100300,100,99922,100
2019-06-28 09:35:04.621307853,100071,108,100066,100,100084,208,100065,108,100085,208,99990,208,100099,208,99989,408,100102,100,99982,308,100103,100,99969,200,100108,100,99953,200,100133,100,99951,100,100188,100,99948,100,100300,100,99939,100
2019-06-28 09:35:10.000000000,100084,208,100066,208,100085,208,99990,208,100099,208,99989,408,100102,208,99982,308,100103,100,99969,200,100108,100,99953,200,100133,100,99951,100,100188,100,99948,100,100300,100,99939,100,100309,100,99922,100
2019-06-28 09:35:16.827658418,100084,208,100066,308,100085,208,99990,208,100099,208,99989,408,100102,208,99982,308,100103,100,99969,200,100108,100,99953,200,100133,100,99951,100,100188,100,99948,100,100300,100,99939,100,100309,100,99922,100
2019-06-28 09:35:20.000000000,100084,208,100066,308,100085,208,99990,208,100099,208,99989,408,100102,208,99982,308,100103,100,99969,200,100108,100,99953,200,100133,100,99951,100,100188,100,99948,100,100300,100,99939,100,100309,100,99922,100
2019-06-28 09:35:30.000000000,100084,186,100066,286,100085,186,99990,186,100099,186,99989,386,100102,186,99982,286,100103,186,99969,286,100108,100,99953,200,100133,100,99951,100,100188,100,99948,100,100300,100,99939,100,100309,100,99922,100
2019-06-28 09:35:34.995062101,100084,86,100066,286,100085,186,99990,186,100099,186,99989,386,100102,186,99982,286,100103,186,99969,286,100108,100,99953,200,100133,100,99951,100,100188,100,99948,100,100300,100,99939,100,100312,100,99922,100
2019-06-28 09:35:40.000000000,100085,246,100066,346,100099,242,99990,242,100102,242,99989,442,100103,100,99982,200,100108,100,99969,200,100133,100,99953,200,100188,100,99951,100,100300,100,99948,100,100312,100,99939,100,100378,100,99922,100
2019-06-28 09:35:43.336963046,100085,146,100066,346,100099,242,99990,242,100102,242,99989,442,100103,100,99982,200,100108,100,99969,200,100133,100,99953,200,100188,100,99951,100,100300,100,99948,100,100312,100,99939,100,100378,100,99922,100
2019-06-28 09:35:50.000000000,100099,530,100066,630,100102,100,99990,100,100103,100,99989,300,100108,100,99982,200,100133,100,99969,200,100188,100,99953,200,100300,100,99951,100,100312,100,99948,100,100378,100,99939,100,100448,100,99922,100
2019-06-28 09:35:58.600119639,100099,530,100066,630,100102,100,99990,100,100103,100,99989,300,100108,100,99982,200,100133,100,99969,200,100134,100,99953,200,100188,100,99951,100,100300,100,99948,100,100312,100,99939,100,100378,100,99922,100
2019-06-28 09:36:00.000000000,100099,530,100066,630,100102,100,99990,100,100103,100,99989,300,100108,100,99982,200,100133,100,99969,200,100134,100,99953,200,100188,100,99951,100,100300,100,99948,100,100312,100,99939,100,100378,100,99922,100
2019-06-28 09:36:07.684405498,100099,430,100066,630,100102,100,99990,100,100103,100,99989,300,100108,100,99982,200,100133,100,99969,200,100134,100,99953,200,100188,100,99951,100,100300,100,99948,100,100312,100,99939,100,100378,100,99922,100
2019-06-28 09:36:10.000000000,100102,186,100066,286,100103,186,99990,186,100108,186,99989,386,100133,186,99982,286,100134,186,99969,286,100188,100,99953,200,100300,100,99951,100,100312,100,99948,100,100378,100,99939,100,100448,100,99922,100
2019-06-28 09:36:18.164182770,100102,186,100066,286,100103,186,99990,186,100108,186,99989,386,100133,186,99982,286,100134,186,99969,286,100188,100,99953,200,100300,100,99951,100,100312,100,99948,100,100378,100,99939,100,100448,100,99922,100
2019-06-28 09:36:20.000000000,100102,530,100066,630,100103,100,99990,100,100108,100,99989,300,100133,100,99982,200,100134,100,99969,200,100188,100,99953,200,100300,100,99951,100,100312,100,99948,100,100378,100,99939,100,100448,100,99922,100
2019-06-28 09:36:30.000000000,100102,246,100066,346,100103,242,99990,242,100108,242,99989,442,100133,100,99982,200,100134,100,99969,200,100188,100,99953,200,100300,100,99951,100,100312,100,99948,100,100378,100,99939,100,100448,100,99922,100
2019-06-28 09:36:40.000000000,100102,208,100066,308,100103,208,99990,208,100108,208,99989,408,100133,208,99982,308,100134,100,99969,200,100188,100,99953,200,100300,100,99951,100,100312,100,99948,100,100378,100,99939,100,100448,100,99922,100
2019-06-28 09:36:41.006407669,100102,208,100066,308,100103,208,99990,208,100108,208,99989,408,100133,208,99982,308,100134,100,99969,200,100300,100,99953,200,100312,100,99951,100,100319,100,99948,100,100378,100,99939,100,100448,100,99922,100
2019-06-28 09:36:49.619153358,100102,208,100066,308,100103,208,99990,208,100108,208,99989,408,100133,208,99982,308,100134,100,99969,200,100300,100,99963,100,100312,100,99953,200,100319,100,99951,100,100378,100,99948,100,100448,100,99939,100
2019-06-28 09:36:50.000000000,100102,246,100066,346,100103,242,99990,242,100108,242,99989,442,100133,100,99982,200,100134,100,99969,200,100300,100,99963,100,100312,100,99953,200,100319,100,99951,100,100378,100,99948,100,100448,100,99939,100
2019-06-28 09:36:51.990942961,100084,100,100066,346,100102,246,99990,242,100103,242,99989,442,100108,242,99982,200,100133,100,99969,200,100134,100,99963,100,100300,100,99953,200,100312,100,99951,100,100319,100,99948,100,100378,100,99939,100
2019-06-28 09:37:00.000000000,100084,530,100066,630,100102,100,99990,100,100103,100,99989,300,100108,100,99982,200,100133,100,99969,200,100134,100,99963,100,100300,100,99953,200,100312,100,99951,100,100319,100,99948,100,100378,100,99939,100
2019-06-28 09:37:10.000000000,100084,246,100066,346,100102,242,99990,242,100103,242,99989,442,100108,100,99982,200,100133,100,99969,200,100134,100,99963,100,100300,100,99953,200,100312,100,99951,100,100319,100,99948,100,100378,100,99939,100
2019-06-28 09:37:20.000000000,100084,208,100066,308,100102,208,99990,208,100103,208,99989,408,100108,208,99982,308,100133,100,99969,200,100134,100,99963,100,100300,100,99953,200,100312,100,99951,100,100319,100,99948,100,100378,100,99939,100
2019-06-28 09:37:30.000000000,100084,186,100066,286,100102,186,99990,186,100103,186,99989,386,100108,186,99982,286,100133,186,99969,286,100134,100,99963,100,100300,100,99953,200,100312,100,99951,100,100319,100,99948,100,100378,100,99939,100
2019-06-28 09:37:32.336542492,100084,186,100066,186,100102,186,99990,186,100103,186,99989,386,100108,186,99982,286,100133,186,99969,286,100134,100,99963,100,100300,100,99953,200,100312,100,99951,100,100319,100,99948,100,100378,100,99939,100
2019-06-28 09:37:40.000000000,100084,208,100066,208,100102,208,99990,208,100103,208,99989,408,100108,208,99982,308,100133,100,99969,200,100134,100,99963,100,100300,100,99953,200,100312,100,99951,100,100319,100,99948,100,100378,100,99939,100
2019-06-28 09:37:46.347472131,100084,208,100066,208,100102,208,100041,100,100103,208,99990,208,100108,208,99989,408,100133,100,99982,308,100134,100,99969,200,100300,100,99963,100,100312,100,99953,200,100319,100,99951,100,100378,100,99948,100
2019-06-28 09:37:50.000000000,100084,208,100066,208,100102,208,100041,208,100103,208,99990,208,100108,208,99989,408,100133,100,99982,200,100134,100,99969,200,100300,100,99963,100,100312,100,99953,200,100319,100,99951,100,100378,100,99948,100
2019-06-28 09:37:51.079979963,100084,208,100067,100,100102,208,100066,208,100103,208,100041,208,100108,208,99990,208,100133,100,99989,408,100134,100,99982,200,100300,100,99969,200,100312,100,99963,100,100319,100,99953,200,100378,100,99951,100
2019-06-28 09:38:00.000000000,100084,246,100067,246,100102,242,100066,242,100103,242,100041,242,100108,100,99990,100,100133,100,99989,300,100134,100,99982,200,100300,100,99969,200,100312,100,99963,100,100319,100,99953,200,100378,100,99951,100
2019-06-28 09:38:10.000000000,100084,246,100067,246,100102,242,100066,242,100103,242,100041,242,100108,100,99990,100,100133,100,99989,300,100134,100,99982,200,100300,100,99969,200,100312,100,99963,100,100319,100,99953,200,100378,100,99951,100
2019-06-28 09:38:16.743779946,100084,246,100067,246,100098,100,100066,142,100102,242,100041,242,100103,242,99990,100,100108,100,99989,300,100133,100,99982,200,100134,100,99969,200,100300,100,99963,100,100312,100,99953,200,100319,100,99951,100
2019-06-28 09:38:20.000000000,100084,208,100067,208,100098,208,100041,208,100102,208,99990,208,100103,208,99989,408,100108,100,99982,200,100133,100,99969,200,100134,100,99963,100,100300,100,99953,200,100312,100,99951,100,100319,100,99948,100
2019-06-28 09:38:30.000000000,100084,530,100067,530,100098,100,100041,100,100102,100,99990,100,100103,100,99989,300,100108,100,99982,200,100133,100,99969,200,100134,100,99963,100,100300,100,99953,200,100312,100,99951,100,100319,100,99948,100
2019-06-28 09:38:32.812859029,100084,530,100067,530,100098,100,100041,100,100102,100,99990,100,100103,100,99989,300,100108,100,99982,200,100133,100,99969,200,100134,100,99963,100,100231,100,99953,200,100300,100,99951,100,100312,100,99948,100
2019-06-28 09:38:40.000000000,100084,315,100067,315,100098,315,100041,315,100102,100,99990,100,100103,100,99989,300,100108,100,99982,200,100133,100,99969,200,100134,100,99963,100,100231,100,99953,200,100300,100,99951,100,100312,100,99948,100
2019-06-28 09:38:50.000000000,100084,246,100067,246,100098,242,100041,242,100102,242,99990,242,100103,100,99989,300,100108,100,99982,200,100133,100,99969,200,100134,100,99963,100,100231,100,99953,200,100300,100,99951,100,100312,100,99948,100
2019-06-28 09:38:55.676986522,100084,246,100067,346,100098,242,100041,242,100102,242,99990,242,100103,100,99989,300,100108,100,99982,200,100133,100,99969,200,100134,100,99963,100,100231,100,99953,200,100300,100,99951,100,100312,100,99948,100
2019-06-28 09:39:00.000000000,100084,186,100067,286,100098,186,100041,186,100102,186,99990,186,100103,186,99989,386,100108,186,99982,286,100133,100,99969,200,100134,100,99963,100,100231,100,99953,200,100300,100,99951,100,100312,100,99948,100
2019-06-28 09:39:10.000000000,100084,530,100067,630,100098,100,100041,100,100102,100,99990,100,100103,100,99989,300,100108,100,99982,200,100133,100,99969,200,100134,100,99963,100,100231,100,99953,200,100300,100,99951,100,100312,100,99948,100
2019-06-28 09:39:20.000000000,100084,186,100067,286,100098,186,100041,186,100102,186,99990,186,100103,186,99989,386,100108,186,99982,286,100133,100,99969,200,100134,100,99963,100,100231,100,99953,200,100300,100,99951,100,100312,100,99948,100
2019-06-28 09:39:23.871978940,100084,186,100071,100,100098,186,100067,286,100102,186,100041,186,100103,186,99990,186,100108,186,99989,386,100133,100,99982,286,100134,100,99969,200,100231,100,99963,100,100300,100,99953,200,100312,100,99951,100
2019-06-28 09:39:30.000000000,100084,208,100071,208,100098,208,100067,308,100102,208,100041,208,100103,208,99990,208,100108,100,99989,300,100133,100,99982,200,100134,100,99969,200,100231,100,99963,100,100300,100,99953,200,100312,100,99951,100
2019-06-28 09:39:40.000000000,100084,246,100071,246,100098,242,100067,342,100102,242,100041,242,100103,100,99990,100,100108,100,99989,300,100133,100,99982,200,100134,100,99969,200,100231,100,99963,100,100300,100,99953,200,100312,100,99951,100
2019-06-28 09:39:44.014273588,100084,146,100071,246,100098,242,100067,342,100102,242,100041,242,100103,100,99990,100,100108,100,99989,300,100133,100,99982,200,100134,100,99969,200,100231,100,99953,200,100300,100,99951,100,100312,100,99948,100
2019-06-28 09:39:50.000000000,100098,186,100071,186,100102,186,100067,286,100103,186,100041,186,100108,186,99990,186,100133,186,99989,386,100134,100,99982,200,100231,100,99969,200,100300,100,99953,200,100312,100,99951,100,100319,100,99948,100
2019-06-28 09:39:52.444790045,100098,186,100071,186,100102,186,100067,286,100103,186,100041,186,100108,186,99990,186,100133,186,99989,386,100134,100,99982,200,100231,100,99969,200,100300,100,99953,200,100312,100,99951,100,100319,100,99948,100
2019-06-28 09:39:53.646920755,100098,186,100071,186,100102,186,100067,286,100103,186,100041,186,100108,186,99990,186,100133,186,99989,386,100134,100,99982,200,100231,100,99969,200,100300,100,99953,200,100312,100,99951,100,100319,100,99948,100
2019-06-28 09:40:00.000000000,100098,208,100071,208,100102,208,100067,308,100103,208,100041,208,100108,208,99990,208,100133,100,99989,300,100134,100,99982,200,100231,100,99969,200,100300,100,99953,200,100312,100,99951,100,100319,100,99948,100
2019-06-28 09:40:00.192917015,100098,108,100071,208,100102,208,100067,308,100103,208,100041,208,100108,208,99990,208,100133,100,99989,300,100134,100,99982,200,100300,100,99969,200,100312,100,99953,200,100319,100,99951,100,100378,100,99948,100
2019-06-28 09:40:00.942183222,100098,108,100084,100,100102,208,100071,208,100103,208,100067,308,100108,208,100041,208,100133,100,99990,208,100134,100,99989,300,100300,100,99982,200,100312,100,99969,200,100319,100,99953,200,100378,100,99951,100
2019-06-28 09:40:10.000000000,100102,208,100084,208,100103,208,100071,208,100108,208,100067,308,100133,208,100041,208,100134,100,99990,100,100300,100,99989,300,100312,100,99982,200,100319,100,99969,200,100378,100,99953,200,100447,100,99951,100
2019-06-28 09:40:20.000000000,100102,530,100084,530,100103,100,100071,100,100108,100,100067,200,100133,100,100041,100,100134,100,99990,100,100300,100,99989,300,100312,100,99982,200,100319,100,99969,200,100378,100,99953,200,100447,100,99951,100
2019-06-28 09:40:27.009530201,100102,530,100084,530,100103,100,100071,100,100108,100,100067,200,100133,100,100041,100,100134,100,99990,100,100300,100,99989,300,100307,100,99982,200,100312,100,99969,200,100319,100,99953,200,100378,100,99951,100
2019-06-28 09:40:30.000000000,100102,530,100084,530,100103,100,100071,100,100108,100,100067,200,100133,100,100041,100,100134,100,99990,100,100300,100,99989,300,100307,100,99982,200,100312,100,99969,200,100319,100,99953,200,100378,100,99951,100
2019-06-28 09:40:30.252904179,100102,430,100084,530,100103,100,100071,100,100108,100,100067,200,100133,100,100041,100,100134,100,99990,100,100300,100,99989,300,100307,100,99982,200,100312,100,99969,200,100319,100,99953,200,100378,100,99951,100
2019-06-28 09:40:40.000000000,100103,186,100084,186,100108,186,100071,186,100133,186,100067,286,100134,186,100041,186,100300,186,99990,186,100307,100,99989,300,100312,100,99982,200,100319,100,99969,200,100378,100,99953,200,100447,100,99951,100
2019-06-28 09:40:49.971883203,100103,186,100098,100,100108,186,100084,186,100133,186,100071,186,100134,186,100067,286,100300,186,100041,186,100307,100,99990,86,100312,100,99989,300,100319,100,99982,200,100378,100,99969,200,100447,100,99953,200
2019-06-28 09:40:50.000000000,100103,246,100098,246,100108,242,100084,242,100133,242,100071,242,100134,100,100067,200,100300,100,100041,100,100307,100,99989,300,100312,100,99982,200,100319,100,99969,200,100378,100,99953,200,100447,100,99951,100
2019-06-28 09:41:00.000000000,100103,208,100098,208,100108,208,100084,208,100133,208,100071,208,100134,208,100067,308,100300,100,100041,100,100307,100,99989,300,100312,100,99982,200,100319,100,99969,200,100378,100,99953,200,100447,100,99951,100
2019-06-28 09:41:03.937804417,100103,108,100098,208,100108,208,100084,208,100133,208,100071,208,100134,208,100067,308,100300,100,100041,100,100307,100,99989,300,100312,100,99982,200,100319,100,99969,200,100378,100,99953,200,100447,100,99951,100
2019-06-28 09:41:10.000000000,100108,315,100098,315,100133,315,100084,315,100134,100,100071,100,100300,100,100067,200,100307,100,100041,100,100312,100,99989,300,100319,100,99982,200,100378,100,99969,200,100447,100,99953,200,100448,100,99951,100
2019-06-28 09:41:20.000000000,100108,530,100098,530,100133,100,100084,100,100134,100,100071,100,100300,100,100067,200,100307,100,100041,100,100312,100,99989,300,100319,100,99982,200,100378,100,99969,200,100447,100,99953,200,100448,100,99951,100
2019-06-28 09:41:22.688509542,100108,430,100098,530,100133,100,100084,100,100134,100,100071,100,100300,100,100067,200,100307,100,100041,100,100312,100,99989,300,100319,100,99982,200,100378,100,99969,200,100447,100,99953,200,100448,100,99951,100
2019-06-28 09:41:30.000000000,100133,315,100098,315,100134,315,100084,315,100300,100,100071,100,100307,100,100067,200,100312,100,100041,100,100319,100,99989,300,100378,100,99982,200,100447,100,99969,200,100448,100,99953,200,100519,100,99951,100
2019-06-28 09:41:34.733116647,100133,315,100098,315,100134,315,100084,315,100300,100,100071,100,100307,100,100067,200,100312,100,100041,100,100319,100,99989,300,100378,100,99982,200,100447,100,99969,200,100448,100,99953,200,100519,100,99951,100
2019-06-28 09:41:40.000000000,100133,530,100098,530,100134,100,100084,100,100300,100,100071,100,100307,100,100067,200,100312,100,100041,100,100319,100,99989,300,100378,100,99982,200,100447,100,99969,200,100448,100,99953,200,100519,100,99951,100
2019-06-28 09:41:50.000000000,100133,186,100098,186,100134,186,100084,186,100300,186,100071,186,100307,186,100067,286,100312,186,100041,186,100319,100,99989,300,100378,100,99982,200,100447,100,99969,200,100448,100,99953,200,100519,100,99951,100
2019-06-28 09:42:00.000000000,100133,208,100098,208,100134,208,100084,208,100300,208,100071,208,100307,208,100067,308,100312,100,100041,100,100319,100,99989,300,100378,100,99982,200,100447,100,99969,200,100448,100,99953,200,100519,100,99951,100
2019-06-28 09:42:10.000000000,100133,530,100098,530,100134,100,100084,100,100300,100,100071,100,100307,100,100067,200,100312,100,100041,100,100319,100,99989,300,100378,100,99982,200,100447,100,99969,200,100448,100,99953,200,100519,100,99951,100
2019-06-28 09:42:13.115861666,100133,530,100098,530,100134,100,100084,100,100263,100,100071,100,100300,100,100067,200,100307,100,100041,100,100312,100,99989,300,100319,100,99982,200,100378,100,99969,200,100447,100,99953,200,100448,100,99951,100
2019-06-28 09:42:20.000000000,100133,208,100098,208,100134,208,100084,208,100263,208,100071,208,100300,208,100067,308,100307,100,100041,100,100312,100,99989,300,100319,100,99982,200,100378,100,99969,200,100447,100,99953,200,100448,100,99951,100
2019-06-28 09:42:20.386872722,100133,108,100098,208,100134,208,100084,208,100263,208,100071,208,100300,208,100067,308,100307,100,100041,100,100312,100,99989,300,100319,100,99982,200,100378,100,99969,200,100447,100,99953,200,100448,100,99951,100
2019-06-28 09:42:30.000000000,100134,186,100098,186,100263,186,100084,186,100300,186,100071,186,100307,186,100067,286,100312,186,100041,186,100319,100,99989,300,100378,100,99982,200,100447,100,99969,200,100448,100,99953,200,100519,100,99951,100
2019-06-28 09:42:40.000000000,100134,315,100098,315,100263,315,100084,315,100300,100,100071,100,100307,100,100067,200,100312,100,100041,100,100319,100,99989,300,100378,100,99982,200,100447,100,99969,200,100448,100,99953,200,100519,100,99951,100
2019-06-28 09:42:47.651833437,100134,315,100108,100,100263,315,100098,315,100300,100,100084,315,100307,100,100071,100,100312,100,100067,200,100319,100,100041,100,100378,100,99989,300,100447,100,99982,200,100448,100,99969,200,100519,100,99953,200
2019-06-28 09:42:50.000000000,100134,246,100108,246,100263,242,100098,242,100300,242,100084,242,100307,100,100071,100,100312,100,100067,200,100319,100,100041,100,100378,100,99989,300,100447,100,99982,200,100448,100,99969,200,100519,100,99953,200
2019-06-28 09:43:00.000000000,100134,530,100108,530,100263,100,100098,100,100300,100,100084,100,100307,100,100071,100,100312,100,100067,200,100319,100,100041,100,100378,100,99989,300,100447,100,99982,200,100448,100,99969,200,100519,100,99953,200
2019-06-28 09:43:10.000000000,100134,246,100108,246,100263,242,100098,242,100300,242,100084,242,100307,100,100071,100,100312,100,100067,200,100319,100,100041,100,100378,100,99989,300,100447,100,99982,200,100448,100,99969,200,100519,100,99953,200
2019-06-28 09:43:20.000000000,100134,530,100108,530,100263,100,100098,100,100300,100,100084,100,100307,100,100071,100,100312,100,100067,200,100319,100,100041,100,100378,100,99989,300,100447,100,99982,200,100448,100,99969,200,100519,100,99953,200
2019-06-28 09:43:30.000000000,100134,186,100108,186,100263,186,100098,186,100300,186,100084,186,100307,186,100071,186,100312,186,100067,286,100319,100,100041,100,100378,100,99989,300,100447,100,99982,200,100448,100,99969,200,100519,100,99953,200
2019-06-28 09:43:37.029539624,100134,186,100108,186,100263,186,100098,186,100300,186,100084,186,100307,186,100071,186,100312,186,100067,286,100319,100,100041,100,100447,100,100021,100,100448,100,99989,300,100519,100,99982,200,100600,100,99969,200
2019-06-28 09:43:40.000000000,100134,530,100108,530,100263,100,100098,100,100300,100,100084,100,100307,100,100071,100,100312,100,100067,200,100319,100,100041,100,100447,100,100021,100,100448,100,99989,300,100519,100,99982,200,100600,100,99969,200
2019-06-28 09:43:40.500853232,100134,530,100108,530,100263,100,100098,100,100300,100,100084,100,100307,100,100071,100,100312,100,100067,200,100319,100,100041,100,100447,100,100021,100,100448,100,99989,300,100519,100,99982,100,100600,100,99969,200
2019-06-28 09:43:50.000000000,100134,246,100108,246,100263,242,100098,242,100300,242,100084,242,100307,100,100071,100,100312,100,100067,200,100319,100,100041,100,100447,100,100021,100,100448,100,99989,300,100519,100,99982,100,100600,100,99969,200
2019-06-28 09:44:00.000000000,100134,186,100108,186,100263,186,100098,186,100300,186,100084,186,100307,186,100071,186,100312,186,100067,286,100319,100,100041,100,100447,100,100021,100,100448,100,99989,300,100519,100,99982,100,100600,100,99969,200
2019-06-28 09:44:10.000000000,100134,246,100108,246,100263,242,100098,242,100300,242,100084,242,100307,100,100071,100,100312,100,100067,200,100319,100,100041,100,100447,100,100021,100,100448,100,99989,300,100519,100,99982,100,100600,100,99969,200
2019-06-28 09:44:10.928649699,100134,246,100108,346,100263,242,100098,242,100300,242,100084,242,100307,100,100071,100,100312,100,100067,200,100319,100,100041,100,100447,100,100021,100,100448,100,99989,300,100519,100,99982,100,100600,100,99969,200
2019-06-28 09:44:20.000000000,100134,186,100108,286,100263,186,100098,186,100300,186,100084,186,100307,186,100071,186,100312,186,100067,286,100319,100,100041,100,100447,100,100021,100,100448,100,99989,300,100519,100,99982,100,100600,100,99969,200
2019-06-28 09:44:27.159395895,100134,186,100108,386,100263,186,100098,186,100300,186,100084,186,100307,186,100071,186,100312,186,100067,186,100319,100,100041,100,100447,100,100021,100,100448,100,99989,300,100519,100,99982,100,100600,100,99969,200
2019-06-28 09:44:30.000000000,100134,530,100108,730,100263,100,100098,100,100300,100,100084,100,100307,100,100071,100,100312,100,100067,100,100319,100,100041,100,100447,100,100021,100,100448,100,99989,300,100519,100,99982,100,100600,100,99969,200
2019-06-28 09:44:30.379559973,100134,530,100108,730,100263,100,100098,100,100300,100,100084,100,100307,100,100071,100,100312,100,100067,100,100319,100,100041,100,100372,100,100021,100,100447,100,99989,300,100448,100,99982,100,100519,100,99969,200
2019-06-28 09:44:40.000000000,100134,246,100108,446,100263,242,100098,242,100300,242,100084,242,100307,100,100071,100,100312,100,100067,100,100319,100,100041,100,100372,100,100021,100,100447,100,99989,300,100448,100,99982,100,100519,100,99969,200
2019-06-28 09:44:47.323035953,100134,246,100108,446,100263,242,100098,242,100300,242,100084,242,100307,100,100071,100,100312,100,100067,100,100319,100,100041,100,100372,100,99989,300,100447,100,99982,100,100448,100,99969,200,100519,100,99953,200
2019-06-28 09:44:50.000000000,100134,186,100108,386,100263,186,100098,186,100300,186,100084,186,100307,186,100071,186,100312,186,100067,186,100319,100,100041,100,100372,100,99989,300,100447,100,99982,100,100448,100,99969,200,100519,100,99953,200
2019-06-28 09:45:00.000000000,100134,530,100108,730,100263,100,100098,100,100300,100,100084,100,100307,100,100071,100,100312,100,100067,100,100319,100,100041,100,100372,100,99989,300,100447,100,99982,100,100448,100,99969,200,100519,100,99953,200
2019-06-28 09:45:10.000000000,100134,208,100108,408,100263,208,100098,208,100300,208,100084,208,100307,208,100071,208,100312,100,100067,100,100319,100,100041,100,100372,100,99989,300,100447,100,99982,100,100448,100,99969,200,100519,100,99953,200
2019-06-28 09:45:20.000000000,100134,315,100108,515,100263,315,100098,315,100300,100,100084,100,100307,100,100071,100,100312,100,100067,100,100319,100,100041,100,100372,100,99989,300,100447,100,99982,100,100448,100,99969,200,100519,100,99953,200
2019-06-28 09:45:30.000000000,100134,208,100108,408,100263,208,100098,208,100300,208,100084,208,100307,208,100071,208,100312,100,100067,100,100319,100,100041,100,100372,100,99989,300,100447,100,99982,100,100448,100,99969,200,100519,100,99953,200
2019-06-28 09:45:40.000000000,100134,246,100108,446,100263,242,100098,242,100300,242,100084,242,100307,100,100071,100,100312,100,100067,100,100319,100,100041,100,100372,100,99989,300,100447,100,99982,100,100448,100,99969,200,100519,100,99953,200
2019-06-28 09:45:50.000000000,100134,208,100108,408,100263,208,100098,208,100300,208,100084,208,100307,208,100071,208,100312,100,100067,100,100319,100,100041,100,100372,100,99989,300,100447,100,99982,100,100448,100,99969,200,100519,100,99953,200
2019-06-28 09:45:51.274536407,100134,208,100108,308,100263,208,100098,208,100300,208,100084,208,100307,208,100071,208,100312,100,100067,100,100319,100,100041,100,100372,100,99989,300,100447,100,99969,200,100448,100,99953,200,100519,100,99951,100
2019-06-28 09:45:57.573423479,100134,208,100108,308,100263,208,100098,208,100300,108,100084,208,100307,208,100071,208,100312,100,100067,100,100319,100,100041,100,100372,100,99989,300,100447,100,99969,200,100448,100,99953,200,100519,100,99951,100
2019-06-28 09:45:59.209697356,100132,100,100108,308,100134,208,100098,208,100263,208,100084,208,100300,108,100071,208,100307,208,100067,100,100312,100,100041,100,100319,100,99989,300,100372,100,99969,200,100447,100,99953,200,100448,100,99951,100
2019-06-28 09:46:00.000000000,100132,186,100108,286,100134,186,100098,186,100263,186,100084,186,100307,186,100071,186,100312,186,100067,186,100319,100,100041,100,100372,100,99989,300,100447,100,99969,200,100448,100,99953,200,100519,100,99951,100
2019-06-28 09:46:08.092627213,100132,186,100108,286,100134,186,100098,186,100263,186,100084,186,100307,186,100071,186,100312,186,100067,186,100319,100,100041,100,100372,100,99989,300,100447,100,99969,200,100448,100,99953,200,100519,100,99951,100
2019-06-28 09:46:10.000000000,100132,530,100108,630,100134,100,100098,100,100263,100,100084,100,100307,100,100071,100,100312,100,100067,100,100319,100,100041,100,100372,100,99989,300,100447,100,99969,200,100448,100,99953,200,100519,100,99951,100
2019-06-28 09:46:12.212440919,100132,530,100108,630,100134,100,100098,100,100263,100,100084,100,100307,100,100071,100,100312,100,100067,100,100372,100,100041,100,100447,100,99989,300,100448,100,99969,200,100519,100,99953,200,100600,100,99951,100
2019-06-28 09:46:20.000000000,100132,315,100108,415,100134,315,100098,315,100263,100,100084,100,100307,100,100071,100,100312,100,100067,100,100372,100,100041,100,100447,100,99989,300,100448,100,99969,200,100519,100,99953,200,100600,100,99951,100
2019-06-28 09:46:26.133285694,100132,315,100108,415,100134,315,100098,315,100263,100,100084,100,100307,100,100071,100,100312,100,100067,100,100372,100,100041,100,100447,100,99989,300,100448,100,99973,100,100519,100,99969,200,100600,100,99953,200
2019-06-28 09:46:30.000000000,100132,315,100108,415,100134,315,100098,315,100263,100,100084,100,100307,100,100071,100,100312,100,100067,100,100372,100,100041,100,100447,100,99989,300,100448,100,99973,100,100519,100,99969,200,100600,100,99953,200
2019-06-28 09:46:40.000000000,100132,186,100108,286,100134,186,100098,186,100263,186,100084,186,100307,186,100071,186,100312,186,100067,186,100372,100,100041,100,100447,100,99989,300,100448,100,99973,100,100519,100,99969,200,100600,100,99953,200
2019-06-28 09:46:47.812153026,100111,100,100108,286,100132,186,100098,186,100134,186,100084,186,100263,186,100071,186,100307,186,100067,186,100312,186,100041,100,100372,100,99989,300,100447,100,99973,100,100448,100,99969,200,100519,100,99953,200
2019-06-28 09:46:50.000000000,100111,246,100108,346,100132,242,100098,242,100134,242,100084,242,100263,100,100071,100,100307,100,100067,100,100312,100,100041,100,100372,100,99989,300,100447,100,99973,100,100448,100,99969,200,100519,100,99953,200
2019-06-28 09:46:51.409509535,100111,246,100108,346,100132,242,100098,242,100134,242,100084,242,100263,100,100071,100,100307,100,100067,100,100312,100,100041,100,100321,100,99989,300,100372,100,99969,200,100447,100,99953,200,100448,100,99951,100
2019-06-28 09:47:00.000000000,100111,315,100108,415,100132,315,100098,315,100134,100,100084,100,100263,100,100071,100,100307,100,100067,100,100312,100,100041,100,100321,100,99989,300,100372,100,99969,200,100447,100,99953,200,100448,100,99951,100
2019-06-28 09:47:10.000000000,100111,246,100108,346,100132,242,100098,242,100134,242,100084,242,100263,100,100071,100,100307,100,100067,100,100312,100,100041,100,100321,100,99989,300,100372,100,99969,200,100447,100,99953,200,100448,100,99951,100
2019-06-28 09:47:15.513195607,100111,246,100108,346,100132,242,100098,242,100134,242,100084,242,100263,100,100071,100,100298,100,100067,100,100307,100,100041,100,100312,100,99989,300,100321,100,99969,200,100372,100,99953,200,100447,100,99948,100
2019-06-28 09:47:20.000000000,100111,208,100108,308,100132,208,100098,208,100134,208,100084,208,100263,208,100071,208,100298,100,100067,100,100307,100,100041,100,100312,100,99989,300,100321,100,99969,200,100372,100,99953,200,100447,100,99948,100
2019-06-28 09:47:24.232244253,100111,208,100108,308,100132,208,100102,100,100134,208,100098,208,100263,208,100084,208,100298,100,100071,208,100307,100,100067,100,100312,100,100041,100,100372,100,99989,300,100447,100,99969,200,100448,100,99953,200
2019-06-28 09:47:30.000000000,100111,186,100108,286,100132,186,100102,186,100134,186,100098,186,100263,186,100084,186,100298,186,100071,186,100307,100,100067,100,100312,100,100041,100,100372,100,99989,300,100447,100,99969,200,100448,100,99953,200
2019-06-28 09:47:40.000000000,100111,246,100108,346,100132,242,100102,242,100134,242,100098,242,100263,100,100084,100,100298,100,100071,100,100307,100,100067,100,100312,100,100041,100,100372,100,99989,300,100447,100,99969,200,100448,100,99953,200
2019-06-28 09:47:50.000000000,100111,530,100108,630,100132,100,100102,100,100134,100,100098,100,100263,100,100084,100,100298,100,100071,100,100307,100,100067,100,100312,100,100041,100,100372,100,99989,300,100447,100,99969,200,100448,100,99953,200
2019-06-28 09:48:00.000000000,100111,315,100108,415,100132,315,100102,315,100134,100,100098,100,100263,100,100084,100,100298,100,100071,100,100307,100,100067,100,100312,100,100041,100,100372,100,99989,300,100447,100,99969,200,100448,100,99953,200
2019-06-28 09:48:01.728359450,100111,315,100108,315,100132,315,100102,315,100134,100,100098,100,100263,100,100084,100,100298,100,100071,100,100307,100,100067,100,100312,100,100041,100,100372,100,99989,300,100447,100,99969,200,100448,100,99953,200
2019-06-28 09:48:10.000000000,100111,208,100108,208,100132,208,100102,208,100134,208,100098,208,100263,208,100084,208,100298,100,100071,100,100307,100,100067,100,100312,100,100041,100,100372,100,99989,300,100447,100,99969,200,100448,100,99953,200
2019-06-28 09:48:20.000000000,100111,315,100108,315,100132,315,100102,315,100134,100,100098,100,100263,100,100084,100,100298,100,100071,100,100307,100,100067,100,100312,100,100041,100,100372,100,99989,300,100447,100,99969,200,100448,100,99953,200
2019-06-28 09:48:23.899075621,100111,315,100108,215,100132,315,100102,315,100134,100,100098,100,100263,100,100084,100,100298,100,100071,100,100307,100,100067,100,100312,100,100041,100,100372,100,99989,300,100447,100,99969,200,100448,100,99953,200
2019-06-28 09:48:30.000000000,100111,186,100102,186,100132,186,100098,186,100134,186,100084,186,100263,186,100071,186,100298,186,100067,186,100307,100,100041,100,100312,100,99989,300,100372,100,99969,200,100447,100,99953,200,100448,100,99948,100
2019-06-28 09:48:40.000000000,100111,315,100102,315,100132,315,100098,315,100134,100,100084,100,100263,100,100071,100,100298,100,100067,100,100307,100,100041,100,100312,100,99989,300,100372,100,99969,200,100447,100,99953,200,100448,100,99948,100
2019-06-28 09:48:46.621814977,100111,315,100102,315,100132,315,100098,315,100134,100,100084,100,100263,100,100071,100,100298,100,100067,100,100307,100,100041,100,100312,100,100026,100,100372,100,99989,300,100447,100,99969,200,100448,100,99953,200
2019-06-28 09:48:50.000000000,100111,315,100102,315,100132,315,100098,315,100134,100,100084,100,100263,100,100071,100,100298,100,100067,100,100307,100,100041,100,100312,100,100026,100,100372,100,99989,300,100447,100,99969,200,100448,100,99953,200
2019-06-28 09:48:51.242241439,100111,315,100102,315,100132,315,100098,315,100134,100,100084,100,100263,100,100071,100,100298,100,100067,100,100307,100,100041,100,100312,100,100026,100,100372,100,99989,300,100447,100,99969,200,100448,100,99953,200
2019-06-28 09:49:00.000000000,100111,246,100102,246,100132,242,100098,242,100134,242,100084,242,100263,100,100071,100,100298,100,100067,100,100307,100,100041,100,100312,100,100026,100,100372,100,99989,300,100447,100,99969,200,100448,100,99953,200
2019-06-28 09:49:10.000000000,100111,246,100102,246,100132,242,100098,242,100134,242,100084,242,100263,100,100071,100,100298,100,100067,100,100307,100,100041,100,100312,100,100026,100,100372,100,99989,300,100447,100,99969,200,100448,100,99953,200
2019-06-28 09:49:12.769592701,100111,246,100102,246,100132,242,100098,242,100134,242,100084,242,100263,100,100071,100,100298,100,100041,100,100307,100,100026,100,100312,100,99989,300,100372,100,99969,200,100447,100,99953,200,100448,100,99948,100
2019-06-28 09:49:20.000000000,100111,246,100102,246,100132,242,100098,242,100134,242,100084,242,100263,100,100071,100,100298,100,100041,100,100307,100,100026,100,100312,100,99989,300,100372,100,99969,200,100447,100,99953,200,100448,100,99948,100
2019-06-28 09:49:30.000000000,100111,246,100102,246,100132,242,100098,242,100134,242,100084,242,100263,100,100071,100,100298,100,100041,100,100307,100,100026,100,100312,100,99989,300,100372,100,99969,200,100447,100,99953,200,100448,100,99948,100
2019-06-28 09:49:30.111662815,100111,246,100102,246,100132,242,100098,242,100134,242,100084,242,100144,100,100071,100,100263,100,100041,100,100298,100,100026,100,100307,100,99989,300,100312,100,99969,200,100372,100,99953,200,100447,100,99948,100
2019-06-28 09:49:40.000000000,100111,208,100102,208,100132,208,100098,208,100134,208,100084,208,100144,208,100071,208,100263,100,100041,100,100298,100,100026,100,100307,100,99989,300,100312,100,99969,200,100372,100,99953,200,100447,100,99948,100
2019-06-28 09:49:44.281203329,100111,208,100102,108,100132,208,100098,208,100134,208,100084,208,100144,208,100071,208,100263,100,100041,100,100298,100,100026,100,100307,100,99989,300,100312,100,99969,200,100372,100,99953,200,100447,100,99948,100
2019-06-28 09:49:50.000000000,100111,315,100098,315,100132,315,100084,315,100134,100,100071,100,100144,100,100041,100,100263,100,100026,100,100298,100,99989,300,100307,100,99969,200,100312,100,99953,200,100372,100,99948,100,100447,100,99939,100
2019-06-28 09:49:56.663055743,100111,315,100098,215,100132,315,100084,315,100134,100,100071,100,100144,100,100041,100,100263,100,100026,100,100298,100,99989,300,100307,100,99969,200,100312,100,99953,200,100372,100,99948,100,100447,100,99939,100
2019-06-28 09:50:00.000000000,100111,186,100084,186,100132,186,100071,186,100134,186,100041,186,100144,186,100026,186,100263,186,99989,386,100298,100,99969,200,100307,100,99953,200,100312,100,99948,100,100372,100,99939,100,100447,100,99922,100
2019-06-28 09:50:06.286870959,100111,186,100084,186,100132,186,100071,186,100134,186,100041,186,100144,186,100026,186,100263,186,99989,386,100298,100,99969,200,100307,100,99953,200,100312,100,99948,100,100372,100,99939,100,100447,100,99922,100
2019-06-28 09:50:10.000000000,100111,208,100084,208,100132,208,100071,208,100134,208,100041,208,100144,208,100026,208,100263,100,99989,300,100298,100,99969,200,100307,100,99953,200,100312,100,99948,100,100372,100,99939,100,100447,100,99922,100
2019-06-28 09:50:20.000000000,100111,208,100084,208,100132,208,100071,208,100134,208,100041,208,100144,208,100026,208,100263,100,99989,300,100298,100,99969,200,100307,100,99953,200,100312,100,99948,100,100372,100,99939,100,100447,100,99922,100
2019-06-28 09:50:20.864578389,100111,208,100084,208,100132,208,100071,208,100134,208,100041,208,100144,208,100026,208,100263,100,99989,300,100298,100,99969,200,100307,100,99953,200,100312,100,99948,100,100372,100,99939,100,100447,100,99922,100
2019-06-28 09:50:30.000000000,100111,530,100084,530,100132,100,100071,100,100134,100,100041,100,100144,100,100026,100,100263,100,99989,300,100298,100,99969,200,100307,100,99953,200,100312,100,99948,100,100372,100,99939,100,100447,100,99922,100
2019-06-28 09:50:40.000000000,100111,315,100084,315,100132,315,100071,315,100134,100,100041,100,100144,100,100026,100,100263,100,99989,300,100298,100,99969,200,100307,100,99953,200,100312,100,99948,100,100372,100,99939,100,100447,100,99922,100
2019-06-28 09:50:40.296917192,100111,315,100084,315,100132,315,100071,315,100134,100,100041,100,100144,100,100026,100,100263,100,99989,300,100298,100,99969,200,100307,100,99953,200,100312,100,99948,100,100372,100,99939,100,100447,100,99922,100
2019-06-28 09:50:40.776529712,100111,315,100084,315,100132,315,100071,315,100134,100,100041,100,100144,100,100026,100,100263,100,99989,300,100298,100,99969,100,100307,100,99953,200,100312,100,99948,100,100372,100,99939,100,100447,100,99922,100
2019-06-28 09:50:50.000000000,100111,208,100084,208,100132,208,100071,208,100134,208,100041,208,100144,208,100026,208,100263,100,99989,300,100298,100,99969,100,100307,100,99953,200,100312,100,99948,100,100372,100,99939,100,100447,100,99922,100
2019-06-28 09:51:00.000000000,100111,186,100084,186,100132,186,100071,186,100134,186,100041,186,100144,186,100026,186,100263,186,99989,386,100298,100,99969,100,100307,100,99953,200,100312,100,99948,100,100372,100,99939,100,100447,100,99922,100
2019-06-28 09:51:01.983573888,100111,186,100084,86,100132,186,100071,186,100134,186,100041,186,100144,186,100026,186,100263,186,99989,386,100298,100,99969,100,100307,100,99953,200,100312,100,99948,100,100372,100,99939,100,100447,100,99922,100
2019-06-28 09:51:04.032932638,100111,186,100084,86,100132,186,100071,186,100134,186,100041,186,100144,186,100026,186,100263,186,99989,386,100298,100,99969,100,100307,100,99953,200,100312,100,99948,100,100372,100,99939,100,100447,100,99922,100
2019-06-28 09:51:07.167672323,100111,186,100084,86,100132,86,100071,186,100134,186,100041,186,100144,186,100026,186,100263,186,99989,386,100298,100,99969,100,100307,100,99953,200,100312,100,99948,100,100372,100,99939,100,100447,100,99922,100
2019-06-28 09:51:09.002084215,100111,186,100084,86,100132,86,100071,186,100134,186,100041,186,100144,186,100026,186,100263,186,99989,386,100298,100,99969,100,100307,100,99953,200,100312,100,99948,100,100372,100,99939,100,100447,100,99922,100
2019-06-28 09:51:10.000000000,100111,315,100071,315,100134,315,100041,315,100144,100,100026,100,100263,100,99989,300,100298,100,99969,100,100307,100,99953,200,100312,100,99948,100,100372,100,99939,100,100447,100,99922,100,100448,100,99919,100
2019-06-28 09:51:16.738361059,100111,315,100071,315,100134,315,100041,315,100144,100,100026,100,100263,100,99989,300,100298,100,99969,100,100307,100,99953,200,100312,100,99948,100,100372,100,99939,100,100447,100,99922,100,100448,100,99919,100
2019-06-28 09:51:20.000000000,100111,315,100071,315,100134,315,100041,315,100144,100,100026,100,100263,100,99989,300,100298,100,99969,100,100307,100,99953,200,100312,100,99948,100,100372,100,99939,100,100447,100,99922,100,100448,100,99919,100
2019-06-28 09:51:26.070023619,100111,315,100071,315,100134,315,100041,315,100144,100,100026,100,100263,100,99989,300,100298,100,99969,100,100307,100,99953,200,100312,100,99948,100,100372,100,99939,100,100447,100,99922,100,100448,100,99919,100
2019-06-28 09:51:30.000000000,100111,315,100071,315,100134,315,100041,315,100144,100,100026,100,100263,100,99989,300,100298,100,99969,100,100307,100,99953,200,100312,100,99948,100,100372,100,99939,100,100447,100,99922,100,100448,100,99919,100
2019-06-28 09:51:37.762750410,100111,315,100071,315,100134,315,100041,315,100144,100,100026,100,100263,100,99989,200,100298,100,99969,100,100307,100,99953,200,100312,100,99948,100,100372,100,99939,100,100447,100,99922,100,100448,100,99919,100
2019-06-28 09:51:40.000000000,100111,186,100071,186,100134,186,100041,186,100144,186,100026,186,100263,186,99989,286,100298,186,99969,186,100307,100,99953,200,100312,100,99948,100,100372,100,99939,100,100447,100,99922,100,100448,100,99919,100
2019-06-28 09:51:40.949629365,100111,186,100071,86,100134,186,100041,186,100144,186,100026,186,100263,186,99989,286,100298,186,99969,186,100307,100,99953,200,100312,100,99948,100,100372,100,99939,100,100447,100,99922,100,100448,100,99919,100
2019-06-28 09:51:50.000000000,100111,530,100041,530,100134,100,100026,100,100144,100,99989,200,100263,100,99969,100,100298,100,99953,200,100307,100,99948,100,100312,100,99939,100,100372,100,99922,100,100447,100,99919,100,100448,100,99871,100
2019-06-28 09:51:52.564867839,100111,530,100041,430,100134,100,100026,100,100263,100,99989,200,100298,100,99969,100,100307,100,99953,200,100312,100,99948,100,100372,100,99939,100,100447,100,99922,100,100448,100,99919,100,100600,100,99871,100
2019-06-28 09:51:59.026160026,100111,530,100041,330,100134,100,100026,100,100263,100,99989,200,100298,100,99969,100,100307,100,99953,200,100312,100,99948,100,100372,100,99939,100,100447,100,99922,100,100448,100,99919,100,100600,100,99871,100
2019-06-28 09:52:00.000000000,100111,186,100026,186,100134,186,99989,286,100263,186,99969,186,100298,186,99953,286,100307,186,99948,186,100312,100,99939,100,100372,100,99922,100,100447,100,99919,100,100448,100,99871,100,100600,100,99759,100
2019-06-28 09:52:10.000000000,100111,315,100026,315,100134,315,99989,415,100263,100,99969,100,100298,100,99953,200,100307,100,99948,100,100312,100,99939,100,100372,100,99922,100,100447,100,99919,100,100448,100,99871,100,100600,100,99759,100
2019-06-28 09:52:15.323128386,100111,315,100026,315,100134,315,99989,415,100263,100,99969,100,100298,100,99953,200,100307,100,99948,100,100312,100,99939,100,100372,100,99922,100,100447,100,99919,100,100448,100,99871,100,100600,100,99759,100
2019-06-28 09:52:20.000000000,100111,530,100026,530,100134,100,99989,200,100263,100,99969,100,100298,100,99953,200,100307,100,99948,100,100312,100,99939,100,100372,100,99922,100,100447,100,99919,100,100448,100,99871,100,100600,100,99759,100
2019-06-28 09:52:30.000000000,100111,246,100026,246,100134,242,99989,342,100263,242,99969,242,100298,100,99953,200,100307,100,99948,100,100312,100,99939,100,100372,100,99922,100,100447,100,99919,100,100448,100,99871,100,100600,100,99759,100
2019-06-28 09:52:40.000000000,100111,246,100026,246,100134,242,99989,342,100263,242,99969,242,100298,100,99953,200,100307,100,99948,100,100312,100,99939,100,100372,100,99922,100,100447,100,99919,100,100448,100,99871,100,100600,100,99759,100
2019-06-28 09:52:48.915168191,100041,100,100026,246,100111,246,99989,342,100134,242,99969,242,100263,242,99953,200,100298,100,99948,100,100307,100,99939,100,100312,100,99922,100,100372,100,99919,100,100447,100,99871,100,100448,100,99759,100
2019-06-28 09:52:50.000000000,100041,530,100026,530,100111,100,99989,200,100134,100,99969,100,100263,100,99953,200,100298,100,99948,100,100307,100,99939,100,100312,100,99922,100,100372,100,99919,100,100447,100,99871,100,100448,100,99759,100
2019-06-28 09:53:00.000000000,100041,208,100026,208,100111,208,99989,308,100134,208,99969,208,100263,208,99953,308,100298,100,99948,100,100307,100,99939,100,100312,100,99922,100,100372,100,99919,100,100447,100,99871,100,100448,100,99759,100
2019-06-28 09:53:08.059346906,100041,208,100026,108,100111,208,99989,308,100134,208,99969,208,100263,208,99953,308,100298,100,99948,100,100307,100,99939,100,100312,100,99922,100,100372,100,99919,100,100447,100,99871,100,100448,100,99759,100
2019-06-28 09:53:10.000000000,100041,208,99989,308,100111,208,99969,208,100134,208,99953,308,100263,208,99948,208,100298,100,99939,100,100307,100,99922,100,100312,100,99919,100,100372,100,99871,100,100447,100,99759,100,100448,100,99734,100
2019-06-28 09:53:20.000000000,100041,530,99989,630,100111,100,99969,100,100134,100,99953,200,100263,100,99948,100,100298,100,99939,100,100307,100,99922,100,100312,100,99919,100,100372,100,99871,100,100447,100,99759,100,100448,100,99734,100
2019-06-28 09:53:30.000000000,100041,315,99989,415,100111,315,99969,315,100134,100,99953,200,100263,100,99948,100,100298,100,99939,100,100307,100,99922,100,100312,100,99919,100,100372,100,99871,100,100447,100,99759,100,100448,100,99734,100
2019-06-28 09:53:40.000000000,100041,208,99989,308,100111,208,99969,208,100134,208,99953,308,100263,208,99948,208,100298,100,99939,100,100307,100,99922,100,100312,100,99919,100,100372,100,99871,100,100447,100,99759,100,100448,100,99734,100
2019-06-28 09:53:44.975724272,100041,208,99989,208,100111,208,99969,208,100134,208,99953,308,100263,208,99948,208,100298,100,99939,100,100307,100,99922,100,100312,100,99919,100,100372,100,99871,100,100447,100,99759,100,100448,100,99734,100
2019-06-28 09:53:50.000000000,100041,186,99989,186,100111,186,99969,186,100134,186,99953,286,100263,186,99948,186,100298,186,99939,186,100307,100,99922,100,100312,100,99919,100,100372,100,99871,100,100447,100,99759,100,100448,100,99734,100
2019-06-28 09:53:52.742107830,100040,100,99989,186,100041,186,99969,186,100111,186,99953,286,100134,186,99948,186,100263,186,99939,186,100298,186,99922,100,100307,100,99919,100,100312,100,99871,100,100372,100,99759,100,100447,100,99734,100
2019-06-28 09:54:00.000000000,100040,530,99989,530,100041,100,99969,100,100111,100,99953,200,100134,100,99948,100,100263,100,99939,100,100298,100,99922,100,100307,100,99919,100,100312,100,99871,100,100372,100,99759,100,100447,100,99734,100
2019-06-28 09:54:01.783323246,100040,530,99989,530,100041,100,99969,100,100111,100,99953,200,100263,100,99948,100,100298,100,99939,100,100307,100,99922,100,100312,100,99919,100,100372,100,99871,100,100447,100,99759,100,100448,100,99734,100
2019-06-28 09:54:08.567121435,100040,630,99989,530,100041,100,99969,100,100111,100,99953,200,100263,100,99948,100,100298,100,99939,100,100307,100,99922,100,100312,100,99919,100,100372,100,99871,100,100447,100,99759,100,100448,100,99734,100
2019-06-28 09:54:10.000000000,100040,630,99989,530,100041,100,99969,100,100111,100,99953,200,100263,100,99948,100,100298,100,99939,100,100307,100,99922,100,100312,100,99919,100,100372,100,99871,100,100447,100,99759,100,100448,100,99734,100
2019-06-28 09:54:20.000000000,100040,630,99989,530,100041,100,99969,100,100111,100,99953,200,100263,100,99948,100,100298,100,99939,100,100307,100,99922,100,100312,100,99919,100,100372,100,99871,100,100447,100,99759,100,100448,100,99734,100
2019-06-28 09:54:30.000000000,100040,286,99989,186,100041,186,99969,186,100111,186,99953,286,100263,186,99948,186,100298,186,99939,186,100307,100,99922,100,100312,100,99919,100,100372,100,99871,100,100447,100,99759,100,100448,100,99734,100
2019-06-28 09:54:40.000000000,100040,346,99989,246,100041,242,99969,242,100111,242,99953,342,100263,100,99948,100,100298,100,99939,100,100307,100,99922,100,100312,100,99919,100,100372,100,99871,100,100447,100,99759,100,100448,100,99734,100
2019-06-28 09:54:49.191346515,100040,446,99989,246,100041,242,99969,242,100111,242,99953,342,100263,100,99948,100,100298,100,99939,100,100307,100,99922,100,100312,100,99919,100,100372,100,99871,100,100447,100,99759,100,100448,100,99734,100
2019-06-28 09:54:50.000000000,100040,515,99989,315,100041,315,99969,315,100111,100,99953,200,100263,100,99948,100,100298,100,99939,100,100307,100,99922,100,100312,100,99919,100,100372,100,99871,100,100447,100,99759,100,100448,100,99734,100
2019-06-28 09:55:00.000000000,100040,446,99989,246,100041,242,99969,242,100111,242,99953,342,100263,100,99948,100,100298,100,99939,100,100307,100,99922,100,100312,100,99919,100,100372,100,99871,100,100447,100,99759,100,100448,100,99734,100
2019-06-28 09:55:01.416628547,100040,546,99989,246,100041,242,99969,242,100111,242,99953,342,100263,100,99948,100,100298,100,99939,100,100307,100,99922,100,100312,100,99919,100,100372,100,99871,100,100447,100,99759,100,100448,100,99734,100
2019-06-28 09:55:10.000000000,100040,486,99989,186,100041,186,99969,186,100111,186,99953,286,100263,186,99948,186,100298,186,99939,186,100307,100,99922,100,100312,100,99919,100,100372,100,99871,100,100447,100,99759,100,100448,100,99734,100
2019-06-28 09:55:20.000000000,100040,486,99989,186,100041,186,99969,186,100111,186,99953,286,100263,186,99948,186,100298,186,99939,186,100307,100,99922,100,100312,100,99919,100,100372,100,99871,100,100447,100,99759,100,100448,100,99734,100
2019-06-28 09:55:24.078966748,100040,486,99989,86,100041,186,99969,186,100111,186,99953,286,100263,186,99948,186,100298,186,99939,186,100307,100,99922,100,100312,100,99919,100,100372,100,99871,100,100447,100,99759,100,100448,100,99734,100
2019-06-28 09:55:24.453177845,100026,100,99989,86,100040,486,99969,186,100041,186,99953,286,100111,186,99948,186,100263,186,99939,186,100298,186,99922,100,100307,100,99919,100,100312,100,99871,100,100372,100,99759,100,100447,100,99734,100
2019-06-28 09:55:30.000000000,100026,186,99969,186,100040,486,99953,286,100041,186,99948,186,100111,186,99939,186,100263,186,99922,186,100298,100,99919,100,100307,100,99871,100,100312,100,99759,100,100372,100,99734,100,100447,100,99705,100
2019-06-28 09:55:40.000000000,100026,246,99969,246,100040,542,99953,342,100041,242,99948,242,100111,100,99939,100,100263,100,99922,100,100298,100,99919,100,100307,100,99871,100,100312,100,99759,100,100372,100,99734,100,100447,100,99705,100
2019-06-28 09:55:42.802254866,100026,246,99969,246,100040,542,99953,342,100041,242,99948,242,100111,100,99939,100,100263,100,99922,100,100298,100,99919,100,100307,100,99871,100,100312,100,99759,100,100372,100,99734,100,100447,100,99705,100
2019-06-28 09:55:43.128183472,100026,246,99969,146,100040,542,99953,342,100041,242,99948,242,100111,100,99939,100,100263,100,99922,100,100298,100,99919,100,100307,100,99871,100,100312,100,99759,100,100372,100,99734,100,100447,100,99705,100
2019-06-28 09:55:46.914156796,100026,246,99969,46,100040,542,99953,342,100041,242,99948,142,100111,100,99939,100,100263,100,99922,100,100298,100,99919,100,100307,100,99871,100,100312,100,99759,100,100372,100,99734,100,100447,100,99705,100
2019-06-28 09:55:50.000000000,100026,208,99953,308,100040,508,99939,208,100041,208,99922,208,100111,208,99919,208,100263,100,99871,100,100298,100,99759,100,100307,100,99734,100,100312,100,99705,100,100372,100,99696,100,100447,100,99636,100
2019-06-28 09:56:00.000000000,100026,315,99953,415,100040,615,99939,315,100041,100,99922,100,100111,100,99919,100,100263,100,99871,100,100298,100,99759,100,100307,100,99734,100,100312,100,99705,100,100372,100,99696,100,100447,100,99636,100
2019-06-28 09:56:10.000000000,100026,208,99953,308,100040,508,99939,208,100041,208,99922,208,100111,208,99919,208,100263,100,99871,100,100298,100,99759,100,100307,100,99734,100,100312,100,99705,100,100372,100,99696,100,100447,100,99636,100
2019-06-28 09:56:11.028064928,100026,208,99953,208,100040,508,99939,208,100041,208,99922,208,100111,208,99919,208,100263,100,99871,100,100298,100,99759,100,100307,100,99734,100,100312,100,99705,100,100372,100,99696,100,100447,100,99636,100
2019-06-28 09:56:20.000000000,100026,186,99953,186,100040,486,99939,186,100041,186,99922,186,100111,186,99919,186,100263,186,99871,186,100298,100,99759,100,100307,100,99734,100,100312,100,99705,100,100372,100,99696,100,100447,100,99636,100
2019-06-28 09:56:30.000000000,100026,186,99953,186,100040,486,99939,186,100041,186,99922,186,100111,186,99919,186,100263,186,99871,186,100298,100,99759,100,100307,100,99734,100,100312,100,99705,100,100372,100,99696,100,100447,100,99636,100
2019-06-28 09:56:40.000000000,100026,186,99953,186,100040,486,99939,186,100041,186,99922,186,100111,186,99919,186,100263,186,99871,186,100298,100,99759,100,100307,100,99734,100,100312,100,99705,100,100372,100,99696,100,100447,100,99636,100
2019-06-28 09:56:50.000000000,100026,186,99953,186,100040,486,99939,186,100041,186,99922,186,100111,186,99919,186,100263,186,99871,186,100298,100,99759,100,100307,100,99734,100,100312,100,99705,100,100372,100,99696,100,100447,100,99636,100
2019-06-28 09:56:59.893959371,99969,100,99953,186,100026,186,99939,186,100040,486,99922,186,100041,186,99919,186,100111,186,99871,186,100263,186,99759,100,100298,100,99734,100,100307,100,99705,100,100312,100,99696,100,100372,100,99636,100
2019-06-28 09:57:00.000000000,99969,246,99953,246,100026,242,99939,242,100040,542,99922,242,100041,100,99919,100,100111,100,99871,100,100263,100,99759,100,100298,100,99734,100,100307,100,99705,100,100312,100,99696,100,100372,100,99636,100
2019-06-28 09:57:09.497893889,99969,346,99953,246,100026,242,99939,242,100040,542,99922,242,100041,100,99919,100,100111,100,99871,100,100263,100,99759,100,100298,100,99734,100,100307,100,99705,100,100312,100,99696,100,100372,100,99636,100
2019-06-28 09:57:10.000000000,99969,286,99953,186,100026,186,99939,186,100040,486,99922,186,100041,186,99919,186,100111,186,99871,186,100263,100,99759,100,100298,100,99734,100,100307,100,99705,100,100312,100,99696,100,100372,100,99636,100
2019-06-28 09:57:13.018675026,99969,286,99953,86,100026,186,99939,186,100040,486,99922,186,100041,186,99919,186,100111,186,99871,186,100263,100,99759,100,100298,100,99734,100,100307,100,99705,100,100312,100,99696,100,100372,100,99636,100
2019-06-28 09:57:20.000000000,99969,346,99939,246,100026,242,99922,242,100040,542,99919,242,100041,100,99871,100,100111,100,99759,100,100263,100,99734,100,100298,100,99705,100,100307,100,99696,100,100312,100,99636,100,100372,100,99590,100
2019-06-28 09:57:30.000000000,99969,630,99939,530,100026,100,99922,100,100040,400,99919,100,100041,100,99871,100,100111,100,99759,100,100263,100,99734,100,100298,100,99705,100,100307,100,99696,100,100312,100,99636,100,100372,100,99590,100
2019-06-28 09:57:32.206572502,99969,630,99939,430,100026,100,99922,100,100040,400,99919,100,100041,100,99871,100,100111,100,99759,100,100263,100,99734,100,100298,100,99705,100,100307,100,99696,100,100312,100,99636,100,100372,100,99590,100
2019-06-28 09:57:40.000000000,99969,286,99922,186,100026,186,99919,186,100040,486,99871,186,100041,186,99759,186,100111,186,99734,186,100263,100,99705,100,100298,100,99696,100,100307,100,99636,100,100312,100,99590,100,100372,100,99539,100
2019-06-28 09:57:44.880419909,99969,286,99922,186,100026,186,99919,186,100040,486,99871,186,100041,186,99801,100,100111,186,99759,186,100263,100,99734,186,100298,100,99705,100,100307,100,99696,100,100312,100,99636,100,100372,100,99590,100
2019-06-28 09:57:46.043347526,99953,100,99922,186,99969,286,99919,186,100026,186,99871,186,100040,386,99801,100,100041,186,99759,186,100111,186,99734,186,100263,100,99705,100,100298,100,99696,100,100307,100,99636,100,100312,100,99590,100
2019-06-28 09:57:47.993898691,99953,100,99922,186,99969,286,99919,186,100026,186,99871,186,100040,386,99801,100,100041,186,99759,86,100111,186,99734,186,100263,100,99705,100,100298,100,99696,100,100307,100,99691,100,100312,100,99636,100
2019-06-28 09:57:50.000000000,99953,208,99922,208,99969,308,99919,208,100026,208,99871,208,100040,408,99801,208,100041,100,99734,100,100111,100,99705,100,100263,100,99696,100,100298,100,99691,100,100307,100,99636,100,100312,100,99590,100
2019-06-28 09:57:53.926664510,99953,208,99922,208,99969,308,99919,208,100026,208,99871,208,100040,308,99801,208,100041,100,99734,100,100111,100,99705,100,100263,100,99696,100,100298,100,99691,100,100307,100,99636,100,100312,100,99590,100
2019-06-28 09:58:00.000000000,99953,315,99922,315,99969,415,99919,315,100026,100,99871,100,100040,200,99801,100,100041,100,99734,100,100111,100,99705,100,100263,100,99696,100,100298,100,99691,100,100307,100,99636,100,100312,100,99590,100
2019-06-28 09:58:01.321999062,99953,315,99922,315,99969,415,99919,315,100026,100,99871,100,100040,200,99858,100,100041,100,99801,100,100111,100,99734,100,100263,100,99705,100,100298,100,99696,100,100307,100,99691,100,100312,100,99636,100
2019-06-28 09:58:04.741668054,99953,315,99922,315,99969,415,99919,315,100026,100,99871,100,100040,100,99858,100,100041,100,99801,100,100111,100,99734,100,100263,100,99705,100,100298,100,99696,100,100307,100,99691,100,100312,100,99636,100
2019-06-28 09:58:10.000000000,99953,246,99922,246,99969,342,99919,242,100026,242,99871,242,100040,100,99858,100,100041,100,99801,100,100111,100,99734,100,100263,100,99705,100,100298,100,99696,100,100307,100,99691,100,100312,100,99636,100
2019-06-28 09:58:16.912557109,99953,146,99922,246,99969,342,99919,242,100026,242,99871,242,100040,100,99858,100,100041,100,99801,100,100111,100,99734,100,100263,100,99705,100,100298,100,99696,100,100307,100,99691,100,100312,100,99636,100
2019-06-28 09:58:20.000000000,99969,346,99922,246,100026,242,99919,242,100040,242,99871,242,100041,100,99858,100,100111,100,99801,100,100263,100,99734,100,100298,100,99705,100,100307,100,99696,100,100312,100,99691,100,100372,100,99636,100
2019-06-28 09:58:30.000000000,99969,308,99922,208,100026,208,99919,208,100040,208,99871,208,100041,208,99858,208,100111,100,99801,100,100263,100,99734,100,100298,100,99705,100,100307,100,99696,100,100312,100,99691,100,100372,100,99636,100
2019-06-28 09:58:37.941913964,99969,308,99922,208,100026,208,99919,208,100040,208,99871,208,100041,108,99858,208,100111,100,99801,100,100263,100,99734,100,100298,100,99705,100,100307,100,99696,100,100312,100,99691,100,100372,100,99636,100
2019-06-28 09:58:40.000000000,99969,346,99922,246,100026,242,99919,242,100040,242,99871,242,100111,100,99858,100,100263,100,99801,100,100298,100,99734,100,100307,100,99705,100,100312,100,99696,100,100372,100,99691,100,100447,100,99636,100
2019-06-28 09:58:50.000000000,99969,415,99922,315,100026,315,99919,315,100040,100,99871,100,100111,100,99858,100,100263,100,99801,100,100298,100,99734,100,100307,100,99705,100,100312,100,99696,100,100372,100,99691,100,100447,100,99636,100
2019-06-28 09:59:00.000000000,99969,308,99922,208,100026,208,99919,208,100040,208,99871,208,100111,208,99858,208,100263,100,99801,100,100298,100,99734,100,100307,100,99705,100,100312,100,99696,100,100372,100,99691,100,100447,100,99636,100
2019-06-28 09:59:10.000000000,99969,308,99922,208,100026,208,99919,208,100040,208,99871,208,100111,208,99858,208,100263,100,99801,100,100298,100,99734,100,100307,100,99705,100,100312,100,99696,100,100372,100,99691,100,100447,100,99636,100
2019-06-28 09:59:20.000000000,99969,286,99922,186,100026,186,99919,186,100040,186,99871,186,100111,186,99858,186,100263,186,99801,186,100298,100,99734,100,100307,100,99705,100,100312,100,99696,100,100372,100,99691,100,100447,100,99636,100
2019-06-28 09:59:22.034796025,99969,286,99940,100,100026,186,99922,186,100040,186,99919,186,100111,186,99871,186,100263,186,99858,186,100298,100,99801,186,100307,100,99734,100,100312,100,99705,100,100372,100,99696,100,100447,100,99691,100
2019-06-28 09:59:30.000000000,99969,346,99940,246,100026,242,99922,242,100040,242,99919,242,100111,100,99871,100,100263,100,99858,100,100298,100,99801,100,100307,100,99734,100,100312,100,99705,100,100372,100,99696,100,100447,100,99691,100
2019-06-28 09:59:34.259558687,99969,346,99940,246,100026,242,99922,242,100040,242,99919,242,100060,100,99858,100,100111,100,99801,100,100263,100,99734,100,100298,100,99705,100,100307,100,99696,100,100312,100,99691,100,100372,100,99636,100
2019-06-28 09:59:35.530184678,99969,346,99940,346,100026,242,99922,242,100040,242,99919,242,100060,100,99858,100,100111,100,99801,100,100263,100,99734,100,100298,100,99705,100,100307,100,99696,100,100312,100,99691,100,100372,100,99636,100
2019-06-28 09:59:40.000000000,99969,308,99940,308,100026,208,99922,208,100040,208,99919,208,100060,208,99858,208,100111,100,99801,100,100263,100,99734,100,100298,100,99705,100,100307,100,99696,100,100312,100,99691,100,100372,100,99636,100
2019-06-28 09:59:50.000000000,99969,415,99940,415,100026,315,99922,315,100040,100,99919,100,100060,100,99858,100,100111,100,99801,100,100263,100,99734,100,100298,100,99705,100,100307,100,99696,100,100312,100,99691,100,100372,100,99636,100
2019-06-28 09:59:58.842038653,99969,415,99940,415,100026,315,99922,315,100040,100,99919,100,100060,100,99858,100,100111,100,99841,100,100263,100,99801,100,100298,100,99734,100,100307,100,99705,100,100312,100,99696,100,100372,100,99691,100
2019-06-28 09:59:59.596317275,99969,315,99940,515,100026,315,99922,315,100040,100,99919,100,100060,100,99858,100,100111,100,99841,100,100263,100,99801,100,100298,100,99734,100,100307,100,99705,100,100312,100,99696,100,100372,100,99691,100
2019-06-28 10:00:00.000000000,99969,315,99940,515,100026,315,99922,315,100040,100,99919,100,100060,100,99858,100,100111,100,99841,100,100263,100,99801,100,100298,100,99734,100,100307,100,99705,100,100312,100,99696,100,100372,100,99691,100
2019-06-28 10:00:10.000000000,99969,530,99940,730,100026,100,99922,100,100040,100,99919,100,100060,100,99858,100,100111,100,99841,100,100263,100,99801,100,100298,100,99734,100,100307,100,99705,100,100312,100,99696,100,100372,100,99691,100
2019-06-28 10:00:20.000000000,99969,246,99940,446,100026,242,99922,242,100040,242,99919,242,100060,100,99858,100,100111,100,99841,100,100263,100,99801,100,100298,100,99734,100,100307,100,99705,100,100312,100,99696,100,100372,100,99691,100
2019-06-28 10:00:21.830245065,99969,246,99940,346,100026,242,99922,242,100040,242,99919,242,100111,100,99858,100,100263,100,99841,100,100298,100,99801,100,100307,100,99734,100,100312,100,99705,100,100372,100,99696,100,100447,100,99691,100
2019-06-28 10:00:30.000000000,99969,530,99940,630,100026,100,99922,100,100040,100,99919,100,100111,100,99858,100,100263,100,99841,100,100298,100,99801,100,100307,100,99734,100,100312,100,99705,100,100372,100,99696,100,100447,100,99691,100
2019-06-28 10:00:40.000000000,99969,186,99940,286,100026,186,99922,186,100040,186,99919,186,100111,186,99858,186,100263,186,99841,186,100298,100,99801,100,100307,100,99734,100,100312,100,99705,100,100372,100,99696,100,100447,100,99691,100
2019-06-28 10:00:50.000000000,99969,315,99940,415,100026,315,99922,315,100040,100,99919,100,100111,100,99858,100,100263,100,99841,100,100298,100,99801,100,100307,100,99734,100,100312,100,99705,100,100372,100,99696,100,100447,100,99691,100
2019-06-28 10:01:00.000000000,99969,315,99940,415,100026,315,99922,315,100040,100,99919,100,100111,100,99858,100,100263,100,99841,100,100298,100,99801,100,100307,100,99734,100,100312,100,99705,100,100372,100,99696,100,100447,100,99691,100
2019-06-28 10:01:00.323782993,99969,315,99948,100,100026,315,99940,415,100040,100,99922,315,100111,100,99919,100,100263,100,99858,100,100298,100,99841,100,100307,100,99801,100,100312,100,99734,100,100372,100,99705,100,100447,100,99696,100
2019-06-28 10:01:10.000000000,99969,208,99948,208,100026,208,99940,308,100040,208,99922,208,100111,208,99919,208,100263,100,99858,100,100298,100,99841,100,100307,100,99801,100,100312,100,99734,100,100372,100,99705,100,100447,100,99696,100
2019-06-28 10:01:16.434534232,99969,208,99948,208,100026,208,99940,308,100040,208,99922,208,100111,208,99919,208,100263,100,99858,100,100298,100,99841,100,100307,100,99801,100,100312,100,99734,100,100372,100,99705,100,100447,100,99696,100
2019-06-28 10:01:18.846493298,99969,208,99948,108,100026,208,99940,308,100040,208,99922,208,100111,208,99919,208,100263,100,99858,100,100298,100,99841,100,100307,100,99801,100,100372,100,99734,100,100447,100,99705,100,100600,100,99696,100
2019-06-28 10:01:20.000000000,99969,186,99940,286,100026,186,99922,186,100040,186,99919,186,100111,186,99858,186,100263,186,99841,186,100298,100,99801,100,100307,100,99734,100,100372,100,99705,100,100447,100,99696,100,100600,100,99691,100
2019-06-28 10:01:30.000000000,99969,208,99940,308,100026,208,99922,208,100040,208,99919,208,100111,208,99858,208,100263,100,99841,100,100298,100,99801,100,100307,100,99734,100,100372,100,99705,100,100447,100,99696,100,100600,100,99691,100
2019-06-28 10:01:40.000000000,99969,530,99940,630,100026,100,99922,100,100040,100,99919,100,100111,100,99858,100,100263,100,99841,100,100298,100,99801,100,100307,100,99734,100,100372,100,99705,100,100447,100,99696,100,100600,100,99691,100
2019-06-28 10:01:50.000000000,99969,208,99940,308,100026,208,99922,208,100040,208,99919,208,100111,208,99858,208,100263,100,99841,100,100298,100,99801,100,100307,100,99734,100,100372,100,99705,100,100447,100,99696,100,100600,100,99691,100
2019-06-28 10:01:59.453633825,99969,208,99940,308,100026,208,99922,208,100040,208,99919,208,100111,208,99858,208,100263,100,99841,100,100298,100,99801,100,100307,100,99734,100,100333,100,99705,100,100372,100,99696,100,100447,100,99691,100
2019-06-28 10:02:00.000000000,99969,186,99940,286,100026,186,99922,186,100040,186,99919,186,100111,186,99858,186,100263,186,99841,186,100298,100,99801,100,100307,100,99734,100,100333,100,99705,100,100372,100,99696,100,100447,100,99691,100
2019-06-28 10:02:10.000000000,99969,530,99940,630,100026,100,99922,100,100040,100,99919,100,100111,100,99858,100,100263,100,99841,100,100298,100,99801,100,100307,100,99734,100,100333,100,99705,100,100372,100,99696,100,100447,100,99691,100
2019-06-28 10:02:13.738187746,99969,530,99949,100,100026,100,99940,630,100040,100,99922,100,100111,100,99919,100,100263,100,99858,100,100298,100,99841,100,100307,100,99801,100,100333,100,99734,100,100372,100,99705,100,100447,100,99696,100
2019-06-28 10:02:20.000000000,99969,315,99949,315,100026,315,99940,415,100040,100,99922,100,100111,100,99919,100,100263,100,99858,100,100298,100,99841,100,100307,100,99801,100,100333,100,99734,100,100372,100,99705,100,100447,100,99696,100
2019-06-28 10:02:22.780735198,99969,315,99949,315,100026,315,99940,415,100040,100,99922,100,100111,100,99919,100,100244,100,99858,100,100263,100,99841,100,100298,100,99801,100,100307,100,99734,100,100333,100,99705,100,100372,100,99696,100
2019-06-28 10:02:24.170061778,99969,315,99949,315,100026,315,99940,415,100040,100,99922,100,100111,100,99919,100,100207,100,99858,100,100244,100,99841,100,100263,100,99801,100,100298,100,99734,100,100307,100,99705,100,100333,100,99696,100
2019-06-28 10:02:30.000000000,99969,530,99949,530,100026,100,99940,200,100040,100,99922,100,100111,100,99919,100,100207,100,99858,100,100244,100,99841,100,100263,100,99801,100,100298,100,99734,100,100307,100,99705,100,100333,100,99696,100
2019-06-28 10:02:39.491952839,99969,530,99949,530,100026,100,99940,200,100040,100,99922,100,100092,100,99919,100,100111,100,99858,100,100207,100,99801,100,100244,100,99734,100,100263,100,99705,100,100298,100,99696,100,100307,100,99691,100
2019-06-28 10:02:40.000000000,99969,186,99949,186,100026,186,99940,286,100040,186,99922,186,100092,186,99919,186,100111,186,99858,186,100207,100,99801,100,100244,100,99734,100,100263,100,99705,100,100298,100,99696,100,100307,100,99691,100
2019-06-28 10:02:43.118028122,99969,186,99949,186,100026,186,99940,286,100040,186,99922,186,100092,186,99919,186,100111,186,99858,186,100207,100,99801,100,100244,100,99734,100,100263,100,99705,100,100298,100,99696,100,100307,100,99691,100
2019-06-28 10:02:45.623539958,99969,186,99949,186,99989,100,99940,286,100026,186,99922,186,100040,186,99919,186,100092,186,99858,186,100111,186,99801,100,100207,100,99734,100,100244,100,99705,100,100263,100,99696,100,100298,100,99691,100
2019-06-28 10:02:50.000000000,99969,186,99949,186,99989,186,99940,286,100026,186,99922,186,100040,186,99919,186,100092,186,99858,186,100111,100,99801,100,100207,100,99734,100,100244,100,99705,100,100263,100,99696,100,100298,100,99691,100
2019-06-28 10:02:52.850567465,99969,186,99949,86,99989,186,99940,286,100026,186,99922,186,100040,186,99919,186,100092,186,99858,186,100207,100,99801,100,100244,100,99734,100,100263,100,99705,100,100298,100,99696,100,100307,100,99691,100
2019-06-28 10:02:55.335867568,99969,186,99949,86,99989,186,99940,286,100026,186,99922,186,100040,186,99919,186,100092,186,99858,186,100124,100,99801,100,100244,100,99734,100,100263,100,99705,100,100298,100,99696,100,100307,100,99691,100
2019-06-28 10:03:00.000000000,99969,530,99940,630,99989,100,99922,100,100026,100,99919,100,100040,100,99858,100,100092,100,99801,100,100124,100,99734,100,100244,100,99705,100,100263,100,99696,100,100298,100,99691,100,100307,100,99636,100
2019-06-28 10:03:05.747341531,99969,530,99940,630,99989,100,99922,100,100026,100,99919,100,100040,100,99801,100,100092,100,99734,100,100124,100,99705,100,100147,100,99696,100,100244,100,99691,100,100263,100,99636,100,100298,100,99590,100
2019-06-28 10:03:10.000000000,99969,208,99940,308,99989,208,99922,208,100026,208,99919,208,100040,208,99801,208,100092,100,99734,100,100124,100,99705,100,100147,100,99696,100,100244,100,99691,100,100263,100,99636,100,100298,100,99590,100
2019-06-28 10:03:10.335136195,99969,208,99940,308,99989,208,99922,208,100026,108,99919,208,100040,208,99801,208,100092,100,99734,100,100124,100,99705,100,100147,100,99696,100,100244,100,99691,100,100263,100,99636,100,100298,100,99590,100
2019-06-28 10:03:18.384163016,99969,208,99940,308,99989,208,99922,208,100026,108,99919,208,100040,208,99806,100,100092,100,99801,208,100124,100,99734,100,100147,100,99705,100,100244,100,99696,100,100263,100,99691,100,100298,100,99636,100
2019-06-28 10:03:20.000000000,99969,530,99940,630,99989,100,99922,100,100040,100,99919,100,100092,100,99806,100,100124,100,99801,100,100147,100,99734,100,100244,100,99705,100,100263,100,99696,100,100298,100,99691,100,100307,100,99636,100
2019-06-28 10:03:30.000000000,99969,186,99940,286,99989,186,99922,186,100040,186,99919,186,100092,186,99806,186,100124,186,99801,186,100147,100,99734,100,100244,100,99705,100,100263,100,99696,100,100298,100,99691,100,100307,100,99636,100
2019-06-28 10:03:40.000000000,99969,315,99940,415,99989,315,99922,315,100040,100,99919,100,100092,100,99806,100,100124,100,99801,100,100147,100,99734,100,100244,100,99705,100,100263,100,99696,100,100298,100,99691,100,100307,100,99636,100
2019-06-28 10:03:47.116582061,99969,315,99940,315,99989,315,99922,315,100040,100,99919,100,100092,100,99806,100,100124,100,99801,100,100147,100,99734,100,100263,100,99705,100,100298,100,99696,100,100307,100,99691,100,100333,100,99636,100
2019-06-28 10:03:50.000000000,99969,208,99940,208,99989,208,99922,208,100040,208,99919,208,100092,208,99806,208,100124,100,99801,100,100147,100,99734,100,100263,100,99705,100,100298,100,99696,100,100307,100,99691,100,100333,100,99636,100
2019-06-28 10:04:00.000000000,99969,315,99940,315,99989,315,99922,315,100040,100,99919,100,100092,100,99806,100,100124,100,99801,100,100147,100,99734,100,100263,100,99705,100,100298,100,99696,100,100307,100,99691,100,100333,100,99636,100
2019-06-28 10:04:01.438667756,99969,315,99940,315,99989,315,99922,315,100040,100,99919,100,100092,100,99875,100,100124,100,99806,100,100147,100,99801,100,100263,100,99734,100,100298,100,99705,100,100307,100,99696,100,100333,100,99691,100
2019-06-28 10:04:02.386823826,99969,315,99940,215,99989,315,99922,315,100040,100,99919,100,100092,100,99875,100,100124,100,99806,100,100147,100,99801,100,100263,100,99734,100,100298,100,99696,100,100307,100,99691,100,100333,100,99636,100
2019-06-28 10:04:05.204604421,99969,315,99940,115,99989,315,99922,315,100040,100,99919,100,100092,100,99875,100,100124,100,99806,100,100147,100,99801,100,100263,100,99734,100,100298,100,99696,100,100307,100,99691,100,100333,100,99636,100
2019-06-28 10:04:10.000000000,99969,246,99922,246,99989,242,99919,242,100040,242,99875,242,100092,100,99806,100,100124,100,99801,100,100147,100,99734,100,100263,100,99696,100,100298,100,99691,100,100307,100,99636,100,100333,100,99590,100
2019-06-28 10:04:20.000000000,99969,315,99922,315,99989,315,99919,315,100040,100,99875,100,100092,100,99806,100,100124,100,99801,100,100147,100,99734,100,100263,100,99696,100,100298,100,99691,100,100307,100,99636,100,100333,100,99590,100
2019-06-28 10:04:24.684954514,99969,315,99922,315,99989,315,99919,315,100040,100,99875,100,100092,100,99806,100,100124,100,99801,100,100147,100,99734,100,100263,100,99716,100,100298,100,99696,100,100307,100,99691,100,100333,100,99636,100
2019-06-28 10:04:26.442386803,99969,315,99922,315,99989,315,99919,315,100040,100,99875,100,100092,100,99806,100,100124,100,99801,100,100147,100,99734,100,100263,100,99716,100,100298,100,99696,100,100307,100,99691,100,100333,100,99636,100
2019-06-28 10:04:30.000000000,99969,530,99922,530,99989,100,99919,100,100040,100,99875,100,100092,100,99806,100,100124,100,99801,100,100147,100,99734,100,100263,100,99716,100,100298,100,99696,100,100307,100,99691,100,100333,100,99636,100
2019-06-28 10:04:40.000000000,99969,315,99922,315,99989,315,99919,315,100040,100,99875,100,100092,100,99806,100,100124,100,99801,100,100147,100,99734,100,100263,100,99716,100,100298,100,99696,100,100307,100,99691,100,100333,100,99636,100
2019-06-28 10:04:48.094781658,99969,315,99922,315,99989,315,99919,315,100040,100,99875,100,100092,100,99806,100,100124,100,99801,100,100147,100,99760,100,100263,100,99734,100,100298,100,99716,100,100307,100,99696,100,100333,100,99691,100
2019-06-28 10:04:50.000000000,99969,186,99922,186,99989,186,99919,186,100040,186,99875,186,100092,186,99806,186,100124,186,99801,186,100147,100,99760,100,100263,100,99734,100,100298,100,99716,100,100307,100,99696,100,100333,100,99691,100
2019-06-28 10:04:58.837515913,99969,186,99922,86,99989,186,99919,186,100040,186,99875,186,100092,186,99806,186,100124,186,99801,186,100147,100,99760,100,100263,100,99734,100,100298,100,99716,100,100307,100,99696,100,100333,100,99691,100
2019-06-28 10:05:00.000000000,99969,186,99919,186,99989,186,99875,186,100040,186,99806,186,100092,186,99801,186,100124,186,99760,186,100147,100,99734,100,100263,100,99716,100,100298,100,99696,100,100307,100,99691,100,100333,100,99636,100
2019-06-28 10:05:10.000000000,99969,208,99919,208,99989,208,99875,208,100040,208,99806,208,100092,208,99801,208,100124,100,99760,100,100147,100,99734,100,100263,100,99716,100,100298,100,99696,100,100307,100,99691,100,100333,100,99636,100
2019-06-28 10:05:13.385188313,99969,208,99919,108,99989,208,99875,208,100040,208,99806,208,100092,208,99801,208,100124,100,99760,100,100147,100,99734,100,100263,100,99716,100,100298,100,99696,100,100307,100,99691,100,100333,100,99636,100
2019-06-28 10:05:20.000000000,99969,208,99875,208,99989,208,99806,208,100040,208,99801,208,100092,208,99760,208,100124,100,99734,100,100147,100,99716,100,100263,100,99696,100,100298,100,99691,100,100307,100,99636,100,100333,100,99611,100
2019-06-28 10:05:30.000000000,99969,186,99875,186,99989,186,99806,186,100040,186,99801,186,100092,186,99760,186,100124,186,99734,186,100147,100,99716,100,100263,100,99696,100,100298,100,99691,100,100307,100,99636,100,100333,100,99611,100
2019-06-28 10:05:40.000000000,99969,246,99875,246,99989,242,99806,242,100040,242,99801,242,100092,100,99760,100,100124,100,99734,100,100147,100,99716,100,100263,100,99696,100,100298,100,99691,100,100307,100,99636,100,100333,100,99611,100
2019-06-28 10:05:50.000000000,99969,186,99875,186,99989,186,99806,186,100040,186,99801,186,100092,186,99760,186,100124,186,99734,186,100147,100,99716,100,100263,100,99696,100,100298,100,99691,100,100307,100,99636,100,100333,100,99611,100
2019-06-28 10:06:00.000000000,99969,530,99875,530,99989,100,99806,100,100040,100,99801,100,100092,100,99760,100,100124,100,99734,100,100147,100,99716,100,100263,100,99696,100,100298,100,99691,100,100307,100,99636,100,100333,100,99611,100
2019-06-28 10:06:10.000000000,99969,315,99875,315,99989,315,99806,315,100040,100,99801,100,100092,100,99760,100,100124,100,99734,100,100147,100,99716,100,100263,100,99696,100,100298,100,99691,100,100307,100,99636,100,100333,100,99611,100
2019-06-28 10:06:18.975869092,99969,315,99923,100,99989,315,99875,315,100040,100,99806,315,100092,100,99801,100,100124,100,99760,100,100147,100,99734,100,100263,100,99716,100,100298,100,99696,100,100307,100,99691,100,100333,100,99636,100
2019-06-28 10:06:20.000000000,99969,315,99923,315,99989,315,99875,315,100040,100,99806,100,100092,100,99801,100,100124,100,99760,100,100147,100,99734,100,100263,100,99716,100,100298,100,99696,100,100307,100,99691,100,100333,100,99636,100
2019-06-28 10:06:30.000000000,99969,246,99923,246,99989,242,99875,242,100040,242,99806,242,100092,100,99801,100,100124,100,99760,100,100147,100,99734,100,100263,100,99716,100,100298,100,99696,100,100307,100,99691,100,100333,100,99636,100
2019-06-28 10:06:40.000000000,99969,530,99923,530,99989,100,99875,100,100040,100,99806,100,100092,100,99801,100,100124,100,99760,100,100147,100,99734,100,100263,100,99716,100,100298,100,99696,100,100307,100,99691,100,100333,100,99636,100
2019-06-28 10:06:50.000000000,99969,315,99923,315,99989,315,99875,315,100040,100,99806,100,100092,100,99801,100,100124,100,99760,100,100147,100,99734,100,100263,100,99716,100,100298,100,99696,100,100307,100,99691,100,100333,100,99636,100
