,ask_price_1,ask_size_1,bid_price_1,bid_size_1,ask_price_2,ask_size_2,bid_price_2,bid_size_2,ask_price_3,ask_size_3,bid_price_3,bid_size_3,ask_price_4,ask_size_4,bid_price_4,bid_size_4,ask_price_5,ask_size_5,bid_price_5,bid_size_5,ask_price_6,ask_size_6,bid_price_6,bid_size_6,ask_price_7,ask_size_7,bid_price_7,bid_size_7,ask_price_8,ask_size_8,bid_price_8,bid_size_8,ask_price_9,ask_size_9,bid_price_9,bid_size_9,ask_price_10,ask_size_10,bid_price_10,bid_size_10
2019-06-28 09:30:00.000000002,100046,100,,,,,,,,,,,,,,,,,,,,,,,,,,,,,,,,,,,,,,
2019-06-28 09:30:00.000000003,100046,100,99953,100,,,,,,,,,,,,,,,,,,,,,,,,,,,,,,,,,,,,
2019-06-28 09:30:00.000000006,100046,100,99953,100,100224,100,,,,,,,,,,,,,,,,,,,,,,,,,,,,,,,,,,
2019-06-28 09:30:00.000000008,100043,100,100021,100,100046,100,99953,100,100224,100,,,,,,,,,,,,,,,,,,,,,,,,,,,,,,
2019-06-28 09:30:00.000000009,100043,100,99953,100,100046,100,,,100224,100,,,,,,,,,,,,,,,,,,,,,,,,,,,,,,
2019-06-28 09:30:00.000000010,99971,100,99953,100,100043,100,,,100046,100,,,100142,100,,,100224,100,,,,,,,,,,,,,,,,,,,,,,
2019-06-28 09:30:00.000000011,99971,100,99953,100,100043,100,,,100046,100,,,100080,100,,,100142,100,,,100224,100,,,,,,,,,,,,,,,,,,
2019-06-28 09:30:00.000000012,99971,100,99953,100,100043,100,,,100046,100,,,100055,100,,,100080,100,,,100142,100,,,100224,100,,,,,,,,,,,,,,
2019-06-28 09:30:00.000000016,99971,100,99953,100,100012,100,,,100043,100,,,100046,100,,,100055,100,,,100080,100,,,100142,100,,,100224,100,,,,,,,,,,
2019-06-28 09:30:00.000000020,99971,100,99953,100,100012,100,,,100043,100,,,100046,100,,,100055,100,,,100080,100,,,100124,100,,,100142,100,,,100224,100,,,,,,
2019-06-28 09:30:00.000000022,99971,100,99953,100,100012,100,99935,100,100043,100,99861,100,100046,100,,,100055,100,,,100056,100,,,100080,100,,,100124,100,,,100142,100,,,100224,100,,
2019-06-28 09:30:00.000000023,99957,100,99953,100,99971,100,99935,100,100012,100,99861,100,100043,100,,,100046,100,,,100055,100,,,100056,100,,,100080,100,,,100124,100,,,100142,100,,
2019-06-28 09:30:00.000000026,99957,100,99953,100,99971,100,99935,100,100012,100,99861,100,100043,100,,,100046,100,,,100055,100,,,100056,100,,,100080,100,,,100095,100,,,100124,100,,
2019-06-28 09:30:00.000000028,99957,100,99953,100,99971,100,99935,100,100012,100,99861,100,100043,100,,,100046,100,,,100055,100,,,100056,100,,,100080,100,,,100095,100,,,100100,100,,
2019-06-28 09:30:00.000000029,99971,100,99953,100,100012,100,99935,100,100043,100,99861,100,100046,100,,,100055,100,,,100056,100,,,100080,100,,,100095,100,,,100100,100,,,100124,100,,
2019-06-28 09:30:00.000000030,99971,100,99970,100,100012,100,99953,100,100043,100,99935,100,100046,100,99878,100,100055,100,99861,100,100056,100,,,100080,100,,,100095,100,,,100100,100,,,100124,100,,
2019-06-28 09:30:00.000000031,99971,100,99953,100,100012,100,99935,100,100043,100,99878,100,100046,100,99861,100,100055,100,,,100056,100,,,100080,100,,,100095,100,,,100100,100,,,100124,100,,
2019-06-28 09:30:00.000000032,99971,100,99957,200,100012,100,99953,100,100043,100,99935,100,100046,100,99878,100,100055,100,99861,100,100056,100,,,100080,100,,,100095,100,,,100100,100,,,100124,100,,
2019-06-28 09:30:00.000000034,99971,100,99957,200,100012,100,99953,100,100043,100,99935,100,100046,100,99882,100,100055,100,99878,100,100056,100,99861,100,100080,100,,,100095,100,,,100100,100,,,100124,100,,
2019-06-28 09:30:00.000000036,99971,100,99957,200,99991,100,99953,100,100012,100,99935,100,100043,100,99882,100,100046,100,99878,100,100055,100,99861,100,100056,100,,,100080,100,,,100095,100,,,100100,100,,
2019-06-28 09:30:00.000000037,99970,100,99957,300,99971,100,99953,100,99991,100,99937,100,100012,100,99935,100,100043,100,99882,100,100046,100,99878,100,100055,100,99861,100,100056,100,99848,100,100080,100,,,100095,100,,
2019-06-28 09:30:00.000000038,99970,100,99957,300,99971,100,99953,100,99991,100,99937,100,100009,100,99935,100,100012,100,99882,100,100043,100,99878,100,100046,100,99861,100,100055,100,99848,100,100056,100,,,100080,100,,
2019-06-28 09:30:00.000000047,99970,100,99957,300,99971,100,99953,100,99991,100,99937,100,100009,100,99935,100,100012,100,99882,100,100043,200,99878,100,100046,100,99861,100,100055,100,99848,100,100056,100,,,100080,100,,
2019-06-28 09:30:00.000000050,99971,100,99957,300,99991,100,99953,100,100009,100,99937,100,100012,100,99935,100,100043,200,99911,100,100046,100,99882,100,100055,100,99878,100,100056,100,99861,100,100080,100,99848,100,100095,100,,
2019-06-28 09:30:00.000000053,99971,100,99957,300,99991,100,99953,100,100009,100,99937,100,100012,100,99935,100,100043,200,99911,100,100046,100,99882,100,100055,100,99878,100,100056,100,99861,100,100080,100,99848,100,100095,100,,
2019-06-28 09:30:00.000000054,99971,100,99957,300,99991,100,99953,100,100009,100,99937,100,100012,100,99935,100,100043,200,99934,100,100046,100,99911,100,100055,100,99882,100,100056,100,99878,100,100080,100,99861,100,100095,100,99848,100
2019-06-28 09:30:00.000000055,99971,100,99957,200,99991,100,99953,100,100009,100,99937,100,100012,100,99935,100,100043,200,99934,100,100046,100,99911,100,100055,100,99882,100,100056,100,99878,100,100080,100,99861,100,100095,100,99848,100
2019-06-28 09:30:00.000000056,99971,100,99958,100,99991,100,99957,200,100009,100,99953,100,100012,100,99937,100,100043,200,99935,100,100046,100,99934,100,100055,100,99911,100,100056,100,99882,100,100080,100,99878,100,100095,100,99861,100
2019-06-28 09:30:00.000000057,99971,100,99958,100,99991,100,99957,200,100009,100,99953,100,100012,100,99937,100,100043,200,99935,100,100046,100,99934,100,100055,100,99911,100,100056,100,99882,100,100080,100,99878,100,100095,100,99861,100
2019-06-28 09:30:00.000000058,99971,100,99958,200,99991,100,99957,200,100009,100,99953,100,100012,100,99937,100,100043,200,99935,100,100046,100,99934,100,100055,100,99911,100,100056,100,99882,100,100080,100,99878,100,100095,100,99861,100
2019-06-28 09:30:00.000000059,99971,100,99958,200,99991,100,99957,200,100009,100,99953,100,100012,100,99937,100,100018,100,99935,100,100043,200,99934,100,100046,100,99911,100,100055,100,99882,100,100056,100,99878,100,100080,100,99861,100
2019-06-28 09:30:00.000000062,99971,100,99958,300,99991,100,99957,200,100009,100,99953,100,100012,100,99937,100,100018,100,99935,100,100043,200,99934,100,100046,100,99911,100,100055,100,99882,100,100056,100,99878,100,100080,100,99861,100
2019-06-28 09:30:00.000000063,99971,100,99969,100,99991,100,99958,300,100009,100,99957,200,100012,100,99953,100,100018,100,99937,100,100043,200,99935,100,100046,100,99934,100,100055,100,99911,100,100056,100,99882,100,100080,100,99878,100
2019-06-28 09:30:00.000000064,99971,100,99969,100,99991,100,99958,300,100009,200,99957,200,100012,100,99953,100,100018,100,99937,100,100043,200,99935,100,100046,100,99934,100,100055,100,99911,100,100056,100,99882,100,100080,100,99878,100
2019-06-28 09:30:00.000000066,99971,100,99969,100,99991,100,99958,300,100009,200,99957,200,100012,100,99953,100,100018,100,99937,100,100043,200,99935,100,100046,100,99934,100,100055,100,99911,100,100056,100,99882,100,100080,100,99878,100
2019-06-28 09:30:00.000000068,99971,100,99969,100,99991,100,99958,300,100009,200,99957,200,100012,100,99953,100,100018,100,99937,100,100041,100,99935,100,100043,200,99934,100,100046,100,99911,100,100055,100,99882,100,100056,100,99878,100
2019-06-28 09:30:00.000000071,99971,100,99969,100,99991,100,99958,400,100009,200,99957,200,100012,100,99953,100,100018,100,99937,100,100041,100,99935,100,100043,200,99934,100,100046,100,99911,100,100055,100,99882,100,100056,100,99878,100
2019-06-28 09:30:00.000000072,99971,100,99969,100,99991,100,99958,400,100009,200,99957,200,100012,100,99953,100,100018,100,99937,100,100026,100,99935,100,100041,100,99934,100,100043,200,99911,100,100046,100,99882,100,100055,100,99878,100
2019-06-28 09:30:00.000000073,99971,100,99969,100,99991,100,99958,500,100009,200,99957,200,100012,100,99953,100,100018,100,99937,100,100026,100,99935,100,100041,100,99934,100,100043,200,99911,100,100046,100,99882,100,100055,100,99878,100
2019-06-28 09:30:00.000000074,99971,100,99969,100,99989,100,99958,600,99991,100,99957,200,100009,200,99953,100,100012,100,99937,100,100018,100,99935,100,100026,100,99934,100,100041,100,99911,100,100043,200,99882,100,100046,100,99878,100
2019-06-28 09:30:00.000000075,99971,100,99969,100,99989,100,99958,600,99991,100,99957,200,100009,200,99953,100,100012,100,99937,100,100018,100,99935,100,100026,100,99934,100,100041,100,99911,100,100043,200,99882,100,100046,100,99878,100
2019-06-28 09:30:00.000000077,99971,100,99969,100,99989,100,99958,600,99991,100,99957,200,100009,200,99953,100,100012,100,99937,100,100018,100,99935,100,100026,100,99934,100,100041,100,99911,100,100043,200,99882,100,100046,100,99878,100
2019-06-28 09:30:00.000000079,99971,100,99969,100,99989,100,99958,700,99991,100,99957,200,100009,200,99953,100,100012,100,99937,100,100018,100,99935,100,100026,100,99934,100,100041,100,99911,100,100043,200,99882,100,100046,100,99878,100
2019-06-28 09:30:00.000000082,99971,100,99969,100,99989,100,99958,700,99991,100,99957,200,100009,200,99953,100,100012,100,99937,100,100018,100,99935,100,100026,100,99934,100,100041,100,99911,100,100043,200,99882,100,100046,100,99878,100
2019-06-28 09:30:00.000000083,99971,100,99969,100,99989,100,99966,100,99991,100,99958,700,100009,200,99957,200,100012,100,99953,100,100018,100,99937,100,100026,100,99935,100,100041,100,99934,100,100043,200,99911,100,100046,100,99882,100
2019-06-28 09:30:00.000000084,99989,100,99970,100,99991,100,99969,100,100009,200,99966,100,100012,100,99958,700,100018,100,99957,200,100026,100,99953,100,100041,100,99937,100,100043,200,99935,100,100046,100,99934,100,100047,100,99911,100
2019-06-28 09:30:00.000000087,99989,100,99970,100,99991,100,99969,100,100009,200,99966,100,100012,100,99958,700,100018,100,99957,200,100026,100,99953,100,100041,100,99937,100,100043,200,99935,100,100046,100,99934,100,100047,100,99911,100
2019-06-28 09:30:00.000000090,99991,100,99970,100,100009,200,99969,100,100012,100,99966,100,100018,100,99958,700,100026,100,99957,200,100041,100,99953,100,100043,200,99937,100,100046,100,99935,100,100047,100,99934,100,100055,100,99911,100
2019-06-28 09:30:00.000000093,99991,100,99970,100,100009,200,99969,100,100012,100,99966,100,100018,100,99958,700,100026,100,99957,200,100041,100,99953,100,100043,200,99937,100,100046,100,99935,100,100047,100,99934,100,100055,100,99911,100
2019-06-28 09:30:00.000000096,99991,100,99970,100,100009,200,99969,100,100012,100,99966,100,100018,100,99958,700,100026,100,99957,200,100041,100,99953,100,100043,200,99937,100,100046,100,99935,100,100047,100,99934,100,100055,100,99911,100
2019-06-28 09:30:00.000000098,99991,100,99970,100,100009,200,99969,100,100012,100,99966,100,100018,100,99958,700,100026,100,99957,200,100041,100,99953,100,100043,200,99937,100,100046,100,99935,100,100047,100,99934,100,100055,100,99911,100
2019-06-28 09:30:00.000000099,99991,100,99977,100,100009,200,99971,100,100012,100,99970,100,100018,100,99969,100,100026,100,99966,100,100041,100,99958,700,100043,200,99957,200,100046,100,99953,100,100047,100,99937,100,100055,100,99935,100
2019-06-28 09:30:10.000000000,99991,164,99977,164,100009,264,99971,164,100012,164,99970,164,100018,164,99969,164,100026,100,99966,100,100041,100,99958,700,100043,200,99957,200,100046,100,99953,100,100047,100,99937,100,100055,100,99935,100
2019-06-28 09:30:20.000000000,99991,227,99977,227,100009,327,99971,227,100012,100,99970,100,100018,100,99969,100,100026,100,99966,100,100041,100,99958,700,100043,200,99957,200,100046,100,99953,100,100047,100,99937,100,100055,100,99935,100
2019-06-28 09:30:22.503394664,99991,227,99977,227,100009,327,99971,227,100012,100,99970,100,100018,100,99969,100,100026,100,99966,100,100041,100,99958,700,100043,200,99957,200,100046,100,99953,100,100047,100,99937,100,100055,100,99935,100
2019-06-28 09:30:30.000000000,99991,227,99977,227,100009,327,99971,227,100012,100,99970,100,100018,100,99969,100,100026,100,99966,100,100041,100,99958,700,100043,200,99957,200,100046,100,99953,100,100047,100,99937,100,100055,100,99935,100
2019-06-28 09:30:40.000000000,99991,354,99977,354,100009,200,99971,100,100012,100,99970,100,100018,100,99969,100,100026,100,99966,100,100041,100,99958,700,100043,200,99957,200,100046,100,99953,100,100047,100,99937,100,100055,100,99935,100
2019-06-28 09:30:41.414655133,99991,354,99977,254,100009,200,99971,100,100012,100,99970,100,100018,100,99969,100,100026,100,99966,100,100041,100,99958,700,100043,200,99957,200,100046,100,99953,100,100047,100,99937,100,100055,100,99935,100
2019-06-28 09:30:50.000000000,99991,227,99971,227,100009,327,99970,227,100012,100,99969,100,100018,100,99966,100,100026,100,99958,700,100041,100,99957,200,100043,200,99953,100,100046,100,99937,100,100047,100,99935,100,100055,100,99934,100
2019-06-28 09:30:55.571275772,99991,227,99971,227,100009,327,99970,227,100012,100,99969,100,100018,100,99966,100,100026,100,99958,700,100041,100,99957,200,100043,200,99953,100,100046,100,99937,100,100047,100,99935,100,100055,100,99934,100
2019-06-28 09:31:00.000000000,99991,186,99971,186,100009,284,99970,184,100012,184,99969,184,100018,100,99966,100,100026,100,99958,700,100041,100,99957,200,100043,200,99953,100,100046,100,99937,100,100047,100,99935,100,100055,100,99934,100
2019-06-28 09:31:09.338246788,99991,86,99971,186,100009,284,99970,184,100012,184,99969,184,100018,100,99966,100,100026,100,99958,700,100041,100,99957,200,100043,200,99953,100,100046,100,99937,100,100047,100,99935,100,100055,100,99934,100
2019-06-28 09:31:10.000000000,100009,286,99971,186,100012,184,99970,184,100018,184,99969,184,100026,100,99966,100,100041,100,99958,700,100043,200,99957,200,100046,100,99953,100,100047,100,99937,100,100055,100,99935,100,100056,100,99934,100
2019-06-28 09:31:20.000000000,100009,251,99971,151,100012,151,99970,151,100018,151,99969,151,100026,151,99966,151,100041,151,99958,751,100043,200,99957,200,100046,100,99953,100,100047,100,99937,100,100055,100,99935,100,100056,100,99934,100
2019-06-28 09:31:30.000000000,100009,264,99971,164,100012,164,99970,164,100018,164,99969,164,100026,164,99966,164,100041,100,99958,700,100043,200,99957,200,100046,100,99953,100,100047,100,99937,100,100055,100,99935,100,100056,100,99934,100
2019-06-28 09:31:40.000000000,100009,264,99971,164,100012,164,99970,164,100018,164,99969,164,100026,164,99966,164,100041,100,99958,700,100043,200,99957,200,100046,100,99953,100,100047,100,99937,100,100055,100,99935,100,100056,100,99934,100
2019-06-28 09:31:42.111840314,100009,264,99971,164,100012,164,99970,164,100018,164,99969,164,100026,164,99966,164,100041,100,99958,700,100043,200,99957,200,100046,100,99953,100,100047,100,99937,100,100055,100,99934,100,100056,100,99882,100
2019-06-28 09:31:44.897608138,100009,264,99971,164,100012,164,99970,164,100018,164,99969,164,100026,164,99966,164,100041,100,99958,700,100043,200,99957,200,100046,100,99953,100,100055,100,99937,100,100056,100,99934,100,100082,100,99882,100
2019-06-28 09:31:50.000000000,100009,327,99971,227,100012,227,99970,227,100018,100,99969,100,100026,100,99966,100,100041,100,99958,700,100043,200,99957,200,100046,100,99953,100,100055,100,99937,100,100056,100,99934,100,100082,100,99882,100
2019-06-28 09:31:54.257732795,100009,327,99971,227,100012,227,99970,227,100018,100,99969,100,100026,100,99966,100,100041,100,99958,700,100043,200,99957,200,100046,100,99953,100,100055,100,99937,100,100056,100,99934,100,100082,100,99923,100
2019-06-28 09:32:00.000000000,100009,327,99971,227,100012,227,99970,227,100018,100,99969,100,100026,100,99966,100,100041,100,99958,700,100043,200,99957,200,100046,100,99953,100,100055,100,99937,100,100056,100,99934,100,100082,100,99923,100
2019-06-28 09:32:02.976273464,100009,327,99978,100,100012,227,99971,227,100018,100,99970,227,100026,100,99969,100,100041,100,99966,100,100043,200,99958,700,100046,100,99957,200,100055,100,99937,100,100056,100,99934,100,100082,100,99923,100
2019-06-28 09:32:10.000000000,100009,327,99978,227,100012,227,99971,227,100018,100,99970,100,100026,100,99969,100,100041,100,99966,100,100043,200,99958,700,100046,100,99957,200,100055,100,99937,100,100056,100,99934,100,100082,100,99923,100
2019-06-28 09:32:20.000000000,100009,454,99978,354,100012,100,99971,100,100018,100,99970,100,100026,100,99969,100,100041,100,99966,100,100043,200,99958,700,100046,100,99957,200,100055,100,99937,100,100056,100,99934,100,100082,100,99923,100
2019-06-28 09:32:27.061787817,100009,454,99978,354,100012,100,99971,100,100018,100,99970,100,100026,100,99969,100,100041,100,99966,100,100043,200,99958,600,100046,100,99957,200,100055,100,99937,100,100056,100,99934,100,100082,100,99923,100
2019-06-28 09:32:30.000000000,100009,264,99978,164,100012,164,99971,164,100018,164,99970,164,100026,164,99969,164,100041,100,99966,100,100043,200,99958,600,100046,100,99957,200,100055,100,99937,100,100056,100,99934,100,100082,100,99923,100
2019-06-28 09:32:32.639698688,100009,264,99978,164,100012,164,99971,164,100018,164,99970,164,100026,164,99969,164,100041,100,99966,100,100043,200,99958,600,100046,100,99957,200,100055,100,99937,100,100056,100,99934,100,100082,100,99923,100
2019-06-28 09:32:40.000000000,100009,264,99978,164,100012,164,99971,164,100018,164,99970,164,100026,164,99969,164,100041,100,99966,100,100043,200,99958,600,100046,100,99957,200,100055,100,99937,100,100056,100,99934,100,100082,100,99923,100
2019-06-28 09:32:50.000000000,100009,286,99978,186,100012,184,99971,184,100018,184,99970,184,100026,100,99969,100,100041,100,99966,100,100043,200,99958,600,100046,100,99957,200,100055,100,99937,100,100056,100,99934,100,100082,100,99923,100
2019-06-28 09:33:00.000000000,100009,454,99978,354,100012,100,99971,100,100018,100,99970,100,100026,100,99969,100,100041,100,99966,100,100043,200,99958,600,100046,100,99957,200,100055,100,99937,100,100056,100,99934,100,100082,100,99923,100
2019-06-28 09:33:10.000000000,100009,264,99978,164,100012,164,99971,164,100018,164,99970,164,100026,164,99969,164,100041,100,99966,100,100043,200,99958,600,100046,100,99957,200,100055,100,99937,100,100056,100,99934,100,100082,100,99923,100
2019-06-28 09:33:17.179025785,100009,164,99978,164,100012,164,99971,164,100018,164,99970,164,100026,164,99969,164,100041,100,99966,100,100043,200,99958,600,100046,100,99957,200,100055,100,99937,100,100056,100,99934,100,100082,100,99923,100
2019-06-28 09:33:20.000000000,100009,164,99978,164,100012,164,99971,164,100018,164,99970,164,100026,164,99969,164,100041,100,99966,100,100043,200,99958,600,100046,100,99957,200,100055,100,99937,100,100056,100,99934,100,100082,100,99923,100
2019-06-28 09:33:30.000000000,100009,164,99978,164,100012,164,99971,164,100018,164,99970,164,100026,164,99969,164,100041,100,99966,100,100043,200,99958,600,100046,100,99957,200,100055,100,99937,100,100056,100,99934,100,100082,100,99923,100
2019-06-28 09:33:40.000000000,100009,186,99978,186,100012,184,99971,184,100018,184,99970,184,100026,100,99969,100,100041,100,99966,100,100043,200,99958,600,100046,100,99957,200,100055,100,99937,100,100056,100,99934,100,100082,100,99923,100
2019-06-28 09:33:50.000000000,100009,186,99978,186,100012,184,99971,184,100018,184,99970,184,100026,100,99969,100,100041,100,99966,100,100043,200,99958,600,100046,100,99957,200,100055,100,99937,100,100056,100,99934,100,100082,100,99923,100
2019-06-28 09:34:00.000000000,100009,354,99978,354,100012,100,99971,100,100018,100,99970,100,100026,100,99969,100,100041,100,99966,100,100043,200,99958,600,100046,100,99957,200,100055,100,99937,100,100056,100,99934,100,100082,100,99923,100
2019-06-28 09:34:10.000000000,100009,151,99978,151,100012,151,99971,151,100018,151,99970,151,100026,151,99969,151,100041,151,99966,151,100043,200,99958,600,100046,100,99957,200,100055,100,99937,100,100056,100,99934,100,100082,100,99923,100
2019-06-28 09:34:10.652409524,100009,51,99978,151,100012,151,99971,151,100018,151,99970,151,100026,151,99969,151,100041,151,99966,151,100043,200,99958,600,100046,100,99957,200,100055,100,99937,100,100056,100,99934,100,100082,100,99923,100
2019-06-28 09:34:13.915413078,100012,151,100009,49,100018,151,99978,151,100026,151,99971,151,100041,151,99970,151,100043,200,99969,151,100046,100,99966,151,100055,100,99958,600,100056,100,99957,200,100082,100,99937,100,100083,100,99934,100
2019-06-28 09:34:20.000000000,100012,186,100009,135,100018,184,99978,184,100026,184,99971,184,100041,100,99970,100,100043,200,99969,100,100046,100,99966,100,100055,100,99958,600,100056,100,99957,200,100082,100,99937,100,100083,100,99934,100
2019-06-28 09:34:21.038255310,100012,186,100009,135,100018,184,99978,184,100026,184,99971,184,100041,100,99970,100,100043,200,99969,100,100046,100,99966,100,100055,100,99958,600,100056,100,99957,200,100082,100,99937,100,100083,100,99934,100
2019-06-28 09:34:27.574639116,100012,186,100009,135,100018,184,99978,184,100026,184,99971,184,100041,100,99970,100,100043,200,99969,100,100046,100,99966,100,100055,100,99958,600,100056,100,99957,200,100082,100,99937,100,100083,100,99934,100
2019-06-28 09:34:30.000000000,100012,227,100009,176,100018,227,99978,227,100026,100,99971,100,100041,100,99970,100,100043,200,99969,100,100046,100,99966,100,100055,100,99958,600,100056,100,99957,200,100082,100,99937,100,100083,100,99934,100
2019-06-28 09:34:40.000000000,100012,227,100009,176,100018,227,99978,227,100026,100,99971,100,100041,100,99970,100,100043,200,99969,100,100046,100,99966,100,100055,100,99958,600,100056,100,99957,200,100082,100,99937,100,100083,100,99934,100
2019-06-28 09:34:50.000000000,100012,227,100009,176,100018,227,99978,227,100026,100,99971,100,100041,100,99970,100,100043,200,99969,100,100046,100,99966,100,100055,100,99958,600,100056,100,99957,200,100082,100,99937,100,100083,100,99934,100
2019-06-28 09:34:53.534863191,100012,127,100009,176,100018,227,99978,227,100026,100,99971,100,100041,100,99970,100,100043,200,99969,100,100046,100,99966,100,100055,100,99958,600,100056,100,99957,200,100082,100,99937,100,100083,100,99934,100
2019-06-28 09:35:00.000000000,100018,151,100009,100,100026,151,99978,151,100041,151,99971,151,100043,251,99970,151,100046,151,99969,151,100055,100,99966,100,100056,100,99958,600,100082,100,99957,200,100083,100,99937,100,100095,200,99934,100
2019-06-28 09:35:10.000000000,100018,227,100009,176,100026,227,99978,227,100041,100,99971,100,100043,200,99970,100,100046,100,99969,100,100055,100,99966,100,100056,100,99958,600,100082,100,99957,200,100083,100,99937,100,100095,200,99934,100
2019-06-28 09:35:12.617152030,100018,127,100009,176,100026,227,99978,227,100041,100,99971,100,100043,200,99970,100,100046,100,99969,100,100055,100,99966,100,100056,100,99958,600,100082,100,99957,200,100083,100,99937,100,100095,200,99934,100
2019-06-28 09:35:16.798143023,100018,127,100009,176,100026,227,99978,227,100041,100,99971,100,100043,200,99970,100,100046,100,99969,100,100055,100,99966,100,100056,100,99958,600,100082,100,99957,200,100083,100,99937,100,100095,200,99934,100
2019-06-28 09:35:20.000000000,100026,186,100009,135,100041,184,99978,184,100043,284,99971,184,100046,100,99970,100,100055,100,99969,100,100056,100,99966,100,100082,100,99958,600,100083,100,99957,200,100095,200,99937,100,100098,100,99934,100
2019-06-28 09:35:23.613296004,100026,186,100009,135,100041,184,99978,184,100043,284,99971,184,100046,100,99970,100,100055,100,99969,100,100056,100,99966,100,100082,100,99958,500,100083,100,99957,200,100095,200,99937,100,100098,100,99934,100
2019-06-28 09:35:25.354697667,100026,186,100009,135,100041,184,99978,184,100043,284,99971,184,100046,100,99970,100,100055,100,99969,100,100056,100,99966,100,100082,100,99958,500,100083,100,99957,200,100095,200,99937,100,100098,100,99934,100
2019-06-28 09:35:30.000000000,100026,151,100009,100,100041,151,99978,151,100043,251,99971,151,100046,151,99970,151,100055,151,99969,151,100056,100,99966,100,100082,100,99958,500,100083,100,99957,200,100095,200,99937,100,100098,100,99934,100
2019-06-28 09:35:31.913976669,100026,51,100009,100,100041,151,99978,151,100043,251,99971,151,100046,151,99970,151,100055,151,99969,151,100056,100,99966,100,100082,100,99958,500,100083,100,99957,200,100095,200,99937,100,100098,100,99934,100
2019-06-28 09:35:38.859244221,100041,151,100026,49,100043,251,100009,100,100046,151,99978,151,100055,151,99971,151,100056,100,99970,151,100082,100,99969,151,100083,100,99966,100,100095,200,99958,500,100098,100,99957,200,100100,100,99937,100
2019-06-28 09:35:40.000000000,100041,151,100026,100,100043,251,100009,100,100046,151,99978,151,100055,151,99971,151,100056,151,99970,151,100082,100,99969,100,100083,100,99966,100,100095,200,99958,500,100098,100,99957,200,100100,100,99937,100
2019-06-28 09:35:48.283021654,100041,151,100026,100,100043,251,100009,100,100046,151,99978,151,100055,151,99971,151,100056,151,99970,151,100082,100,99969,100,100083,100,99966,100,100095,200,99958,500,100098,100,99957,200,100100,100,99937,100
2019-06-28 09:35:50.000000000,100041,354,100026,303,100043,200,100009,49,100046,100,99978,100,100055,100,99971,100,100056,100,99970,100,100082,100,99969,100,100083,100,99966,100,100095,200,99958,500,100098,100,99957,200,100100,100,99937,100
2019-06-28 09:36:00.000000000,100041,186,100026,135,100043,284,100009,133,100046,184,99978,184,100055,100,99971,100,100056,100,99970,100,100082,100,99969,100,100083,100,99966,100,100095,200,99958,500,100098,100,99957,200,100100,100,99937,100
2019-06-28 09:36:06.837412457,100041,186,100026,135,100043,284,100009,133,100046,184,99978,184,100055,100,99971,100,100056,100,99970,100,100082,100,99969,100,100083,100,99966,100,100095,200,99958,400,100098,100,99957,200,100100,100,99937,100
2019-06-28 09:36:10.000000000,100041,186,100026,135,100043,284,100009,133,100046,184,99978,184,100055,100,99971,100,100056,100,99970,100,100082,100,99969,100,100083,100,99966,100,100095,200,99958,400,100098,100,99957,200,100100,100,99937,100
2019-06-28 09:36:20.000000000,100041,186,100026,135,100043,284,100009,133,100046,184,99978,184,100055,100,99971,100,100056,100,99970,100,100082,100,99969,100,100083,100,99966,100,100095,200,99958,400,100098,100,99957,200,100100,100,99937,100
2019-06-28 09:36:30.000000000,100041,151,100026,100,100043,251,100009,100,100046,151,99978,151,100055,151,99971,151,100056,151,99970,151,100082,100,99969,100,100083,100,99966,100,100095,200,99958,400,100098,100,99957,200,100100,100,99937,100
2019-06-28 09:36:40.000000000,100041,354,100026,303,100043,200,100009,49,100046,100,99978,100,100055,100,99971,100,100056,100,99970,100,100082,100,99969,100,100083,100,99966,100,100095,200,99958,400,100098,100,99957,200,100100,100,99937,100
2019-06-28 09:36:50.000000000,100041,151,100026,100,100043,251,100009,100,100046,151,99978,151,100055,151,99971,151,100056,151,99970,151,100082,100,99969,100,100083,100,99966,100,100095,200,99958,400,100098,100,99957,200,100100,100,99937,100
2019-06-28 09:36:59.091216608,100041,51,100026,100,100043,251,100009,100,100046,151,99978,151,100055,151,99971,151,100056,151,99970,151,100082,100,99969,100,100083,100,99966,100,100095,200,99958,400,100098,100,99957,200,100100,100,99937,100
2019-06-28 09:37:00.000000000,100043,286,100026,135,100046,184,100009,133,100055,184,99978,184,100056,100,99971,100,100082,100,99970,100,100083,100,99969,100,100095,200,99966,100,100098,100,99958,400,100100,100,99957,200,100113,100,99937,100
2019-06-28 09:37:00.891014103,100043,286,100026,135,100046,184,100009,133,100055,184,99978,184,100056,100,99971,100,100082,100,99970,100,100083,100,99969,100,100095,200,99966,100,100098,100,99958,400,100100,100,99957,200,100124,100,99937,100
2019-06-28 09:37:03.437351928,100043,186,100026,135,100046,184,100009,133,100055,184,99978,184,100056,100,99971,100,100082,100,99970,100,100083,100,99969,100,100095,200,99966,100,100098,100,99958,400,100100,100,99957,200,100141,100,99937,100
2019-06-28 09:37:10.000000000,100043,354,100026,303,100046,100,100009,49,100055,100,99978,100,100056,100,99971,100,100082,100,99970,100,100083,100,99969,100,100095,200,99966,100,100098,100,99958,400,100100,100,99957,200,100141,100,99937,100
2019-06-28 09:37:20.000000000,100043,227,100026,176,100046,227,100009,176,100055,100,99978,100,100056,100,99971,100,100082,100,99970,100,100083,100,99969,100,100095,200,99966,100,100098,100,99958,400,100100,100,99957,200,100141,100,99937,100
2019-06-28 09:37:30.000000000,100043,164,100026,113,100046,164,100009,113,100055,164,99978,164,100056,164,99971,164,100082,100,99970,100,100083,100,99969,100,100095,200,99966,100,100098,100,99958,400,100100,100,99957,200,100141,100,99937,100
2019-06-28 09:37:32.563827656,100043,64,100026,113,100046,164,100009,113,100055,164,99978,164,100056,164,99971,164,100082,100,99970,100,100083,100,99969,100,100095,200,99966,100,100098,100,99958,400,100100,100,99957,200,100141,100,99937,100
2019-06-28 09:37:40.000000000,100046,354,100026,303,100055,100,100009,49,100056,100,99978,100,100082,100,99971,100,100083,100,99970,100,100095,200,99969,100,100098,100,99966,100,100100,100,99958,400,100141,100,99957,200,100142,100,99937,100
2019-06-28 09:37:50.000000000,100046,186,100026,135,100055,184,100009,133,100056,184,99978,184,100082,100,99971,100,100083,100,99970,100,100095,200,99969,100,100098,100,99966,100,100100,100,99958,400,100141,100,99957,200,100142,100,99937,100
2019-06-28 09:38:00.000000000,100046,164,100026,113,100055,164,100009,113,100056,164,99978,164,100082,164,99971,164,100083,100,99970,100,100095,200,99969,100,100098,100,99966,100,100100,100,99958,400,100141,100,99957,200,100142,100,99937,100
2019-06-28 09:38:10.000000000,100046,164,100026,113,100055,164,100009,113,100056,164,99978,164,100082,164,99971,164,100083,100,99970,100,100095,200,99969,100,100098,100,99966,100,100100,100,99958,400,100141,100,99957,200,100142,100,99937,100
2019-06-28 09:38:20.000000000,100046,186,100026,135,100055,184,100009,133,100056,184,99978,184,100082,100,99971,100,100083,100,99970,100,100095,200,99969,100,100098,100,99966,100,100100,100,99958,400,100141,100,99957,200,100142,100,99937,100
2019-06-28 09:38:30.000000000,100046,164,100026,113,100055,164,100009,113,100056,164,99978,164,100082,164,99971,164,100083,100,99970,100,100095,200,99969,100,100098,100,99966,100,100100,100,99958,400,100141,100,99957,200,100142,100,99937,100
2019-06-28 09:38:35.259408744,100046,164,100026,113,100055,164,100009,113,100056,164,99978,164,100082,164,99971,164,100083,100,99969,100,100095,200,99966,100,100098,100,99958,400,100100,100,99957,200,100141,100,99937,100,100142,100,99934,100
2019-06-28 09:38:40.000000000,100046,354,100026,303,100055,100,100009,49,100056,100,99978,100,100082,100,99971,100,100083,100,99969,100,100095,200,99966,100,100098,100,99958,400,100100,100,99957,200,100141,100,99937,100,100142,100,99934,100
2019-06-28 09:38:50.000000000,100046,354,100026,303,100055,100,100009,49,100056,100,99978,100,100082,100,99971,100,100083,100,99969,100,100095,200,99966,100,100098,100,99958,400,100100,100,99957,200,100141,100,99937,100,100142,100,99934,100
2019-06-28 09:39:00.000000000,100046,354,100026,303,100055,100,100009,49,100056,100,99978,100,100082,100,99971,100,100083,100,99969,100,100095,200,99966,100,100098,100,99958,400,100100,100,99957,200,100141,100,99937,100,100142,100,99934,100
2019-06-28 09:39:10.000000000,100046,151,100026,100,100055,151,100009,100,100056,151,99978,151,100082,151,99971,151,100083,151,99969,151,100095,200,99966,100,100098,100,99958,400,100100,100,99957,200,100141,100,99937,100,100142,100,99934,100
2019-06-28 09:39:20.000000000,100046,151,100026,100,100055,151,100009,100,100056,151,99978,151,100082,151,99971,151,100083,151,99969,151,100095,200,99966,100,100098,100,99958,400,100100,100,99957,200,100141,100,99937,100,100142,100,99934,100
2019-06-28 09:39:26.017276824,100046,151,100041,100,100055,151,100026,100,100056,151,100009,100,100082,151,99978,151,100083,151,99971,151,100095,200,99969,151,100098,100,99966,100,100100,100,99958,400,100141,100,99957,200,100142,100,99937,100
2019-06-28 09:39:30.000000000,100046,151,100041,151,100055,151,100026,100,100056,151,100009,100,100082,151,99978,151,100083,151,99971,151,100095,200,99969,100,100098,100,99966,100,100100,100,99958,400,100141,100,99957,200,100142,100,99937,100
2019-06-28 09:39:36.641736012,100046,51,100041,151,100055,151,100026,100,100056,151,100009,100,100082,151,99978,151,100083,151,99971,151,100095,200,99969,100,100098,100,99958,400,100100,100,99957,200,100141,100,99937,100,100142,100,99934,100
2019-06-28 09:39:40.000000000,100055,151,100041,151,100056,151,100026,100,100082,151,100009,100,100083,151,99978,151,100095,251,99971,151,100098,100,99969,100,100100,100,99958,400,100141,100,99957,200,100142,100,99937,100,100148,100,99934,100
2019-06-28 09:39:45.418630850,100055,151,100043,100,100056,151,100041,151,100082,151,100026,100,100083,151,100009,100,100095,251,99978,151,100098,100,99971,151,100100,100,99969,100,100141,100,99958,400,100142,100,99957,200,100148,100,99937,100
2019-06-28 09:39:50.000000000,100055,227,100043,227,100056,227,100041,227,100082,100,100026,49,100083,100,100009,49,100095,200,99978,100,100098,100,99971,100,100100,100,99969,100,100141,100,99958,400,100142,100,99957,200,100148,100,99937,100
2019-06-28 09:39:54.936155544,100055,127,100043,227,100056,227,100041,227,100082,100,100026,49,100083,100,100009,49,100095,200,99978,100,100100,100,99971,100,100141,100,99969,100,100142,100,99958,400,100148,100,99957,200,100163,100,99937,100
2019-06-28 09:40:00.000000000,100056,151,100043,151,100082,151,100041,151,100083,151,100026,100,100095,251,100009,100,100100,151,99978,151,100141,100,99971,100,100142,100,99969,100,100148,100,99958,400,100163,100,99957,200,100182,100,99937,100
2019-06-28 09:40:10.000000000,100056,151,100043,151,100082,151,100041,151,100083,151,100026,100,100095,251,100009,100,100100,151,99978,151,100141,100,99971,100,100142,100,99969,100,100148,100,99958,400,100163,100,99957,200,100182,100,99937,100
2019-06-28 09:40:20.000000000,100056,164,100043,164,100082,164,100041,164,100083,164,100026,113,100095,264,100009,113,100100,100,99978,100,100141,100,99971,100,100142,100,99969,100,100148,100,99958,400,100163,100,99957,200,100182,100,99937,100
2019-06-28 09:40:23.882576728,100056,164,100044,100,100082,164,100043,64,100083,164,100041,164,100095,264,100026,113,100100,100,100009,113,100141,100,99978,100,100142,100,99971,100,100148,100,99969,100,100163,100,99958,400,100182,100,99957,200
2019-06-28 09:40:30.000000000,100056,354,100044,354,100082,100,100041,100,100083,100,100026,49,100095,200,100009,49,100100,100,99978,100,100141,100,99971,100,100142,100,99969,100,100148,100,99958,400,100163,100,99957,200,100182,100,99937,100
2019-06-28 09:40:40.000000000,100056,354,100044,354,100082,100,100041,100,100083,100,100026,49,100095,200,100009,49,100100,100,99978,100,100141,100,99971,100,100142,100,99969,100,100148,100,99958,400,100163,100,99957,200,100182,100,99937,100
2019-06-28 09:40:50.000000000,100056,151,100044,151,100082,151,100041,151,100083,151,100026,100,100095,251,100009,100,100100,151,99978,151,100141,100,99971,100,100142,100,99969,100,100148,100,99958,400,100163,100,99957,200,100182,100,99937,100
2019-06-28 09:40:53.670053538,100056,151,100044,51,100082,151,100041,151,100083,151,100026,100,100095,251,100009,100,100100,151,99978,151,100141,100,99971,100,100142,100,99969,100,100148,100,99958,400,100163,100,99957,200,100182,100,99937,100
2019-06-28 09:40:54.838504343,100044,49,100041,151,100056,151,100026,100,100082,151,100009,100,100083,151,99978,151,100095,251,99971,100,100100,151,99969,100,100141,100,99958,400,100142,100,99957,200,100148,100,99937,100,100163,100,99934,100
2019-06-28 09:41:00.000000000,100044,135,100041,186,100056,184,100026,133,100082,184,100009,133,100083,100,99978,100,100095,200,99971,100,100100,100,99969,100,100141,100,99958,400,100142,100,99957,200,100148,100,99937,100,100163,100,99934,100
2019-06-28 09:41:10.000000000,100044,100,100041,151,100056,151,100026,100,100082,151,100009,100,100083,151,99978,151,100095,251,99971,151,100100,100,99969,100,100141,100,99958,400,100142,100,99957,200,100148,100,99937,100,100163,100,99934,100
2019-06-28 09:41:15.179998896,100044,100,100041,51,100056,151,100026,100,100082,151,100009,100,100083,151,99978,151,100095,251,99971,151,100100,100,99969,100,100141,100,99958,400,100142,100,99957,200,100148,100,99937,100,100163,100,99934,100
2019-06-28 09:41:20.000000000,100044,303,100026,303,100056,100,100009,49,100082,100,99978,100,100083,100,99971,100,100095,200,99969,100,100100,100,99958,400,100141,100,99957,200,100142,100,99937,100,100148,100,99934,100,100163,100,99918,100
2019-06-28 09:41:30.000000000,100044,303,100026,303,100056,100,100009,49,100082,100,99978,100,100083,100,99971,100,100095,200,99969,100,100100,100,99958,400,100141,100,99957,200,100142,100,99937,100,100148,100,99934,100,100163,100,99918,100
2019-06-28 09:41:37.342300306,100044,203,100026,303,100056,100,100009,49,100082,100,99978,100,100083,100,99971,100,100095,200,99969,100,100100,100,99958,400,100141,100,99957,200,100142,100,99937,100,100148,100,99934,100,100163,100,99918,100
2019-06-28 09:41:40.000000000,100056,186,100026,135,100082,184,100009,133,100083,184,99978,184,100095,200,99971,100,100100,100,99969,100,100141,100,99958,400,100142,100,99957,200,100148,100,99937,100,100163,100,99934,100,100182,100,99918,100
2019-06-28 09:41:42.642129529,100043,100,100026,135,100056,186,100009,133,100082,184,99978,184,100083,184,99971,100,100095,200,99969,100,100100,100,99958,400,100141,100,99957,100,100142,100,99937,100,100148,100,99934,100,100163,100,99918,100
2019-06-28 09:41:50.000000000,100043,227,100026,176,100056,227,100009,176,100082,100,99978,100,100083,100,99971,100,100095,200,99969,100,100100,100,99958,400,100141,100,99957,100,100142,100,99937,100,100148,100,99934,100,100163,100,99918,100
2019-06-28 09:41:53.773461131,100043,227,100026,176,100056,227,100009,176,100082,100,99978,100,100083,100,99971,100,100095,200,99969,100,100100,100,99958,400,100141,100,99957,100,100142,100,99937,100,100148,100,99934,100,100163,100,99918,100
2019-06-28 09:41:59.556704884,100043,327,100026,176,100056,227,100009,176,100082,100,99978,100,100083,100,99971,100,100095,200,99969,100,100100,100,99958,300,100141,100,99957,100,100142,100,99937,100,100148,100,99934,100,100163,100,99918,100
2019-06-28 09:42:00.000000000,100043,454,100026,303,100056,100,100009,49,100082,100,99978,100,100083,100,99971,100,100095,200,99969,100,100100,100,99958,300,100141,100,99957,100,100142,100,99937,100,100148,100,99934,100,100163,100,99918,100
2019-06-28 09:42:10.000000000,100043,454,100026,303,100056,100,100009,49,100082,100,99978,100,100083,100,99971,100,100095,200,99969,100,100100,100,99958,300,100141,100,99957,100,100142,100,99937,100,100148,100,99934,100,100163,100,99918,100
2019-06-28 09:42:20.000000000,100043,286,100026,135,100056,184,100009,133,100082,184,99978,184,100083,100,99971,100,100095,200,99969,100,100100,100,99958,300,100141,100,99957,100,100142,100,99937,100,100148,100,99934,100,100163,100,99918,100
2019-06-28 09:42:30.000000000,100043,286,100026,135,100056,184,100009,133,100082,184,99978,184,100083,100,99971,100,100095,200,99969,100,100100,100,99958,300,100141,100,99957,100,100142,100,99937,100,100148,100,99934,100,100163,100,99918,100
2019-06-28 09:42:40.000000000,100043,286,100026,135,100056,184,100009,133,100082,184,99978,184,100083,100,99971,100,100095,200,99969,100,100100,100,99958,300,100141,100,99957,100,100142,100,99937,100,100148,100,99934,100,100163,100,99918,100
2019-06-28 09:42:44.374810525,100043,286,100026,135,100056,184,100009,133,100082,184,99978,184,100083,100,99971,100,100095,100,99969,100,100100,100,99958,300,100141,100,99957,100,100142,100,99937,100,100148,100,99934,100,100163,100,99918,100
2019-06-28 09:42:50.000000000,100043,264,100026,113,100056,164,100009,113,100082,164,99978,164,100083,164,99971,164,100095,100,99969,100,100100,100,99958,300,100141,100,99957,100,100142,100,99937,100,100148,100,99934,100,100163,100,99918,100
2019-06-28 09:43:00.000000000,100043,327,100026,176,100056,227,100009,176,100082,100,99978,100,100083,100,99971,100,100095,100,99969,100,100100,100,99958,300,100141,100,99957,100,100142,100,99937,100,100148,100,99934,100,100163,100,99918,100
2019-06-28 09:43:01.021083782,100043,327,100026,176,100056,227,100009,176,100082,100,99978,100,100083,100,99971,100,100095,100,99969,100,100100,100,99958,200,100141,100,99957,100,100142,100,99937,100,100148,100,99934,100,100163,100,99918,100
2019-06-28 09:43:04.115881165,100043,327,100026,176,100056,227,100009,176,100082,100,99978,100,100083,100,99971,100,100095,100,99969,100,100100,100,99958,200,100126,100,99957,100,100141,100,99937,100,100142,100,99934,100,100148,100,99918,100
2019-06-28 09:43:07.842727907,100043,227,100026,176,100056,227,100009,176,100082,100,99978,100,100083,100,99971,100,100095,100,99958,200,100100,100,99957,100,100126,100,99937,100,100141,100,99934,100,100142,100,99918,100,100148,100,99882,100
2019-06-28 09:43:10.000000000,100043,151,100026,100,100056,151,100009,100,100082,151,99978,151,100083,151,99971,151,100095,151,99958,251,100100,100,99957,100,100126,100,99937,100,100141,100,99934,100,100142,100,99918,100,100148,100,99882,100
2019-06-28 09:43:20.000000000,100043,186,100026,135,100056,184,100009,133,100082,184,99978,184,100083,100,99971,100,100095,100,99958,200,100100,100,99957,100,100126,100,99937,100,100141,100,99934,100,100142,100,99918,100,100148,100,99882,100
2019-06-28 09:43:30.000000000,100043,227,100026,176,100056,227,100009,176,100082,100,99978,100,100083,100,99971,100,100095,100,99958,200,100100,100,99957,100,100126,100,99937,100,100141,100,99934,100,100142,100,99918,100,100148,100,99882,100
2019-06-28 09:43:40.000000000,100043,151,100026,100,100056,151,100009,100,100082,151,99978,151,100083,151,99971,151,100095,151,99958,251,100100,100,99957,100,100126,100,99937,100,100141,100,99934,100,100142,100,99918,100,100148,100,99882,100
2019-06-28 09:43:42.811865766,100030,100,100026,100,100043,151,100009,100,100056,151,99978,151,100082,151,99971,151,100083,151,99958,251,100095,151,99957,100,100100,100,99937,100,100126,100,99934,100,100141,100,99918,100,100142,100,99882,100
2019-06-28 09:43:50.000000000,100030,151,100026,100,100043,151,100009,100,100056,151,99978,151,100082,151,99971,151,100083,151,99958,251,100095,100,99957,100,100100,100,99937,100,100126,100,99934,100,100141,100,99918,100,100142,100,99882,100
2019-06-28 09:44:00.000000000,100030,151,100026,100,100043,151,100009,100,100056,151,99978,151,100082,151,99971,151,100083,151,99958,251,100095,100,99957,100,100100,100,99937,100,100126,100,99934,100,100141,100,99918,100,100142,100,99882,100
2019-06-28 09:44:06.450854872,100030,51,100026,100,100043,151,100009,100,100056,151,99978,151,100082,151,99971,51,100083,151,99958,251,100095,100,99957,100,100100,100,99937,100,100126,100,99934,100,100141,100,99918,100,100142,100,99882,100
2019-06-28 09:44:10.000000000,100043,164,100026,113,100056,164,100009,113,100082,164,99978,164,100083,164,99958,264,100095,100,99957,100,100100,100,99937,100,100126,100,99934,100,100141,100,99918,100,100142,100,99882,100,100148,100,99878,100
2019-06-28 09:44:20.000000000,100043,186,100026,135,100056,184,100009,133,100082,184,99978,184,100083,100,99958,200,100095,100,99957,100,100100,100,99937,100,100126,100,99934,100,100141,100,99918,100,100142,100,99882,100,100148,100,99878,100
2019-06-28 09:44:29.117767423,100043,186,100026,135,100056,184,100009,133,100082,184,99978,284,100083,100,99958,200,100095,100,99957,100,100100,100,99937,100,100126,100,99934,100,100141,100,99918,100,100142,100,99882,100,100148,100,99878,100
2019-06-28 09:44:30.000000000,100043,151,100026,100,100056,151,100009,100,100082,151,99978,251,100083,151,99958,251,100095,151,99957,151,100100,100,99937,100,100126,100,99934,100,100141,100,99918,100,100142,100,99882,100,100148,100,99878,100
2019-06-28 09:44:39.335418010,100043,151,100030,100,100056,151,100026,100,100082,151,100009,100,100083,151,99978,251,100095,151,99958,251,100100,100,99957,151,100126,100,99937,100,100141,100,99934,100,100142,100,99918,100,100148,100,99882,100
2019-06-28 09:44:40.000000000,100043,186,100030,186,100056,184,100026,133,100082,184,100009,133,100083,100,99978,200,100095,100,99958,200,100100,100,99957,100,100126,100,99937,100,100141,100,99934,100,100142,100,99918,100,100148,100,99882,100
2019-06-28 09:44:50.000000000,100043,164,100030,164,100056,164,100026,113,100082,164,100009,113,100083,164,99978,264,100095,100,99958,200,100100,100,99957,100,100126,100,99937,100,100141,100,99934,100,100142,100,99918,100,100148,100,99882,100
2019-06-28 09:44:57.330489075,100043,64,100030,164,100056,164,100026,113,100082,164,100009,113,100083,164,99978,264,100095,100,99958,200,100100,100,99957,100,100126,100,99937,100,100141,100,99934,100,100142,100,99918,100,100148,100,99882,100
2019-06-28 09:45:00.000000000,100056,164,100030,164,100082,164,100026,113,100083,164,100009,113,100095,164,99978,264,100100,100,99958,200,100126,100,99957,100,100141,100,99937,100,100142,100,99934,100,100148,100,99918,100,100163,100,99882,100
2019-06-28 09:45:10.000000000,100056,151,100030,151,100082,151,100026,100,100083,151,100009,100,100095,151,99978,251,100100,151,99958,251,100126,100,99957,100,100141,100,99937,100,100142,100,99934,100,100148,100,99918,100,100163,100,99882,100
2019-06-28 09:45:15.766343013,100056,151,100031,100,100082,151,100030,151,100083,151,100026,100,100095,151,100009,100,100100,151,99978,251,100126,100,99958,151,100141,100,99957,100,100142,100,99937,100,100148,100,99934,100,100163,100,99918,100
2019-06-28 09:45:20.000000000,100056,227,100031,227,100082,227,100030,227,100083,100,100026,49,100095,100,100009,49,100100,100,99978,200,100126,100,99958,100,100141,100,99957,100,100142,100,99937,100,100148,100,99934,100,100163,100,99918,100
2019-06-28 09:45:30.000000000,100056,186,100031,186,100082,184,100030,184,100083,184,100026,133,100095,100,100009,49,100100,100,99978,200,100126,100,99958,100,100141,100,99957,100,100142,100,99937,100,100148,100,99934,100,100163,100,99918,100
2019-06-28 09:45:34.166094286,100056,86,100031,186,100082,184,100030,184,100083,184,100026,133,100095,100,99978,200,100100,100,99958,100,100126,100,99957,100,100141,100,99937,100,100142,100,99934,100,100148,100,99918,100,100163,100,99882,100
2019-06-28 09:45:40.000000000,100082,151,100031,151,100083,151,100030,151,100095,151,100026,100,100100,151,99978,251,100126,151,99958,151,100141,100,99957,100,100142,100,99937,100,100148,100,99934,100,100163,100,99918,100,100182,100,99882,100
2019-06-28 09:45:50.000000000,100082,227,100031,227,100083,227,100030,227,100095,100,100026,49,100100,100,99978,200,100126,100,99958,100,100141,100,99957,100,100142,100,99937,100,100148,100,99934,100,100163,100,99918,100,100182,100,99882,100
2019-06-28 09:45:52.542433562,100082,127,100031,227,100083,227,100030,227,100095,100,100026,49,100100,100,99978,200,100126,100,99958,100,100141,100,99957,100,100142,100,99937,100,100148,100,99934,100,100163,100,99918,100,100182,100,99878,100
2019-06-28 09:45:58.352110891,100082,127,100031,227,100083,227,100030,227,100095,100,100026,49,100100,100,99978,200,100126,100,99958,100,100141,100,99957,100,100142,100,99937,100,100148,100,99934,100,100163,100,99918,100,100182,100,99878,100
2019-06-28 09:46:00.000000000,100083,164,100031,164,100095,164,100030,164,100100,164,100026,113,100126,164,99978,264,100141,100,99958,100,100142,100,99957,100,100148,100,99937,100,100163,100,99934,100,100182,100,99918,100,100266,100,99878,100
2019-06-28 09:46:10.000000000,100083,186,100031,186,100095,184,100030,184,100100,184,100026,133,100126,100,99978,200,100141,100,99958,100,100142,100,99957,100,100148,100,99937,100,100163,100,99934,100,100182,100,99918,100,100266,100,99878,100
2019-06-28 09:46:20.000000000,100083,164,100031,164,100095,164,100030,164,100100,164,100026,113,100126,164,99978,264,100141,100,99958,100,100142,100,99957,100,100148,100,99937,100,100163,100,99934,100,100182,100,99918,100,100266,100,99878,100
2019-06-28 09:46:25.115137967,100083,64,100031,164,100095,164,100030,164,100100,164,100026,113,100126,64,99978,264,100141,100,99958,100,100142,100,99957,100,100148,100,99937,100,100163,100,99934,100,100182,100,99918,100,100266,100,99878,100
2019-06-28 09:46:28.215128407,100095,164,100083,36,100100,164,100031,164,100126,64,100030,164,100141,100,100026,113,100142,100,99978,264,100148,100,99958,100,100163,100,99957,100,100182,100,99937,100,100266,100,99934,100,100276,100,99918,100
2019-06-28 09:46:30.000000000,100095,354,100083,290,100100,100,100031,100,100141,100,100030,100,100142,100,100026,49,100148,100,99978,200,100163,100,99958,100,100182,100,99957,100,100266,100,99937,100,100276,100,99934,100,100519,100,99918,100
2019-06-28 09:46:35.457997386,100095,354,100083,290,100100,100,100031,100,100141,100,100030,100,100142,100,100026,49,100148,100,99978,200,100163,100,99958,100,100182,100,99957,100,100266,100,99937,100,100276,100,99934,100,100519,100,99878,100
2019-06-28 09:46:40.000000000,100095,354,100083,290,100100,100,100031,100,100141,100,100030,100,100142,100,100026,49,100148,100,99978,200,100163,100,99958,100,100182,100,99957,100,100266,100,99937,100,100276,100,99934,100,100519,100,99878,100
2019-06-28 09:46:50.000000000,100095,354,100083,290,100100,100,100031,100,100141,100,100030,100,100142,100,100026,49,100148,100,99978,200,100163,100,99958,100,100182,100,99957,100,100266,100,99937,100,100276,100,99934,100,100519,100,99878,100
2019-06-28 09:46:56.542354754,100095,254,100083,290,100100,100,100031,100,100141,100,100030,100,100142,100,100026,49,100148,100,99978,200,100163,100,99958,100,100182,100,99957,100,100266,100,99937,100,100276,100,99934,100,100519,100,99878,100
2019-06-28 09:47:00.000000000,100100,227,100083,163,100141,227,100031,227,100142,100,100030,100,100148,100,100026,49,100163,100,99978,200,100182,100,99958,100,100266,100,99957,100,100276,100,99937,100,100519,100,99934,100,100583,100,99878,100
2019-06-28 09:47:09.146169168,100100,227,100083,163,100141,227,100031,227,100142,100,100030,100,100148,100,100026,49,100163,100,99978,200,100182,100,99958,100,100266,100,99957,100,100276,100,99937,100,100519,100,99934,100,100583,100,99878,100
2019-06-28 09:47:10.000000000,100100,186,100083,122,100141,184,100031,184,100142,184,100030,184,100148,100,100026,49,100163,100,99978,200,100182,100,99958,100,100266,100,99957,100,100276,100,99937,100,100519,100,99934,100,100583,100,99878,100
2019-06-28 09:47:16.122181145,100100,186,100083,122,100141,184,100031,84,100142,184,100030,184,100148,100,100026,49,100163,100,99978,200,100182,100,99958,100,100266,100,99957,100,100276,100,99937,100,100519,100,99934,100,100583,100,99878,100
2019-06-28 09:47:20.000000000,100100,354,100083,290,100141,100,100030,100,100142,100,100026,49,100148,100,99978,200,100163,100,99958,100,100182,100,99957,100,100266,100,99937,100,100276,100,99934,100,100519,100,99878,100,100583,100,99835,100
2019-06-28 09:47:25.869907546,100100,354,100084,100,100141,100,100083,290,100142,100,100030,100,100148,100,100026,49,100163,100,99978,200,100182,100,99958,100,100266,100,99957,100,100276,100,99937,100,100519,100,99934,100,100583,100,99878,100
2019-06-28 09:47:30.000000000,100100,151,100084,151,100141,151,100083,87,100142,151,100030,151,100148,151,100026,100,100163,151,99978,251,100182,100,99958,100,100266,100,99957,100,100276,100,99937,100,100519,100,99934,100,100583,100,99878,100
2019-06-28 09:47:40.000000000,100100,164,100084,164,100141,164,100083,100,100142,164,100030,164,100148,164,100026,113,100163,100,99978,200,100182,100,99958,100,100266,100,99957,100,100276,100,99937,100,100519,100,99934,100,100583,100,99878,100
2019-06-28 09:47:40.427582228,100100,64,100084,164,100141,164,100083,100,100142,164,100030,164,100148,164,100026,113,100163,100,99978,200,100182,100,99958,100,100266,100,99957,100,100276,100,99937,100,100519,100,99934,100,100583,100,99878,100
2019-06-28 09:47:50.000000000,100141,151,100084,151,100142,151,100083,87,100148,151,100030,151,100163,151,100026,100,100182,151,99978,251,100266,100,99958,100,100276,100,99957,100,100519,100,99937,100,100583,100,99934,100,100605,100,99878,100
2019-06-28 09:48:00.000000000,100141,354,100084,354,100142,100,100083,36,100148,100,100030,100,100163,100,100026,49,100182,100,99978,200,100266,100,99958,100,100276,100,99957,100,100519,100,99937,100,100583,100,99934,100,100605,100,99878,100
2019-06-28 09:48:10.000000000,100141,164,100084,164,100142,164,100083,100,100148,164,100030,164,100163,164,100026,113,100182,100,99978,200,100266,100,99958,100,100276,100,99957,100,100519,100,99937,100,100583,100,99934,100,100605,100,99878,100
2019-06-28 09:48:20.000000000,100141,354,100084,354,100142,100,100083,36,100148,100,100030,100,100163,100,100026,49,100182,100,99978,200,100266,100,99958,100,100276,100,99957,100,100519,100,99937,100,100583,100,99934,100,100605,100,99878,100
2019-06-28 09:48:30.000000000,100141,227,100084,227,100142,227,100083,163,100148,100,100030,100,100163,100,100026,49,100182,100,99978,200,100266,100,99958,100,100276,100,99957,100,100519,100,99937,100,100583,100,99934,100,100605,100,99878,100
2019-06-28 09:48:30.869083620,100141,27,100084,227,100142,227,100083,163,100148,100,100030,100,100163,100,100026,49,100182,100,99978,200,100266,100,99958,100,100276,100,99957,100,100519,100,99937,100,100583,100,99934,100,100605,100,99878,100
2019-06-28 09:48:37.800045102,100141,27,100100,100,100142,227,100084,227,100148,100,100083,163,100163,100,100030,100,100182,100,100026,49,100266,100,99978,200,100276,100,99958,100,100519,100,99957,100,100583,100,99937,100,100605,100,99934,100
2019-06-28 09:48:40.000000000,100142,164,100100,164,100148,164,100084,164,100163,164,100083,100,100182,164,100030,164,100266,100,100026,49,100276,100,99978,200,100519,100,99958,100,100583,100,99957,100,100605,100,99937,100,100667,100,99934,100
2019-06-28 09:48:50.000000000,100142,186,100100,186,100148,184,100084,184,100163,184,100083,120,100182,100,100030,100,100266,100,100026,49,100276,100,99978,200,100519,100,99958,100,100583,100,99957,100,100605,100,99937,100,100667,100,99934,100
2019-06-28 09:49:00.000000000,100142,354,100100,354,100148,100,100084,100,100163,100,100083,36,100182,100,100030,100,100266,100,100026,49,100276,100,99978,200,100519,100,99958,100,100583,100,99957,100,100605,100,99937,100,100667,100,99934,100
2019-06-28 09:49:01.674302256,100142,254,100100,354,100148,100,100084,100,100163,100,100083,36,100182,100,100030,100,100266,100,100026,49,100276,100,99978,200,100519,100,99958,100,100583,100,99957,100,100605,100,99937,100,100667,100,99934,100
2019-06-28 09:49:05.893620624,100142,254,100100,354,100148,100,100084,100,100163,100,100083,36,100182,100,100030,100,100266,100,100026,49,100276,100,99978,200,100519,100,99958,100,100583,100,99957,100,100605,100,99937,100,100667,100,99934,100
2019-06-28 09:49:10.000000000,100148,354,100100,354,100163,100,100084,100,100182,100,100083,36,100266,100,100030,100,100276,100,100026,49,100519,100,99978,200,100583,100,99958,100,100605,100,99957,100,100667,100,99937,100,100830,100,99934,100
2019-06-28 09:49:18.345981504,100148,254,100100,354,100163,100,100084,100,100182,100,100083,36,100276,100,100030,100,100519,100,100026,49,100583,100,99978,200,100605,100,99958,100,100667,100,99957,100,100830,100,99937,100,,,99934,100
2019-06-28 09:49:20.000000000,100163,164,100100,164,100182,164,100084,164,100276,164,100083,100,100519,164,100030,164,100583,100,100026,49,100605,100,99978,200,100667,100,99958,100,100830,100,99957,100,,,99937,100,,,99934,100
2019-06-28 09:49:30.000000000,100163,164,100100,164,100182,164,100084,164,100276,164,100083,100,100519,164,100030,164,100583,100,100026,49,100605,100,99978,200,100667,100,99958,100,100830,100,99957,100,,,99937,100,,,99934,100
2019-06-28 09:49:38.033514054,100163,164,100100,164,100182,164,100084,164,100276,164,100083,100,100519,164,100030,164,100583,100,100026,49,100605,100,99978,200,100667,100,99958,100,100830,100,99957,100,101003,100,99934,100,,,99878,100
2019-06-28 09:49:40.000000000,100163,186,100100,186,100182,184,100084,184,100276,184,100083,120,100519,100,100030,100,100583,100,100026,49,100605,100,99978,200,100667,100,99958,100,100830,100,99957,100,101003,100,99934,100,,,99878,100
2019-06-28 09:49:50.000000000,100163,186,100100,186,100182,184,100084,184,100276,184,100083,120,100519,100,100030,100,100583,100,100026,49,100605,100,99978,200,100667,100,99958,100,100830,100,99957,100,101003,100,99934,100,,,99878,100
2019-06-28 09:49:54.082362544,100163,86,100100,186,100182,184,100084,184,100276,184,100083,120,100519,100,100030,100,100583,100,100026,49,100605,100,99978,200,100667,100,99958,100,101003,100,99957,100,,,99934,100,,,99878,100
2019-06-28 09:50:00.000000000,100182,186,100100,186,100276,184,100084,184,100519,184,100083,120,100583,100,100030,100,100605,100,100026,49,100667,100,99978,200,101003,100,99958,100,,,99957,100,,,99934,100,,,99878,100
2019-06-28 09:50:10.000000000,100182,151,100100,151,100276,151,100084,151,100519,151,100083,87,100583,151,100030,151,100605,151,100026,100,100667,100,99978,200,101003,100,99958,100,,,99957,100,,,99934,100,,,99878,100
2019-06-28 09:50:17.619778960,100182,151,100100,151,100276,151,100084,151,100519,151,100083,87,100583,151,100030,151,100605,51,100026,100,100667,100,99978,200,100945,100,99958,100,101003,100,99957,100,,,99934,100,,,99878,100
2019-06-28 09:50:20.000000000,100182,164,100100,164,100276,164,100084,164,100519,164,100083,100,100583,164,100030,164,100667,100,100026,49,100945,100,99978,200,101003,100,99958,100,,,99957,100,,,99934,100,,,99878,100
2019-06-28 09:50:30.000000000,100182,354,100100,354,100276,100,100084,100,100519,100,100083,36,100583,100,100030,100,100667,100,100026,49,100945,100,99978,200,101003,100,99958,100,,,99957,100,,,99934,100,,,99878,100
2019-06-28 09:50:40.000000000,100182,186,100100,186,100276,184,100084,184,100519,184,100083,120,100583,100,100030,100,100667,100,100026,49,100945,100,99978,200,101003,100,99958,100,,,99957,100,,,99934,100,,,99878,100
2019-06-28 09:50:49.376617736,100182,86,100100,186,100276,184,100084,184,100519,184,100083,120,100583,100,100030,100,100667,100,100026,49,100945,100,99978,200,101003,100,99958,100,,,99957,100,,,99934,100,,,99878,100
2019-06-28 09:50:49.400416420,100182,86,100100,186,100276,184,100084,184,100519,184,100083,120,100583,100,100030,100,100667,100,100026,49,100768,100,99978,200,100945,100,99958,100,101003,100,99957,100,,,99934,100,,,99878,100
2019-06-28 09:50:50.000000000,100276,227,100100,227,100519,227,100084,227,100583,100,100083,36,100667,100,100030,100,100768,100,100026,49,100945,100,99978,200,101003,100,99958,100,,,99957,100,,,99934,100,,,99878,100
2019-06-28 09:50:50.990046253,100276,127,100100,227,100519,227,100084,227,100583,100,100083,36,100667,100,100030,100,100768,100,100026,49,100945,100,99978,200,101003,100,99958,100,,,99957,100,,,99934,100,,,99878,100
2019-06-28 09:51:00.000000000,100519,354,100100,354,100583,100,100084,100,100667,100,100083,36,100768,100,100030,100,100945,100,100026,49,101003,100,99978,200,,,99958,100,,,99957,100,,,99934,100,,,99878,100
2019-06-28 09:51:06.605988489,100519,354,100100,354,100583,100,100084,100,100667,100,100083,36,100768,100,100030,100,100874,100,100026,49,100945,100,99978,200,101003,100,99958,100,,,99957,100,,,99934,100,,,99878,100
2019-06-28 09:51:10.000000000,100519,164,100100,164,100583,164,100084,164,100667,164,100083,100,100768,164,100030,164,100874,100,100026,49,100945,100,99978,200,101003,100,99958,100,,,99957,100,,,99934,100,,,99878,100
2019-06-28 09:51:10.414434668,100519,164,100100,164,100583,164,100084,164,100667,164,100083,100,100768,164,100030,164,100828,100,100026,49,100874,100,99978,200,100945,100,99958,100,101003,100,99957,100,,,99934,100,,,99878,100
2019-06-28 09:51:18.540959971,100519,64,100100,164,100583,164,100084,164,100667,164,100083,100,100768,164,100030,164,100828,100,100026,49,100874,100,99978,200,100945,100,99958,100,101003,100,99957,100,,,99934,100,,,99878,100
2019-06-28 09:51:20.000000000,100583,354,100100,354,100667,100,100084,100,100768,100,100083,36,100828,100,100030,100,100874,100,100026,49,100945,100,99978,200,101003,100,99958,100,,,99957,100,,,99934,100,,,99878,100
2019-06-28 09:51:24.124661321,100583,354,100276,100,100667,100,100100,354,100768,100,100084,100,100828,100,100083,36,100874,100,100030,100,100945,100,100026,49,101003,100,99978,200,,,99958,100,,,99957,100,,,99934,100
2019-06-28 09:51:30.000000000,100583,186,100276,186,100667,184,100100,184,100768,184,100084,184,100828,100,100083,36,100874,100,100030,100,100945,100,100026,49,101003,100,99978,200,,,99958,100,,,99957,100,,,99934,100
2019-06-28 09:51:40.000000000,100583,151,100276,151,100667,151,100100,151,100768,151,100084,151,100828,151,100083,87,100874,151,100030,151,100945,100,100026,49,101003,100,99978,200,,,99958,100,,,99957,100,,,99934,100
2019-06-28 09:51:50.000000000,100583,186,100276,186,100667,184,100100,184,100768,184,100084,184,100828,100,100083,36,100874,100,100030,100,100945,100,100026,49,101003,100,99978,200,,,99958,100,,,99957,100,,,99934,100
2019-06-28 09:52:00.000000000,100583,227,100276,227,100667,227,100100,227,100768,100,100084,100,100828,100,100083,36,100874,100,100030,100,100945,100,100026,49,101003,100,99978,200,,,99958,100,,,99957,100,,,99934,100
2019-06-28 09:52:10.000000000,100583,354,100276,354,100667,100,100100,100,100768,100,100084,100,100828,100,100083,36,100874,100,100030,100,100945,100,100026,49,101003,100,99978,200,,,99958,100,,,99957,100,,,99934,100
2019-06-28 09:52:19.736768823,100583,254,100276,354,100667,100,100100,100,100768,100,100084,100,100828,100,100083,36,100874,100,100030,100,100945,100,100026,49,101003,100,99978,200,,,99958,100,,,99957,100,,,99934,100
2019-06-28 09:52:20.000000000,100667,151,100276,151,100768,151,100100,151,100828,151,100084,151,100874,151,100083,87,100945,151,100030,151,101003,100,100026,49,,,99978,200,,,99958,100,,,99957,100,,,99934,100
2019-06-28 09:52:21.763136400,100667,151,100276,151,100768,151,100100,151,100828,151,100084,151,100874,151,100083,87,100945,151,100030,151,101003,100,100026,49,101074,100,99978,200,,,99958,100,,,99957,100,,,99934,100
2019-06-28 09:52:25.791861879,100667,51,100276,151,100768,151,100100,151,100828,151,100084,151,100874,151,100083,87,100945,151,100030,151,101003,100,100026,49,101074,100,99978,200,,,99958,100,,,99957,100,,,99934,100
2019-06-28 09:52:30.000000000,100768,227,100276,227,100828,227,100100,227,100874,100,100084,100,100945,100,100083,36,101003,100,100030,100,101074,100,100026,49,,,99978,200,,,99958,100,,,99957,100,,,99934,100
2019-06-28 09:52:33.992903657,100768,227,100583,100,100828,227,100276,227,100874,100,100100,227,100945,100,100084,100,101003,100,100083,36,101074,100,100030,100,,,100026,49,,,99978,200,,,99958,100,,,99957,100
2019-06-28 09:52:37.912707589,100768,227,100583,100,100828,227,100276,227,100874,100,100100,227,100945,100,100084,100,100979,100,100083,36,101003,100,100030,100,101074,100,100026,49,,,99978,200,,,99958,100,,,99957,100
2019-06-28 09:52:39.013708436,100768,227,100583,100,100828,127,100276,227,100874,100,100100,227,100945,100,100084,100,100974,100,100083,36,100979,100,100030,100,101003,100,100026,49,101074,100,99978,200,,,99958,100,,,99957,100
2019-06-28 09:52:39.633142566,100768,227,100583,100,100828,127,100276,227,100874,100,100100,227,100945,100,100084,100,100974,100,100083,36,100979,100,100030,100,101003,100,100026,49,101074,100,99978,200,,,99958,100,,,99934,100
2019-06-28 09:52:40.000000000,100768,227,100583,227,100874,227,100276,227,100945,100,100100,100,100974,100,100084,100,100979,100,100083,36,101003,100,100030,100,101074,100,100026,49,,,99978,200,,,99958,100,,,99934,100
2019-06-28 09:52:41.242658184,100768,227,100583,227,100874,227,100276,227,100945,100,100100,100,100974,100,100084,100,100979,100,100083,36,101003,100,100030,100,101009,100,100026,49,101074,100,99978,200,,,99958,100,,,99934,100
2019-06-28 09:52:42.392629227,100768,227,100583,227,100874,227,100276,227,100933,100,100100,100,100945,100,100084,100,100974,100,100083,36,100979,100,100030,100,101003,100,99978,200,101009,100,99958,100,101074,100,99934,100,,,99835,100
2019-06-28 09:52:50.000000000,100768,354,100583,354,100874,100,100276,100,100933,100,100100,100,100945,100,100084,100,100974,100,100083,36,100979,100,100030,100,101003,100,99978,200,101009,100,99958,100,101074,100,99934,100,,,99835,100
2019-06-28 09:52:54.145387898,100768,354,100583,454,100874,100,100276,100,100933,100,100100,100,100945,100,100084,100,100974,100,100083,36,100979,100,100030,100,101003,100,99978,200,101009,100,99958,100,101074,100,99934,100,,,99835,100
2019-06-28 09:53:00.000000000,100768,164,100583,264,100874,164,100276,164,100933,164,100100,164,100945,164,100084,164,100974,100,100083,36,100979,100,100030,100,101003,100,99978,200,101009,100,99958,100,101074,100,99934,100,,,99835,100
2019-06-28 09:53:09.667998213,100768,164,100583,264,100874,164,100276,164,100919,100,100100,164,100933,164,100084,164,100945,164,100083,36,100974,100,100030,100,100979,100,99978,200,101003,100,99958,100,101009,100,99835,100,101074,100,99764,100
2019-06-28 09:53:10.000000000,100768,227,100583,327,100874,227,100276,227,100919,100,100100,100,100933,100,100084,100,100945,100,100083,36,100974,100,100030,100,100979,100,99978,200,101003,100,99958,100,101009,100,99835,100,101074,100,99764,100
2019-06-28 09:53:20.000000000,100768,151,100583,251,100874,151,100276,151,100919,151,100100,151,100933,151,100084,151,100945,151,100083,87,100974,100,100030,100,100979,100,99978,200,101003,100,99958,100,101009,100,99835,100,101074,100,99764,100
2019-06-28 09:53:26.972732478,100768,151,100583,251,100838,100,100276,151,100874,151,100100,151,100919,151,100084,151,100933,151,100083,87,100945,151,100030,100,100974,100,99978,200,100979,100,99958,100,101003,100,99835,100,101009,100,99764,100
2019-06-28 09:53:29.086926844,100768,151,100583,251,100829,100,100276,151,100838,100,100100,151,100874,151,100084,151,100919,151,100083,87,100933,151,100030,100,100945,151,99978,200,100974,100,99958,100,100979,100,99835,100,101003,100,99764,100
2019-06-28 09:53:30.000000000,100768,151,100583,251,100829,151,100276,151,100838,151,100100,151,100874,151,100084,151,100919,151,100083,87,100933,100,100030,100,100945,100,99978,200,100974,100,99958,100,100979,100,99835,100,101003,100,99764,100
2019-06-28 09:53:36.857349412,100657,100,100583,251,100768,151,100276,151,100829,151,100100,151,100838,151,100084,151,100874,151,100083,87,100919,151,100030,100,100933,100,99978,200,100945,100,99958,100,100974,100,99835,100,100979,100,99764,100
2019-06-28 09:53:40.000000000,100657,186,100583,286,100768,184,100276,184,100829,184,100100,184,100838,100,100084,100,100874,100,100083,36,100919,100,100030,100,100933,100,99978,200,100945,100,99958,100,100974,100,99835,100,100979,100,99764,100
2019-06-28 09:53:50.000000000,100657,151,100583,251,100768,151,100276,151,100829,151,100100,151,100838,151,100084,151,100874,151,100083,87,100919,100,100030,100,100933,100,99978,200,100945,100,99958,100,100974,100,99835,100,100979,100,99764,100
2019-06-28 09:53:58.575791147,100657,151,100583,151,100768,151,100276,151,100829,151,100100,151,100838,151,100084,151,100874,151,100083,87,100919,100,100030,100,100933,100,99978,200,100974,100,99958,100,100979,100,99835,100,101003,100,99764,100
2019-06-28 09:54:00.000000000,100657,151,100583,151,100768,151,100276,151,100829,151,100100,151,100838,151,100084,151,100874,151,100083,87,100919,100,100030,100,100933,100,99978,200,100974,100,99958,100,100979,100,99835,100,101003,100,99764,100
2019-06-28 09:54:02.890219493,100657,151,100583,151,100768,151,100524,100,100829,151,100276,151,100838,151,100100,151,100874,151,100084,151,100919,100,100083,87,100933,100,100030,100,100974,100,99978,200,100979,100,99958,100,101003,100,99835,100
2019-06-28 09:54:10.000000000,100657,164,100583,164,100768,164,100524,164,100829,164,100276,164,100838,164,100100,164,100874,100,100084,100,100919,100,100083,36,100933,100,100030,100,100974,100,99978,200,100979,100,99958,100,101003,100,99835,100
2019-06-28 09:54:20.000000000,100657,186,100583,186,100768,184,100524,184,100829,184,100276,184,100838,100,100100,100,100874,100,100084,100,100919,100,100083,36,100933,100,100030,100,100974,100,99978,200,100979,100,99958,100,101003,100,99835,100
2019-06-28 09:54:24.814892258,100657,186,100583,186,100768,184,100524,184,100829,184,100376,100,100838,100,100276,184,100874,100,100100,100,100919,100,100084,100,100933,100,100083,36,100974,100,100030,100,100979,100,99978,200,101003,100,99958,100
2019-06-28 09:54:30.000000000,100657,227,100583,227,100768,227,100524,227,100829,100,100376,100,100838,100,100276,100,100874,100,100100,100,100919,100,100084,100,100933,100,100083,36,100974,100,100030,100,100979,100,99978,200,101003,100,99958,100
2019-06-28 09:54:32.531871340,100657,227,100583,227,100768,227,100524,227,100829,100,100397,100,100838,100,100376,100,100874,100,100276,100,100919,100,100100,100,100933,100,100084,100,100974,100,100083,36,100979,100,100030,100,101003,100,99978,200
2019-06-28 09:54:33.260671672,100657,227,100583,227,100682,100,100524,227,100768,227,100397,100,100829,100,100376,100,100838,100,100276,100,100874,100,100100,100,100919,100,100084,100,100933,100,100083,36,100974,100,100030,100,100979,100,99978,200
2019-06-28 09:54:37.479941941,100657,227,100584,100,100682,100,100583,227,100768,227,100524,227,100829,100,100397,100,100838,100,100376,100,100874,100,100276,100,100919,100,100100,100,100933,100,100084,100,100974,100,100083,36,100979,100,100030,100
2019-06-28 09:54:40.000000000,100657,354,100584,354,100682,100,100583,100,100768,100,100524,100,100829,100,100397,100,100838,100,100376,100,100874,100,100276,100,100919,100,100100,100,100933,100,100084,100,100974,100,100083,36,100979,100,100030,100
2019-06-28 09:54:50.000000000,100657,151,100584,151,100682,151,100583,151,100768,151,100524,151,100829,151,100397,151,100838,151,100376,151,100874,100,100276,100,100919,100,100100,100,100933,100,100084,100,100974,100,100083,36,100979,100,100030,100
2019-06-28 09:55:00.000000000,100657,354,100584,354,100682,100,100583,100,100768,100,100524,100,100829,100,100397,100,100838,100,100376,100,100874,100,100276,100,100919,100,100100,100,100933,100,100084,100,100974,100,100083,36,100979,100,100030,100
2019-06-28 09:55:09.358890124,100657,354,100584,354,100682,100,100583,100,100768,100,100524,100,100829,100,100397,100,100838,100,100376,100,100874,100,100310,100,100919,100,100276,100,100933,100,100100,100,100974,100,100084,100,100979,100,100083,36
2019-06-28 09:55:10.000000000,100657,164,100584,164,100682,164,100583,164,100768,164,100524,164,100829,164,100397,164,100838,100,100376,100,100874,100,100310,100,100919,100,100276,100,100933,100,100100,100,100974,100,100084,100,100979,100,100083,36
2019-06-28 09:55:19.051250755,100657,164,100584,64,100682,164,100583,164,100768,164,100524,164,100829,164,100397,164,100838,100,100376,100,100874,100,100310,100,100919,100,100276,100,100974,100,100100,100,100979,100,100084,100,101003,100,100083,36
2019-06-28 09:55:20.000000000,100657,164,100583,164,100682,164,100524,164,100768,164,100397,164,100829,164,100376,164,100838,100,100310,100,100874,100,100276,100,100919,100,100100,100,100974,100,100084,100,100979,100,100083,36,101003,100,100030,100
2019-06-28 09:55:30.000000000,100657,227,100583,227,100682,227,100524,227,100768,100,100397,100,100829,100,100376,100,100838,100,100310,100,100874,100,100276,100,100919,100,100100,100,100974,100,100084,100,100979,100,100083,36,101003,100,100030,100
2019-06-28 09:55:40.000000000,100657,227,100583,227,100682,227,100524,227,100768,100,100397,100,100829,100,100376,100,100838,100,100310,100,100874,100,100276,100,100919,100,100100,100,100974,100,100084,100,100979,100,100083,36,101003,100,100030,100
2019-06-28 09:55:40.786060938,100657,227,100583,227,100682,227,100524,227,100768,100,100397,100,100829,100,100376,100,100838,100,100310,100,100874,100,100276,100,100919,100,100100,100,100974,100,100084,100,100979,100,100083,36,101003,100,100030,100
2019-06-28 09:55:50.000000000,100657,186,100583,186,100682,184,100524,184,100768,184,100397,184,100829,100,100376,100,100838,100,100310,100,100874,100,100276,100,100919,100,100100,100,100974,100,100084,100,100979,100,100083,36,101003,100,100030,100
2019-06-28 09:56:00.000000000,100657,151,100583,151,100682,151,100524,151,100768,151,100397,151,100829,151,100376,151,100838,151,100310,151,100874,100,100276,100,100919,100,100100,100,100974,100,100084,100,100979,100,100083,36,101003,100,100030,100
2019-06-28 09:56:10.000000000,100657,186,100583,186,100682,184,100524,184,100768,184,100397,184,100829,100,100376,100,100838,100,100310,100,100874,100,100276,100,100919,100,100100,100,100974,100,100084,100,100979,100,100083,36,101003,100,100030,100
2019-06-28 09:56:12.625154199,100657,186,100583,86,100682,184,100524,184,100768,184,100397,184,100829,100,100376,100,100838,100,100310,100,100874,100,100276,100,100919,100,100100,100,100974,100,100084,100,101003,100,100083,36,101009,100,100030,100
2019-06-28 09:56:20.000000000,100657,227,100524,227,100682,227,100397,227,100768,100,100376,100,100829,100,100310,100,100838,100,100276,100,100874,100,100100,100,100919,100,100084,100,100974,100,100083,36,101003,100,100030,100,101009,100,100023,100
2019-06-28 09:56:30.000000000,100657,227,100524,227,100682,227,100397,227,100768,100,100376,100,100829,100,100310,100,100838,100,100276,100,100874,100,100100,100,100919,100,100084,100,100974,100,100083,36,101003,100,100030,100,101009,100,100023,100
2019-06-28 09:56:38.972720160,100657,227,100524,127,100682,127,100397,227,100768,100,100376,100,100829,100,100310,100,100838,100,100276,100,100874,100,100100,100,100919,100,100084,100,100974,100,100083,36,101003,100,100030,100,101009,100,100023,100
2019-06-28 09:56:40.000000000,100657,186,100397,186,100768,184,100376,184,100829,184,100310,184,100838,100,100276,100,100874,100,100100,100,100919,100,100084,100,100974,100,100083,36,101003,100,100030,100,101009,100,100023,100,,,99978,200
2019-06-28 09:56:50.000000000,100657,227,100397,227,100768,227,100376,227,100829,100,100310,100,100838,100,100276,100,100874,100,100100,100,100919,100,100084,100,100974,100,100083,36,101003,100,100030,100,101009,100,100023,100,,,99978,200
2019-06-28 09:57:00.000000000,100657,186,100397,186,100768,184,100376,184,100829,184,100310,184,100838,100,100276,100,100874,100,100100,100,100919,100,100084,100,100974,100,100083,36,101003,100,100030,100,101009,100,100023,100,,,99978,200
2019-06-28 09:57:10.000000000,100657,151,100397,151,100768,151,100376,151,100829,151,100310,151,100838,151,100276,151,100874,151,100100,151,100919,100,100084,100,100974,100,100083,36,101003,100,100030,100,101009,100,100023,100,,,99978,200
2019-06-28 09:57:20.000000000,100657,151,100397,151,100768,151,100376,151,100829,151,100310,151,100838,151,100276,151,100874,151,100100,151,100919,100,100084,100,100974,100,100083,36,101003,100,100030,100,101009,100,100023,100,,,99978,200
2019-06-28 09:57:30.000000000,100657,186,100397,186,100768,184,100376,184,100829,184,100310,184,100838,100,100276,100,100874,100,100100,100,100919,100,100084,100,100974,100,100083,36,101003,100,100030,100,101009,100,100023,100,,,99978,200
2019-06-28 09:57:40.000000000,100657,354,100397,354,100768,100,100376,100,100829,100,100310,100,100838,100,100276,100,100874,100,100100,100,100919,100,100084,100,100974,100,100083,36,101003,100,100030,100,101009,100,100023,100,,,99978,200
2019-06-28 09:57:43.155066271,100626,100,100397,354,100657,354,100376,100,100768,100,100310,100,100829,100,100276,100,100838,100,100100,100,100874,100,100084,100,100919,100,100083,36,101003,100,100030,100,101009,100,100023,100,,,99978,200
2019-06-28 09:57:49.895795060,100626,100,100397,354,100657,354,100376,100,100768,100,100310,100,100829,100,100276,100,100838,100,100100,100,100874,100,100084,100,100919,100,100083,36,101003,100,100030,100,101009,100,100023,100,101010,100,99978,200
2019-06-28 09:57:50.000000000,100626,354,100397,354,100657,100,100376,100,100768,100,100310,100,100829,100,100276,100,100838,100,100100,100,100874,100,100084,100,100919,100,100083,36,101003,100,100030,100,101009,100,100023,100,101010,100,99978,200
2019-06-28 09:58:00.000000000,100626,186,100397,186,100657,184,100376,184,100768,184,100310,184,100829,100,100276,100,100838,100,100100,100,100874,100,100084,100,100919,100,100083,36,101003,100,100030,100,101009,100,100023,100,101010,100,99978,200
2019-06-28 09:58:10.000000000,100626,164,100397,164,100657,164,100376,164,100768,164,100310,164,100829,164,100276,164,100838,100,100100,100,100874,100,100084,100,100919,100,100083,36,101003,100,100030,100,101009,100,100023,100,101010,100,99978,200
2019-06-28 09:58:20.000000000,100626,354,100397,354,100657,100,100376,100,100768,100,100310,100,100829,100,100276,100,100838,100,100100,100,100874,100,100084,100,100919,100,100083,36,101003,100,100030,100,101009,100,100023,100,101010,100,99978,200
2019-06-28 09:58:21.264517404,100626,354,100397,354,100654,100,100376,100,100657,100,100310,100,100768,100,100276,100,100829,100,100100,100,100838,100,100084,100,100874,100,100083,36,100919,100,100030,100,101003,100,100023,100,101009,100,99978,200
2019-06-28 09:58:30.000000000,100626,354,100397,354,100654,100,100376,100,100657,100,100310,100,100768,100,100276,100,100829,100,100100,100,100838,100,100084,100,100874,100,100083,36,100919,100,100030,100,101003,100,100023,100,101009,100,99978,200
2019-06-28 09:58:30.709716635,100626,254,100397,354,100654,100,100376,100,100657,100,100310,100,100768,100,100276,100,100829,100,100100,100,100838,100,100084,100,100874,100,100083,36,100919,100,100030,100,101003,100,100023,100,101009,100,99978,200
2019-06-28 09:58:40.000000000,100654,227,100397,227,100657,227,100376,227,100768,100,100310,100,100829,100,100276,100,100838,100,100100,100,100874,100,100084,100,100919,100,100083,36,101003,100,100030,100,101009,100,100023,100,101010,100,99978,200
2019-06-28 09:58:50.000000000,100654,227,100397,227,100657,227,100376,227,100768,100,100310,100,100829,100,100276,100,100838,100,100100,100,100874,100,100084,100,100919,100,100083,36,101003,100,100030,100,101009,100,100023,100,101010,100,99978,200
2019-06-28 09:59:00.000000000,100654,186,100397,186,100657,184,100376,184,100768,184,100310,184,100829,100,100276,100,100838,100,100100,100,100874,100,100084,100,100919,100,100083,36,101003,100,100030,100,101009,100,100023,100,101010,100,99978,200
2019-06-28 09:59:10.000000000,100654,151,100397,151,100657,151,100376,151,100768,151,100310,151,100829,151,100276,151,100838,151,100100,151,100874,100,100084,100,100919,100,100083,36,101003,100,100030,100,101009,100,100023,100,101010,100,99978,200
2019-06-28 09:59:20.000000000,100654,186,100397,186,100657,184,100376,184,100768,184,100310,184,100829,100,100276,100,100838,100,100100,100,100874,100,100084,100,100919,100,100083,36,101003,100,100030,100,101009,100,100023,100,101010,100,99978,200
2019-06-28 09:59:30.000000000,100654,227,100397,227,100657,227,100376,227,100768,100,100310,100,100829,100,100276,100,100838,100,100100,100,100874,100,100084,100,100919,100,100083,36,101003,100,100030,100,101009,100,100023,100,101010,100,99978,200
2019-06-28 09:59:37.859083980,100654,227,100397,227,100657,227,100376,227,100768,100,100310,100,100829,100,100276,100,100838,100,100100,100,100874,100,100084,100,100919,100,100083,36,101003,100,100030,100,101009,100,100023,100,101010,100,99978,100
2019-06-28 09:59:38.304829346,100654,227,100397,227,100657,227,100376,227,100704,100,100310,100,100768,100,100276,100,100829,100,100100,100,100838,100,100084,100,100874,100,100083,36,100919,100,100030,100,101003,100,100023,100,101009,100,99978,100
2019-06-28 09:59:40.000000000,100654,151,100397,151,100657,151,100376,151,100704,151,100310,151,100768,151,100276,151,100829,151,100100,151,100838,100,100084,100,100874,100,100083,36,100919,100,100030,100,101003,100,100023,100,101009,100,99978,100
2019-06-28 09:59:40.211629858,100654,151,100525,100,100657,151,100397,151,100704,151,100376,151,100768,151,100310,151,100829,151,100276,151,100838,100,100100,151,100874,100,100084,100,100919,100,100083,36,101003,100,100030,100,101009,100,100023,100
2019-06-28 09:59:50.000000000,100654,151,100525,151,100657,151,100397,151,100704,151,100376,151,100768,151,100310,151,100829,151,100276,151,100838,100,100100,100,100874,100,100084,100,100919,100,100083,36,101003,100,100030,100,101009,100,100023,100
2019-06-28 10:00:00.000000000,100654,164,100525,164,100657,164,100397,164,100704,164,100376,164,100768,164,100310,164,100829,100,100276,100,100838,100,100100,100,100874,100,100084,100,100919,100,100083,36,101003,100,100030,100,101009,100,100023,100
2019-06-28 10:00:05.996387166,100654,64,100525,164,100657,164,100397,164,100704,164,100376,164,100768,164,100310,164,100829,100,100276,100,100838,100,100100,100,100874,100,100084,100,100919,100,100083,36,101003,100,100030,100,101009,100,100023,100
2019-06-28 10:00:10.000000000,100657,186,100525,186,100704,184,100397,184,100768,184,100376,184,100829,100,100310,100,100838,100,100276,100,100874,100,100100,100,100919,100,100084,100,101003,100,100083,36,101009,100,100030,100,101010,100,100023,100
2019-06-28 10:00:18.021543652,100657,86,100525,186,100704,184,100397,184,100768,184,100376,184,100829,100,100310,100,100838,100,100276,100,100874,100,100100,100,100919,100,100084,100,101003,100,100083,36,101009,100,100030,100,101010,100,100023,100
2019-06-28 10:00:20.000000000,100704,354,100525,354,100768,100,100397,100,100829,100,100376,100,100838,100,100310,100,100874,100,100276,100,100919,100,100100,100,101003,100,100084,100,101009,100,100083,36,101010,100,100030,100,,,100023,100
2019-06-28 10:00:30.000000000,100704,151,100525,151,100768,151,100397,151,100829,151,100376,151,100838,151,100310,151,100874,151,100276,151,100919,100,100100,100,101003,100,100084,100,101009,100,100083,36,101010,100,100030,100,,,100023,100
2019-06-28 10:00:40.000000000,100704,227,100525,227,100768,227,100397,227,100829,100,100376,100,100838,100,100310,100,100874,100,100276,100,100919,100,100100,100,101003,100,100084,100,101009,100,100083,36,101010,100,100030,100,,,100023,100
2019-06-28 10:00:49.912445881,100704,227,100525,227,100768,227,100397,227,100838,100,100376,100,100874,100,100310,100,100919,100,100276,100,101003,100,100100,100,101009,100,100084,100,101010,100,100083,36,101075,100,100030,100,,,100023,100
2019-06-28 10:00:50.000000000,100704,354,100525,354,100768,100,100397,100,100838,100,100376,100,100874,100,100310,100,100919,100,100276,100,101003,100,100100,100,101009,100,100084,100,101010,100,100083,36,101075,100,100030,100,,,100023,100
2019-06-28 10:00:54.391076061,100704,254,100525,354,100768,100,100397,100,100838,100,100376,100,100874,100,100310,100,100919,100,100276,100,101003,100,100100,100,101009,100,100084,100,101010,100,100083,36,101075,100,100030,100,,,99978,100
2019-06-28 10:01:00.000000000,100768,186,100525,186,100838,184,100397,184,100874,184,100376,184,100919,100,100310,100,101003,100,100276,100,101009,100,100100,100,101010,100,100084,100,101075,100,100083,36,,,100030,100,,,99978,100
2019-06-28 10:01:08.975759102,100768,186,100742,100,100838,184,100525,186,100874,184,100397,184,100919,100,100376,184,101003,100,100310,100,101009,100,100276,100,101075,100,100100,100,,,100084,100,,,100083,36,,,100030,100
2019-06-28 10:01:10.000000000,100768,354,100742,354,100838,100,100525,100,100874,100,100397,100,100919,100,100376,100,101003,100,100310,100,101009,100,100276,100,101075,100,100100,100,,,100084,100,,,100083,36,,,100030,100
2019-06-28 10:01:11.127430732,100768,354,100742,354,100838,100,100397,100,100874,100,100376,100,100919,100,100310,100,101003,100,100276,100,101009,100,100100,100,101075,100,100084,100,,,100083,36,,,100030,100,,,99978,100
2019-06-28 10:01:17.831698677,100768,254,100742,354,100838,100,100397,100,100874,100,100376,100,100919,100,100310,100,101003,100,100276,100,101009,100,100100,100,101075,100,100084,100,,,100083,36,,,100030,100,,,99978,100
2019-06-28 10:01:20.000000000,100838,186,100742,186,100874,184,100397,184,100919,184,100376,184,101003,100,100310,100,101009,100,100276,100,101075,100,100100,100,,,100084,100,,,100083,36,,,100030,100,,,99978,100
2019-06-28 10:01:29.299573977,100838,186,100742,186,100874,184,100704,100,100919,184,100397,184,101003,100,100376,184,101009,100,100310,100,101075,100,100100,100,,,100084,100,,,100083,36,,,100030,100,,,99978,100
2019-06-28 10:01:30.000000000,100838,186,100742,186,100874,184,100704,184,100919,184,100397,184,101003,100,100376,100,101009,100,100310,100,101075,100,100100,100,,,100084,100,,,100083,36,,,100030,100,,,99978,100
2019-06-28 10:01:40.000000000,100838,354,100742,354,100874,100,100704,100,100919,100,100397,100,101003,100,100376,100,101009,100,100310,100,101075,100,100100,100,,,100084,100,,,100083,36,,,100030,100,,,99978,100
2019-06-28 10:01:50.000000000,100838,151,100742,151,100874,151,100704,151,100919,151,100397,151,101003,151,100376,151,101009,151,100310,151,101075,100,100100,100,,,100084,100,,,100083,36,,,100030,100,,,99978,100
2019-06-28 10:02:00.000000000,100838,151,100742,151,100874,151,100704,151,100919,151,100397,151,101003,151,100376,151,101009,151,100310,151,101075,100,100100,100,,,100084,100,,,100083,36,,,100030,100,,,99978,100
2019-06-28 10:02:10.000000000,100838,164,100742,164,100874,164,100704,164,100919,164,100397,164,101003,164,100376,164,101009,100,100310,100,101075,100,100100,100,,,100084,100,,,100083,36,,,100030,100,,,99978,100
2019-06-28 10:02:17.724536613,100838,164,100742,64,100874,164,100704,164,100919,164,100397,164,101003,164,100376,164,101075,100,100310,100,,,100100,100,,,100084,100,,,100083,36,,,100030,100,,,99978,100
2019-06-28 10:02:18.516484801,100767,100,100742,64,100838,164,100704,164,100874,164,100397,164,100919,164,100376,164,101003,164,100310,100,101075,100,100100,100,,,100084,100,,,100083,36,,,100030,100,,,99978,100
2019-06-28 10:02:20.000000000,100767,227,100704,227,100838,227,100397,227,100874,100,100376,100,100919,100,100310,100,101003,100,100100,100,101075,100,100084,100,,,100083,36,,,100030,100,,,99978,100,,,99958,100
2019-06-28 10:02:30.000000000,100767,151,100704,151,100838,151,100397,151,100874,151,100376,151,100919,151,100310,151,101003,151,100100,151,101075,100,100084,100,,,100083,36,,,100030,100,,,99978,100,,,99958,100
2019-06-28 10:02:40.000000000,100767,151,100704,151,100838,151,100397,151,100874,151,100376,151,100919,151,100310,151,101003,151,100100,151,101075,100,100084,100,,,100083,36,,,100030,100,,,99978,100,,,99958,100
2019-06-28 10:02:50.000000000,100767,151,100704,151,100838,151,100397,151,100874,151,100376,151,100919,151,100310,151,101003,151,100100,151,101075,100,100084,100,,,100083,36,,,100030,100,,,99978,100,,,99958,100
2019-06-28 10:02:53.263237313,100767,151,100704,51,100838,151,100397,151,100874,151,100376,151,100919,151,100310,151,101003,151,100100,151,101075,100,100084,100,,,100083,36,,,100030,100,,,99978,100,,,99958,100
2019-06-28 10:03:00.000000000,100767,151,100397,151,100838,151,100376,151,100874,151,100310,151,100919,151,100100,151,101003,151,100084,151,101075,100,100083,36,,,100030,100,,,99978,100,,,99958,100,,,99835,100
2019-06-28 10:03:10.000000000,100767,227,100397,227,100838,227,100376,227,100874,100,100310,100,100919,100,100100,100,101003,100,100084,100,101075,100,100083,36,,,100030,100,,,99978,100,,,99958,100,,,99835,100
2019-06-28 10:03:17.982871090,100767,227,100397,127,100838,227,100376,227,100874,100,100310,100,101003,100,100100,100,101075,100,100084,100,,,100083,36,,,100030,100,,,99978,100,,,99958,100,,,99835,100
2019-06-28 10:03:18.951264994,100767,227,100397,27,100838,227,100376,227,100874,100,100310,100,101075,100,100100,100,,,100084,100,,,100083,36,,,100030,100,,,99978,100,,,99958,100,,,99835,100
2019-06-28 10:03:20.000000000,100767,227,100376,227,100838,227,100310,227,100874,100,100100,100,101075,100,100084,100,,,100083,36,,,100030,100,,,99978,100,,,99958,100,,,99835,100,,,99764,100
2019-06-28 10:03:29.968939778,100471,100,100376,227,100767,227,100310,227,100838,227,100100,100,100874,100,100084,100,101075,100,100083,36,,,100030,100,,,99978,100,,,99958,100,,,99764,100,,,99650,100
2019-06-28 10:03:30.000000000,100471,227,100376,227,100767,227,100310,227,100838,100,100100,100,100874,100,100084,100,101075,100,100083,36,,,100030,100,,,99978,100,,,99958,100,,,99764,100,,,99650,100
2019-06-28 10:03:40.000000000,100471,354,100376,354,100767,100,100310,100,100838,100,100100,100,100874,100,100084,100,101075,100,100083,36,,,100030,100,,,99978,100,,,99958,100,,,99764,100,,,99650,100
2019-06-28 10:03:44.471755846,100471,354,100376,354,100767,100,100310,100,100838,100,100232,100,100874,100,100100,100,101075,100,100084,100,,,100083,36,,,100030,100,,,99978,100,,,99958,100,,,99764,100
2019-06-28 10:03:50.000000000,100471,151,100376,151,100767,151,100310,151,100838,151,100232,151,100874,151,100100,151,101075,151,100084,151,,,100083,36,,,100030,100,,,99978,100,,,99958,100,,,99764,100
2019-06-28 10:04:00.000000000,100471,186,100376,186,100767,184,100310,184,100838,184,100232,184,100874,100,100100,100,101075,100,100084,100,,,100083,36,,,100030,100,,,99978,100,,,99958,100,,,99764,100
2019-06-28 10:04:10.000000000,100471,354,100376,354,100767,100,100310,100,100838,100,100232,100,100874,100,100100,100,101075,100,100084,100,,,100083,36,,,100030,100,,,99978,100,,,99958,100,,,99764,100
2019-06-28 10:04:20.000000000,100471,164,100376,164,100767,164,100310,164,100838,164,100232,164,100874,164,100100,164,101075,100,100084,100,,,100083,36,,,100030,100,,,99978,100,,,99958,100,,,99764,100
2019-06-28 10:04:30.000000000,100471,227,100376,227,100767,227,100310,227,100838,100,100232,100,100874,100,100100,100,101075,100,100084,100,,,100083,36,,,100030,100,,,99978,100,,,99958,100,,,99764,100
2019-06-28 10:04:40.000000000,100471,186,100376,186,100767,184,100310,184,100838,184,100232,184,100874,100,100100,100,101075,100,100084,100,,,100083,36,,,100030,100,,,99978,100,,,99958,100,,,99764,100
2019-06-28 10:04:50.000000000,100471,164,100376,164,100767,164,100310,164,100838,164,100232,164,100874,164,100100,164,101075,100,100084,100,,,100083,36,,,100030,100,,,99978,100,,,99958,100,,,99764,100
2019-06-28 10:05:00.000000000,100471,227,100376,227,100767,227,100310,227,100838,100,100232,100,100874,100,100100,100,101075,100,100084,100,,,100083,36,,,100030,100,,,99978,100,,,99958,100,,,99764,100
2019-06-28 10:05:10.000000000,100471,227,100376,227,100767,227,100310,227,100838,100,100232,100,100874,100,100100,100,101075,100,100084,100,,,100083,36,,,100030,100,,,99978,100,,,99958,100,,,99764,100
2019-06-28 10:05:20.000000000,100471,227,100376,227,100767,227,100310,227,100838,100,100232,100,100874,100,100100,100,101075,100,100084,100,,,100083,36,,,100030,100,,,99978,100,,,99958,100,,,99764,100
2019-06-28 10:05:22.552011468,100471,227,100376,127,100767,227,100310,227,100838,100,100232,100,100874,100,100100,100,101075,100,100084,100,,,100083,36,,,100030,100,,,99978,100,,,99958,100,,,99764,100
2019-06-28 10:05:30.000000000,100471,354,100310,354,100767,100,100232,100,100838,100,100100,100,100874,100,100084,100,101075,100,100083,36,,,100030,100,,,99978,100,,,99958,100,,,99764,100,,,99650,100
2019-06-28 10:05:34.874679929,100397,100,100310,354,100471,354,100232,100,100767,100,100084,100,100838,100,100083,36,100874,100,100030,100,101075,100,99978,100,,,99958,100,,,99764,100,,,99650,100,,,,
2019-06-28 10:05:40.000000000,100397,151,100310,151,100471,151,100232,151,100767,151,100084,151,100838,151,100083,87,100874,151,100030,151,101075,100,99978,100,,,99958,100,,,99764,100,,,99650,100,,,,
2019-06-28 10:05:41.750867759,100397,251,100310,151,100471,151,100232,151,100767,151,100084,151,100838,151,100083,87,100874,151,100030,151,101075,100,99978,100,,,99958,100,,,99764,100,,,99650,100,,,,
2019-06-28 10:05:50.000000000,100397,286,100310,186,100471,184,100232,184,100767,184,100084,184,100838,100,100083,36,100874,100,100030,100,101075,100,99978,100,,,99958,100,,,99764,100,,,99650,100,,,,
2019-06-28 10:06:00.000000000,100397,264,100310,164,100471,164,100232,164,100767,164,100084,164,100838,164,100083,100,100874,100,100030,100,101075,100,99978,100,,,99958,100,,,99764,100,,,99650,100,,,,
2019-06-28 10:06:10.000000000,100397,286,100310,186,100471,184,100232,184,100767,184,100084,184,100838,100,100083,36,100874,100,100030,100,101075,100,99978,100,,,99958,100,,,99764,100,,,99650,100,,,,
2019-06-28 10:06:13.791320311,100397,286,100310,86,100471,184,100232,184,100767,184,100084,184,100838,100,100083,36,100874,100,100030,100,101075,100,99978,100,,,99958,100,,,99764,100,,,99650,100,,,,
2019-06-28 10:06:15.174581396,100376,100,100310,86,100397,286,100232,184,100471,184,100084,184,100767,184,100083,36,100838,100,100030,100,100874,100,99978,100,101075,100,99958,100,,,99764,100,,,99650,100,,,,
2019-06-28 10:06:20.000000000,100376,151,100232,151,100397,251,100084,151,100471,151,100083,87,100767,151,100030,151,100838,151,99978,151,100874,100,99958,100,101075,100,99764,100,,,99650,100,,,,,,,,
2019-06-28 10:06:23.501345065,100376,151,100232,151,100397,251,100084,151,100471,151,100083,87,100767,151,100030,151,100838,151,99978,151,100874,100,99958,100,101075,100,99766,100,,,99764,100,,,99650,100,,,,
2019-06-28 10:06:30.000000000,100376,354,100232,354,100397,200,100084,100,100471,100,100083,36,100767,100,100030,100,100838,100,99978,100,100874,100,99958,100,101075,100,99766,100,,,99764,100,,,99650,100,,,,
2019-06-28 10:06:40.000000000,100376,151,100232,151,100397,251,100084,151,100471,151,100083,87,100767,151,100030,151,100838,151,99978,151,100874,100,99958,100,101075,100,99766,100,,,99764,100,,,99650,100,,,,
2019-06-28 10:06:44.809179647,100376,151,100232,151,100397,251,100084,151,100471,151,100083,87,100767,151,100030,151,100838,151,99978,151,101075,100,99958,100,,,99953,100,,,99766,100,,,99764,100,,,99650,100
2019-06-28 10:06:50.000000000,100376,227,100232,227,100397,327,100084,227,100471,100,100083,36,100767,100,100030,100,100838,100,99978,100,101075,100,99958,100,,,99953,100,,,99766,100,,,99764,100,,,99650,100
2019-06-28 10:06:53.418542953,100376,327,100232,227,100397,327,100084,227,100471,100,100083,36,100767,100,100030,100,100838,100,99978,100,101075,100,99958,100,,,99953,100,,,99766,100,,,99764,100,,,99650,100
2019-06-28 10:07:00.000000000,100376,251,100232,151,100397,251,100084,151,100471,151,100083,87,100767,151,100030,151,100838,151,99978,151,101075,100,99958,100,,,99953,100,,,99766,100,,,99764,100,,,99650,100
2019-06-28 10:07:07.674115060,100376,251,100232,151,100397,251,100084,151,100471,151,100083,87,100767,151,100030,151,100838,151,99978,151,101075,100,99958,100,,,99953,100,,,99766,100,,,99764,100,,,99650,100
2019-06-28 10:07:10.000000000,100376,286,100232,186,100397,284,100084,184,100471,184,100083,120,100767,100,100030,100,100838,100,99978,100,101075,100,99958,100,,,99953,100,,,99766,100,,,99764,100,,,99650,100
2019-06-28 10:07:17.882034194,100376,286,100232,86,100397,284,100084,184,100471,184,100083,120,100767,100,100030,100,100838,100,99978,100,101075,100,99958,100,,,99953,100,,,99766,100,,,99764,100,,,99650,100
2019-06-28 10:07:18.361957951,100376,286,100232,86,100397,284,100084,184,100471,184,100083,120,100767,100,100030,100,100838,100,99978,100,101075,100,99958,100,,,99953,100,,,99766,100,,,99764,100,,,99650,100
2019-06-28 10:07:18.390203765,100232,14,100084,184,100376,286,100083,120,100397,284,100030,100,100471,184,99978,100,100767,100,99958,100,100838,100,99953,100,101075,100,99766,100,,,99764,100,,,99650,100,,,99565,100
2019-06-28 10:07:20.000000000,100232,78,100084,164,100376,264,100083,100,100397,264,100030,164,100471,164,99978,164,100767,100,99958,100,100838,100,99953,100,101075,100,99766,100,,,99764,100,,,99650,100,,,99565,100
2019-06-28 10:07:30.000000000,100232,65,100084,151,100376,251,100083,87,100397,251,100030,151,100471,151,99978,151,100767,151,99958,151,100838,100,99953,100,101075,100,99766,100,,,99764,100,,,99650,100,,,99565,100
2019-06-28 10:07:40.000000000,100232,268,100084,354,100376,200,100083,36,100397,200,100030,100,100471,100,99978,100,100767,100,99958,100,100838,100,99953,100,101075,100,99766,100,,,99764,100,,,99650,100,,,99565,100
2019-06-28 10:07:47.819906634,100232,268,100084,354,100376,200,100083,36,100397,200,100030,100,100471,100,99978,100,100767,100,99958,100,100838,100,99953,100,101075,100,99766,100,,,99764,100,,,99650,100,,,99593,100
2019-06-28 10:07:50.000000000,100232,100,100084,186,100376,284,100083,120,100397,284,100030,184,100471,100,99978,100,100767,100,99958,100,100838,100,99953,100,101075,100,99766,100,,,99764,100,,,99650,100,,,99593,100
2019-06-28 10:07:52.744915914,100232,200,100084,186,100376,284,100083,120,100397,284,100030,184,100471,100,99978,100,100767,100,99958,100,100838,100,99953,100,101075,100,99766,100,,,99764,100,,,99650,100,,,99593,100
2019-06-28 10:07:57.459636027,100232,200,100084,86,100376,284,100083,120,100397,284,100030,184,100471,100,99978,100,100767,100,99958,100,100838,100,99953,100,101075,100,99766,100,,,99764,100,,,99650,100,,,99593,100
2019-06-28 10:08:00.000000000,100232,241,100083,163,100376,327,100030,227,100397,200,99978,100,100471,100,99958,100,100767,100,99953,100,100838,100,99766,100,101075,100,99764,100,,,99650,100,,,99593,100,,,99565,100
2019-06-28 10:08:10.000000000,100232,165,100083,87,100376,251,100030,151,100397,251,99978,151,100471,151,99958,151,100767,151,99953,151,100838,100,99766,100,101075,100,99764,100,,,99650,100,,,99593,100,,,99565,100
2019-06-28 10:08:20.000000000,100232,178,100083,100,100376,264,100030,164,100397,264,99978,164,100471,164,99958,164,100767,100,99953,100,100838,100,99766,100,101075,100,99764,100,,,99650,100,,,99593,100,,,99565,100
2019-06-28 10:08:22.379306778,100232,178,100083,100,100376,264,100030,164,100397,264,99978,164,100471,164,99958,164,100767,100,99953,100,100838,100,99798,100,101075,100,99766,100,,,99764,100,,,99650,100,,,99593,100
2019-06-28 10:08:24.994198956,100232,178,100083,100,100376,264,100030,164,100397,264,99978,164,100471,164,99958,164,100767,100,99953,100,100838,100,99891,100,101075,100,99798,100,,,99766,100,,,99764,100,,,99650,100
2019-06-28 10:08:25.749669269,100232,178,100083,100,100376,264,100030,164,100397,264,99978,164,100471,164,99958,164,100767,100,99953,100,101075,100,99891,100,,,99798,100,,,99766,100,,,99764,100,,,99650,100
2019-06-28 10:08:29.703455008,100232,178,100030,164,100376,264,99978,164,100397,264,99958,164,100471,164,99953,100,100767,100,99891,100,101075,100,99798,100,,,99766,100,,,99764,100,,,99650,100,,,99616,100
2019-06-28 10:08:30.000000000,100232,368,100030,354,100376,200,99978,100,100397,200,99958,100,100471,100,99953,100,100767,100,99891,100,101075,100,99798,100,,,99766,100,,,99764,100,,,99650,100,,,99616,100
2019-06-28 10:08:40.000000000,100232,368,100030,354,100376,200,99978,100,100397,200,99958,100,100471,100,99953,100,100767,100,99891,100,101075,100,99798,100,,,99766,100,,,99764,100,,,99650,100,,,99616,100
2019-06-28 10:08:50.000000000,100232,165,100030,151,100376,251,99978,151,100397,251,99958,151,100471,151,99953,151,100767,151,99891,151,101075,100,99798,100,,,99766,100,,,99764,100,,,99650,100,,,99616,100
2019-06-28 10:09:00.000000000,100232,200,100030,186,100376,284,99978,184,100397,284,99958,184,100471,100,99953,100,100767,100,99891,100,101075,100,99798,100,,,99766,100,,,99764,100,,,99650,100,,,99616,100
2019-06-28 10:09:10.000000000,100232,368,100030,354,100376,200,99978,100,100397,200,99958,100,100471,100,99953,100,100767,100,99891,100,101075,100,99798,100,,,99766,100,,,99764,100,,,99650,100,,,99616,100
2019-06-28 10:09:20.000000000,100232,241,100030,227,100376,327,99978,227,100397,200,99958,100,100471,100,99953,100,100767,100,99891,100,101075,100,99798,100,,,99766,100,,,99764,100,,,99650,100,,,99616,100
2019-06-28 10:09:30.000000000,100232,200,100030,186,100376,284,99978,184,100397,284,99958,184,100471,100,99953,100,100767,100,99891,100,101075,100,99798,100,,,99766,100,,,99764,100,,,99650,100,,,99616,100
2019-06-28 10:09:40.000000000,100232,200,100030,186,100376,284,99978,184,100397,284,99958,184,100471,100,99953,100,100767,100,99891,100,101075,100,99798,100,,,99766,100,,,99764,100,,,99650,100,,,99616,100
2019-06-28 10:09:50.000000000,100232,368,100030,354,100376,200,99978,100,100397,200,99958,100,100471,100,99953,100,100767,100,99891,100,101075,100,99798,100,,,99766,100,,,99764,100,,,99650,100,,,99616,100
