,ask_price_1,ask_size_1,bid_price_1,bid_size_1,ask_price_2,ask_size_2,bid_price_2,bid_size_2,ask_price_3,ask_size_3,bid_price_3,bid_size_3,ask_price_4,ask_size_4,bid_price_4,bid_size_4,ask_price_5,ask_size_5,bid_price_5,bid_size_5,ask_price_6,ask_size_6,bid_price_6,bid_size_6,ask_price_7,ask_size_7,bid_price_7,bid_size_7,ask_price_8,ask_size_8,bid_price_8,bid_size_8,ask_price_9,ask_size_9,bid_price_9,bid_size_9,ask_price_10,ask_size_10,bid_price_10,bid_size_10
2019-06-28 09:30:00.000000000,100136,100,,,,,,,,,,,,,,,,,,,,,,,,,,,,,,,,,,,,,,
2019-06-28 09:30:00.000000003,100136,100,99978,100,,,,,,,,,,,,,,,,,,,,,,,,,,,,,,,,,,,,
2019-06-28 09:30:00.000000007,100042,100,99978,100,100136,100,,,,,,,,,,,,,,,,,,,,,,,,,,,,,,,,,,
2019-06-28 09:30:00.000000008,100042,100,99978,100,100048,100,99926,100,100086,100,,,100136,100,,,,,,,,,,,,,,,,,,,,,,,,,,
2019-06-28 09:30:00.000000009,100042,100,99926,100,100048,100,,,100086,100,,,100136,100,,,,,,,,,,,,,,,,,,,,,,,,,,
2019-06-28 09:30:00.000000011,100042,100,99926,100,100048,100,99911,100,100050,100,,,100086,100,,,100136,100,,,,,,,,,,,,,,,,,,,,,,
2019-06-28 09:30:00.000000014,100015,100,99966,100,100042,100,99926,100,100048,100,99911,100,100050,100,,,100086,100,,,100136,100,,,,,,,,,,,,,,,,,,
2019-06-28 09:30:00.000000015,100042,100,99926,100,100048,100,99911,100,100050,100,,,100086,100,,,100136,100,,,,,,,,,,,,,,,,,,,,,,
2019-06-28 09:30:00.000000017,100042,100,99926,100,100048,100,99911,100,100050,100,99904,100,100086,100,,,100136,100,,,,,,,,,,,,,,,,,,,,,,
2019-06-28 09:30:00.000000018,100042,100,99926,100,100048,100,99911,100,100050,100,99904,100,100058,100,,,100061,100,,,100086,100,,,100136,100,,,,,,,,,,,,,,
2019-06-28 09:30:00.000000020,100042,100,99954,100,100048,100,99926,100,100050,100,99911,100,100058,100,99904,100,100061,100,,,100086,100,,,100136,100,,,,,,,,,,,,,,
2019-06-28 09:30:00.000000021,100042,100,99954,100,100048,100,99926,100,100050,100,99911,100,100058,100,99904,100,100061,100,99898,100,100086,100,,,100136,100,,,,,,,,,,,,,,
2019-06-28 09:30:00.000000023,100015,100,99954,100,100042,100,99926,100,100048,100,99911,100,100050,100,99904,100,100058,100,99898,100,100061,100,,,100086,100,,,100136,100,,,,,,,,,,
2019-06-28 09:30:00.000000024,100015,200,99954,100,100042,100,99926,100,100048,100,99911,100,100050,100,99904,100,100058,100,99898,100,100061,100,,,100086,100,,,100136,100,,,,,,,,,,
2019-06-28 09:30:00.000000027,100015,200,99954,100,100042,100,99926,100,100048,100,99911,100,100050,100,99904,100,100058,100,99898,100,100061,100,,,100086,100,,,100091,100,,,100136,100,,,,,,
2019-06-28 09:30:00.000000029,100015,300,99954,100,100042,100,99926,100,100048,100,99911,100,100050,100,99904,100,100058,100,99898,100,100061,100,,,100086,100,,,100091,100,,,100136,100,,,,,,
2019-06-28 09:30:00.000000031,100015,300,99954,100,100042,100,99926,100,100048,100,99911,100,100050,100,99904,100,100053,100,99898,100,100058,100,,,100061,100,,,100086,100,,,100091,100,,,100136,100,,
2019-06-28 09:30:00.000000032,100015,300,99962,100,100042,100,99954,100,100048,100,99926,100,100050,100,99911,100,100053,100,99904,100,100058,100,99898,100,100061,100,,,100086,100,,,100091,100,,,100136,100,,
2019-06-28 09:30:00.000000033,100015,400,99962,100,100042,100,99954,100,100048,100,99926,100,100050,100,99911,100,100053,100,99904,100,100058,100,99899,100,100061,100,99898,100,100086,100,,,100091,100,,,100096,100,,
2019-06-28 09:30:00.000000034,100015,400,99962,100,100027,100,99957,100,100042,100,99954,100,100048,100,99926,100,100050,100,99911,100,100053,100,99904,100,100058,100,99899,100,100061,100,99898,200,100086,100,,,100091,100,,
2019-06-28 09:30:00.000000035,100015,500,99962,100,100027,100,99957,100,100042,100,99954,100,100048,100,99926,100,100050,100,99911,100,100053,100,99904,100,100058,100,99899,100,100061,100,99898,200,100086,100,99879,100,100091,100,,
2019-06-28 09:30:00.000000041,100015,500,99962,100,100027,100,99957,100,100042,100,99954,100,100048,100,99926,100,100050,100,99911,100,100053,100,99904,100,100058,100,99899,100,100061,100,99898,200,100086,100,99879,100,100091,100,,
2019-06-28 09:30:00.000000042,100015,500,99962,100,100027,100,99957,100,100042,100,99954,100,100048,100,99926,100,100050,100,99911,100,100053,100,99904,100,100058,100,99899,100,100061,100,99898,200,100074,100,99879,100,100086,100,,
2019-06-28 09:30:00.000000044,100015,500,99962,100,100027,100,99957,100,100042,100,99954,100,100048,100,99926,100,100050,100,99911,100,100053,100,99904,100,100058,100,99899,100,100061,100,99898,200,100074,100,99879,100,100081,100,,
2019-06-28 09:30:00.000000049,100014,100,99962,100,100015,400,99957,100,100027,100,99954,100,100042,100,99926,100,100048,100,99911,100,100050,100,99904,100,100053,100,99899,100,100058,100,99898,200,100061,100,99879,100,100074,100,99793,100
2019-06-28 09:30:00.000000052,100014,100,99962,100,100015,400,99957,100,100027,100,99954,100,100042,100,99926,100,100048,100,99911,100,100050,100,99904,100,100053,100,99899,100,100058,100,99898,200,100061,200,99879,100,100074,100,99793,100
2019-06-28 09:30:00.000000053,100014,100,99962,100,100015,400,99957,100,100018,100,99954,100,100027,100,99926,100,100042,100,99911,100,100048,100,99904,100,100050,100,99899,100,100053,100,99898,200,100058,100,99879,100,100061,200,99793,100
2019-06-28 09:30:00.000000054,100014,200,99962,100,100015,400,99957,100,100018,100,99954,100,100027,100,99926,100,100042,100,99911,100,100048,100,99904,100,100050,100,99899,100,100053,100,99898,200,100058,100,99879,100,100061,200,99793,100
2019-06-28 09:30:00.000000055,100014,200,99962,100,100015,400,99957,100,100018,100,99954,100,100027,100,99926,100,100042,100,99911,100,100048,100,99904,100,100050,100,99899,100,100053,100,99898,200,100058,100,99879,100,100061,200,99793,100
2019-06-28 09:30:00.000000056,100014,200,99962,100,100015,400,99957,100,100018,100,99954,100,100027,100,99933,100,100042,100,99926,100,100048,100,99911,100,100050,100,99904,100,100053,100,99899,100,100058,100,99898,200,100061,200,99879,100
2019-06-28 09:30:00.000000057,100014,200,99962,100,100015,400,99957,100,100018,100,99954,100,100027,100,99947,100,100042,100,99933,100,100048,100,99926,100,100050,100,99911,100,100053,100,99904,100,100058,100,99899,100,100061,200,99898,200
2019-06-28 09:30:00.000000070,100014,200,99962,100,100015,400,99957,100,100018,100,99954,100,100027,100,99947,100,100042,100,99933,100,100048,100,99926,100,100050,100,99911,100,100053,100,99904,100,100058,100,99899,100,100061,200,99898,200
2019-06-28 09:30:00.000000071,100014,300,99962,100,100015,400,99957,100,100018,100,99954,100,100027,100,99947,100,100042,100,99933,100,100048,100,99926,100,100050,100,99911,100,100053,100,99904,100,100058,100,99899,100,100061,200,99898,200
2019-06-28 09:30:00.000000072,100014,400,99962,100,100015,400,99957,100,100018,100,99954,100,100027,100,99947,100,100042,100,99933,100,100048,100,99926,100,100050,100,99911,100,100053,100,99904,100,100058,100,99899,100,100061,200,99898,200
2019-06-28 09:30:00.000000073,100014,400,99996,100,100015,400,99962,100,100018,100,99957,100,100027,100,99954,100,100042,100,99947,100,100048,100,99933,100,100050,100,99926,100,100053,100,99911,100,100058,100,99904,100,100061,200,99899,100
2019-06-28 09:30:00.000000077,100014,500,99996,100,100015,400,99962,100,100018,100,99957,100,100027,100,99954,100,100042,100,99947,100,100048,100,99933,100,100050,100,99926,100,100053,100,99911,100,100058,100,99904,100,100061,200,99899,100
2019-06-28 09:30:00.000000078,100014,500,99996,100,100015,400,99962,100,100018,100,99957,100,100027,100,99954,100,100042,100,99947,100,100048,100,99933,100,100050,100,99926,100,100053,100,99911,100,100058,100,99904,100,100061,200,99899,100
2019-06-28 09:30:00.000000080,100013,100,99962,100,100014,500,99957,100,100015,400,99954,100,100018,100,99947,100,100027,100,99933,100,100042,100,99926,100,100048,100,99911,100,100050,100,99904,100,100053,100,99899,100,100058,100,99898,200
2019-06-28 09:30:00.000000081,99998,100,99962,100,100013,100,99957,100,100014,500,99954,100,100015,400,99947,100,100018,100,99933,100,100027,100,99926,100,100042,100,99911,100,100048,100,99904,100,100050,100,99899,100,100053,100,99898,200
2019-06-28 09:30:00.000000082,99972,100,99962,100,99998,100,99957,100,100013,100,99954,100,100014,500,99947,100,100015,400,99933,100,100018,100,99926,100,100027,100,99911,100,100042,100,99904,100,100048,100,99899,100,100050,100,99898,200
2019-06-28 09:30:00.000000091,99972,100,99962,100,99998,100,99957,100,100013,100,99954,100,100014,500,99947,100,100015,400,99933,100,100018,100,99926,100,100027,100,99911,100,100042,100,99904,100,100048,100,99899,100,100050,100,99898,200
2019-06-28 09:30:00.000000093,99972,100,99962,100,99998,100,99957,100,100013,100,99954,100,100014,500,99947,100,100015,400,99933,100,100018,100,99926,100,100027,100,99911,100,100042,100,99904,100,100048,100,99899,100,100050,100,99898,200
2019-06-28 09:30:00.000000094,99972,100,99962,100,99998,100,99957,100,100013,200,99954,100,100014,500,99947,100,100015,400,99933,100,100018,100,99926,100,100027,100,99911,100,100042,100,99904,100,100048,100,99899,100,100050,100,99898,200
2019-06-28 09:30:00.000000095,99972,100,99962,100,99998,100,99957,100,100013,200,99954,100,100014,500,99947,100,100015,400,99933,100,100018,100,99926,100,100027,100,99911,100,100028,100,99904,100,100042,100,99899,100,100048,100,99898,200
2019-06-28 09:30:00.000000096,99972,100,99962,100,99998,100,99957,100,100013,200,99954,100,100014,500,99947,100,100015,400,99933,100,100018,100,99926,100,100027,100,99911,100,100028,100,99904,100,100042,100,99899,100,100048,100,99898,200
2019-06-28 09:30:00.000000098,99972,100,99962,100,99998,100,99957,100,100013,200,99954,100,100014,500,99947,100,100015,400,99933,100,100018,100,99926,100,100027,100,99911,100,100028,100,99904,100,100042,100,99899,100,100048,100,99898,200
2019-06-28 09:30:00.000000099,99998,100,99962,100,100013,200,99957,100,100014,500,99954,100,100015,400,99947,100,100018,100,99933,100,100027,100,99926,100,100028,100,99911,100,100042,100,99904,100,100048,100,99899,200,100050,100,99898,200
2019-06-28 09:30:03.609429152,99998,100,99957,100,100013,200,99954,100,100014,500,99947,100,100015,400,99933,100,100018,100,99926,100,100027,100,99911,100,100028,100,99904,100,100042,100,99899,200,100048,100,99898,200,100050,100,99879,100
2019-06-28 09:30:10.000000000,99998,241,99957,241,100013,337,99954,237,100014,637,99947,237,100015,400,99933,100,100018,100,99926,100,100027,100,99911,100,100028,100,99904,100,100042,100,99899,200,100048,100,99898,200,100050,100,99879,100
2019-06-28 09:30:20.000000000,99998,308,99957,308,100013,408,99954,308,100014,500,99947,100,100015,400,99933,100,100018,100,99926,100,100027,100,99911,100,100028,100,99904,100,100042,100,99899,200,100048,100,99898,200,100050,100,99879,100
2019-06-28 09:30:30.000000000,99998,204,99957,204,100013,304,99954,204,100014,604,99947,204,100015,504,99933,204,100018,100,99926,100,100027,100,99911,100,100028,100,99904,100,100042,100,99899,200,100048,100,99898,200,100050,100,99879,100
2019-06-28 09:30:40.000000000,99998,183,99957,183,100013,283,99954,183,100014,583,99947,183,100015,483,99933,183,100018,183,99926,183,100027,100,99911,100,100028,100,99904,100,100042,100,99899,200,100048,100,99898,200,100050,100,99879,100
2019-06-28 09:30:41.507365831,99998,183,99977,100,100013,283,99957,183,100014,583,99954,183,100015,483,99947,183,100018,183,99933,183,100027,100,99926,183,100028,100,99911,100,100042,100,99904,100,100048,100,99899,200,100050,100,99898,200
2019-06-28 09:30:50.000000000,99998,308,99977,308,100013,408,99957,308,100014,500,99954,100,100015,400,99947,100,100018,100,99933,100,100027,100,99926,100,100028,100,99911,100,100042,100,99904,100,100048,100,99899,200,100050,100,99898,200
2019-06-28 09:31:00.000000000,99998,308,99977,308,100013,408,99957,308,100014,500,99954,100,100015,400,99947,100,100018,100,99933,100,100027,100,99926,100,100028,100,99911,100,100042,100,99904,100,100048,100,99899,200,100050,100,99898,200
2019-06-28 09:31:10.000000000,99998,183,99977,183,100013,283,99957,183,100014,583,99954,183,100015,483,99947,183,100018,183,99933,183,100027,100,99926,100,100028,100,99911,100,100042,100,99904,100,100048,100,99899,200,100050,100,99898,200
2019-06-28 09:31:11.781019110,99998,183,99977,183,100013,283,99957,183,100014,583,99954,183,100015,483,99947,183,100018,183,99933,183,100027,100,99911,100,100028,100,99904,100,100042,100,99899,200,100048,100,99898,200,100050,100,99879,100
2019-06-28 09:31:15.841340406,99998,183,99977,183,100013,283,99962,100,100014,483,99957,183,100015,483,99954,183,100018,183,99947,183,100027,100,99933,183,100028,100,99911,100,100042,100,99904,100,100048,100,99899,200,100050,100,99898,200
2019-06-28 09:31:20.000000000,99998,308,99977,308,100013,408,99962,308,100014,400,99957,100,100015,400,99954,100,100018,100,99947,100,100027,100,99933,100,100028,100,99911,100,100042,100,99904,100,100048,100,99899,200,100050,100,99898,200
2019-06-28 09:31:30.000000000,99998,204,99977,204,100013,304,99962,204,100014,504,99957,204,100015,504,99954,204,100018,100,99947,100,100027,100,99933,100,100028,100,99911,100,100042,100,99904,100,100048,100,99899,200,100050,100,99898,200
2019-06-28 09:31:30.997747079,99998,104,99977,204,100013,304,99962,204,100014,504,99957,204,100015,504,99954,204,100018,100,99947,100,100027,100,99933,100,100028,100,99911,100,100042,100,99904,100,100048,100,99899,200,100050,100,99898,200
2019-06-28 09:31:33.435885038,99998,4,99977,204,100013,304,99962,204,100014,504,99957,204,100015,504,99954,204,100018,100,99947,100,100027,100,99933,100,100042,100,99911,100,100048,100,99904,100,100050,100,99899,200,100051,100,99898,200
2019-06-28 09:31:35.704216753,100013,304,99998,96,100014,504,99977,104,100015,504,99962,204,100018,100,99957,204,100027,100,99954,204,100042,100,99947,100,100048,100,99933,100,100050,100,99911,100,100051,100,99904,100,100053,100,99899,200
2019-06-28 09:31:38.886862227,100013,304,99998,96,100014,504,99977,104,100015,504,99962,204,100018,100,99957,204,100027,100,99954,204,100042,100,99947,100,100048,100,99933,100,100050,100,99911,100,100051,100,99904,100,100053,100,99899,200
2019-06-28 09:31:40.000000000,100013,341,99998,237,100014,537,99962,237,100015,537,99957,237,100018,100,99954,100,100027,100,99947,100,100042,100,99933,100,100048,100,99911,100,100050,100,99904,100,100051,100,99899,200,100053,100,99898,200
2019-06-28 09:31:50.000000000,100013,341,99998,237,100014,537,99962,237,100015,537,99957,237,100018,100,99954,100,100027,100,99947,100,100042,100,99933,100,100048,100,99911,100,100050,100,99904,100,100051,100,99899,200,100053,100,99898,200
2019-06-28 09:32:00.000000000,100013,341,99998,237,100014,537,99962,237,100015,537,99957,237,100018,100,99954,100,100027,100,99947,100,100042,100,99933,100,100048,100,99911,100,100050,100,99904,100,100051,100,99899,200,100053,100,99898,200
2019-06-28 09:32:10.000000000,100013,408,99998,304,100014,608,99962,308,100015,400,99957,100,100018,100,99954,100,100027,100,99947,100,100042,100,99933,100,100048,100,99911,100,100050,100,99904,100,100051,100,99899,200,100053,100,99898,200
2019-06-28 09:32:16.911567230,100013,408,99998,404,100014,608,99962,308,100015,300,99957,100,100018,100,99954,100,100027,100,99947,100,100042,100,99933,100,100048,100,99911,100,100050,100,99904,100,100051,100,99899,200,100053,100,99898,200
2019-06-28 09:32:20.000000000,100013,616,99998,612,100014,400,99962,100,100015,300,99957,100,100018,100,99954,100,100027,100,99947,100,100042,100,99933,100,100048,100,99911,100,100050,100,99904,100,100051,100,99899,200,100053,100,99898,200
2019-06-28 09:32:24.495929973,100013,516,99998,612,100014,400,99962,100,100015,300,99957,100,100018,100,99954,100,100027,100,99947,100,100042,100,99933,100,100048,100,99911,100,100050,100,99904,100,100051,100,99899,200,100053,100,99898,200
2019-06-28 09:32:29.882544254,100013,416,99998,612,100014,400,99962,100,100015,300,99957,100,100018,100,99954,100,100027,100,99947,100,100048,100,99933,100,100050,100,99911,100,100051,100,99904,100,100053,100,99899,200,100058,100,99898,200
2019-06-28 09:32:30.000000000,100014,504,99998,300,100015,404,99962,204,100018,204,99957,204,100027,204,99954,204,100048,100,99947,100,100050,100,99933,100,100051,100,99911,100,100053,100,99904,100,100058,100,99899,200,100061,200,99898,200
2019-06-28 09:32:40.000000000,100014,541,99998,337,100015,437,99962,237,100018,237,99957,237,100027,100,99954,100,100048,100,99947,100,100050,100,99933,100,100051,100,99911,100,100053,100,99904,100,100058,100,99899,200,100061,200,99898,200
2019-06-28 09:32:50.000000000,100014,483,99998,279,100015,383,99962,183,100018,183,99957,183,100027,183,99954,183,100048,183,99947,183,100050,100,99933,100,100051,100,99911,100,100053,100,99904,100,100058,100,99899,200,100061,200,99898,200
2019-06-28 09:32:54.553745140,100014,483,99998,279,100015,383,99962,183,100018,183,99957,183,100027,183,99954,183,100048,183,99947,183,100050,100,99933,100,100051,100,99911,100,100053,100,99904,100,100058,100,99899,200,100061,200,99898,200
2019-06-28 09:33:00.000000000,100014,608,99998,404,100015,508,99962,308,100018,100,99957,100,100027,100,99954,100,100048,100,99947,100,100050,100,99933,100,100051,100,99911,100,100053,100,99904,100,100058,100,99899,200,100061,200,99898,200
2019-06-28 09:33:10.000000000,100014,504,99998,300,100015,404,99962,204,100018,204,99957,204,100027,204,99954,204,100048,100,99947,100,100050,100,99933,100,100051,100,99911,100,100053,100,99904,100,100058,100,99899,200,100061,200,99898,200
2019-06-28 09:33:14.257354404,100014,404,99998,300,100015,404,99962,204,100018,204,99957,204,100027,204,99954,204,100048,100,99947,100,100050,100,99911,100,100051,100,99904,100,100053,100,99899,200,100058,100,99898,200,100061,200,99879,100
2019-06-28 09:33:18.058824980,100014,304,99998,300,100015,404,99962,204,100018,204,99957,204,100027,204,99954,204,100048,100,99947,100,100050,100,99911,100,100053,100,99904,100,100058,100,99899,200,100061,200,99898,200,100073,200,99879,100
2019-06-28 09:33:19.990652906,100014,204,99998,300,100015,404,99962,204,100018,204,99957,204,100027,204,99954,204,100048,100,99947,100,100050,100,99911,100,100058,100,99904,100,100061,200,99899,200,100073,200,99898,200,100085,100,99879,100
2019-06-28 09:33:20.000000000,100014,516,99998,612,100015,300,99962,100,100018,100,99957,100,100027,100,99954,100,100048,100,99947,100,100050,100,99911,100,100058,100,99904,100,100061,200,99899,200,100073,200,99898,200,100085,100,99879,100
2019-06-28 09:33:23.385759184,100014,416,99998,612,100015,300,99962,100,100018,100,99957,100,100027,100,99954,100,100048,100,99947,100,100050,100,99911,100,100058,100,99904,100,100061,200,99899,200,100073,200,99898,200,100085,100,99879,100
2019-06-28 09:33:30.000000000,100015,383,99998,279,100018,183,99962,183,100027,183,99957,183,100048,183,99954,183,100050,183,99947,183,100058,100,99911,100,100061,200,99904,100,100073,200,99899,200,100085,100,99898,200,100086,100,99879,100
2019-06-28 09:33:30.777087141,100015,383,99998,279,100018,183,99962,183,100027,183,99957,183,100048,183,99954,183,100050,183,99947,183,100058,100,99911,100,100061,200,99904,100,100073,100,99899,200,100085,100,99898,200,100086,100,99879,100
2019-06-28 09:33:34.706727238,100015,283,99998,279,100018,183,99962,183,100027,183,99957,183,100048,183,99954,183,100050,183,99947,183,100058,100,99911,100,100061,200,99904,100,100073,100,99899,200,100085,100,99898,200,100086,100,99879,100
2019-06-28 09:33:40.000000000,100015,341,99998,337,100018,237,99962,237,100027,237,99957,237,100048,100,99954,100,100050,100,99947,100,100058,100,99911,100,100061,200,99904,100,100073,100,99899,200,100085,100,99898,200,100086,100,99879,100
2019-06-28 09:33:50.000000000,100015,283,99998,279,100018,183,99962,183,100027,183,99957,183,100048,183,99954,183,100050,183,99947,183,100058,100,99911,100,100061,200,99904,100,100073,100,99899,200,100085,100,99898,200,100086,100,99879,100
2019-06-28 09:33:55.580876058,100015,283,99998,279,100018,183,99962,183,100027,83,99957,183,100048,183,99954,183,100050,183,99947,183,100058,100,99911,100,100061,200,99904,100,100073,100,99899,200,100085,100,99898,200,100086,100,99879,100
2019-06-28 09:33:58.526476851,100015,283,99998,279,100018,183,99962,183,100027,83,99957,183,100048,183,99954,183,100050,183,99947,183,100058,100,99911,100,100061,200,99904,100,100073,100,99899,200,100085,100,99898,200,100086,100,99879,100
2019-06-28 09:34:00.000000000,100015,408,99998,404,100018,308,99962,308,100048,100,99957,100,100050,100,99954,100,100058,100,99947,100,100061,200,99911,100,100073,100,99904,100,100085,100,99899,200,100086,100,99898,200,100091,100,99879,100
2019-06-28 09:34:07.143705571,100015,308,99998,404,100018,208,99962,308,100048,100,99957,100,100050,100,99954,100,100058,100,99947,100,100061,200,99911,100,100073,100,99904,100,100085,100,99899,200,100086,100,99898,200,100091,100,99879,100
2019-06-28 09:34:10.000000000,100015,516,99998,612,100048,100,99962,100,100050,100,99957,100,100058,100,99954,100,100061,200,99947,100,100073,100,99911,100,100085,100,99904,100,100086,100,99899,200,100091,100,99898,200,100096,100,99879,100
2019-06-28 09:34:20.000000000,100015,183,99998,279,100048,183,99962,183,100050,183,99957,183,100058,183,99954,183,100061,283,99947,183,100073,100,99911,100,100085,100,99904,100,100086,100,99899,200,100091,100,99898,200,100096,100,99879,100
2019-06-28 09:34:28.713021924,100015,83,99998,279,100048,183,99962,183,100050,183,99957,183,100058,183,99954,183,100061,283,99947,183,100073,100,99911,100,100085,100,99904,100,100086,100,99899,200,100091,100,99898,200,100096,100,99879,100
2019-06-28 09:34:30.000000000,100048,204,99998,300,100050,204,99962,204,100058,204,99957,204,100061,304,99954,204,100073,100,99947,100,100085,100,99911,100,100086,100,99904,100,100091,100,99899,200,100096,100,99898,200,100136,200,99879,100
2019-06-28 09:34:39.925619173,100048,204,100015,100,100050,204,99998,300,100058,204,99962,204,100061,304,99957,204,100073,100,99954,204,100085,100,99947,100,100086,100,99911,100,100091,100,99904,100,100096,100,99899,200,100136,200,99898,200
2019-06-28 09:34:40.000000000,100048,241,100015,241,100050,237,99998,333,100058,237,99962,237,100061,200,99957,100,100073,100,99954,100,100085,100,99947,100,100086,100,99911,100,100091,100,99904,100,100096,100,99899,200,100136,200,99898,200
2019-06-28 09:34:45.885912585,100048,241,100015,241,100050,237,99998,333,100058,237,99962,237,100061,200,99957,100,100073,100,99954,100,100085,100,99947,100,100086,100,99911,100,100091,100,99904,100,100096,100,99899,200,100136,200,99898,200
2019-06-28 09:34:50.000000000,100048,204,100015,204,100050,204,99998,300,100058,204,99962,204,100061,304,99957,204,100073,100,99954,100,100085,100,99947,100,100086,100,99911,100,100091,100,99904,100,100096,100,99899,200,100136,200,99898,200
2019-06-28 09:35:00.000000000,100048,204,100015,204,100050,204,99998,300,100058,204,99962,204,100061,304,99957,204,100073,100,99954,100,100085,100,99947,100,100086,100,99911,100,100091,100,99904,100,100096,100,99899,200,100136,200,99898,200
2019-06-28 09:35:05.494295304,100048,104,100015,204,100050,204,99998,300,100058,204,99962,204,100061,304,99957,204,100073,100,99954,100,100085,100,99947,100,100086,100,99911,100,100091,100,99904,100,100096,100,99899,200,100136,200,99898,200
2019-06-28 09:35:10.000000000,100050,516,100015,516,100058,100,99998,196,100061,200,99962,100,100073,100,99957,100,100085,100,99954,100,100086,100,99947,100,100091,100,99911,100,100096,100,99904,100,100136,200,99899,200,100143,100,99898,200
2019-06-28 09:35:20.000000000,100050,183,100015,183,100058,183,99998,279,100061,283,99962,183,100073,183,99957,183,100085,183,99954,183,100086,100,99947,100,100091,100,99911,100,100096,100,99904,100,100136,200,99899,200,100143,100,99898,200
2019-06-28 09:35:26.610409957,100050,183,100015,183,100058,183,99998,279,100061,283,99962,183,100073,183,99957,183,100085,183,99954,183,100086,100,99947,100,100091,100,99911,100,100096,100,99904,100,100136,100,99899,200,100143,100,99898,200
2019-06-28 09:35:30.000000000,100050,241,100015,241,100058,237,99998,333,100061,337,99962,237,100073,100,99957,100,100085,100,99954,100,100086,100,99947,100,100091,100,99911,100,100096,100,99904,100,100136,100,99899,200,100143,100,99898,200
2019-06-28 09:35:39.360369585,100050,241,100015,241,100058,237,99998,333,100061,337,99962,237,100073,100,99957,100,100085,100,99954,100,100086,100,99947,100,100091,100,99911,100,100096,100,99904,100,100136,100,99899,200,100143,100,99898,200
2019-06-28 09:35:40.000000000,100050,183,100015,183,100058,183,99998,279,100061,283,99962,183,100073,183,99957,183,100085,183,99954,183,100086,100,99947,100,100091,100,99911,100,100096,100,99904,100,100136,100,99899,200,100143,100,99898,200
2019-06-28 09:35:50.000000000,100050,516,100015,516,100058,100,99998,196,100061,200,99962,100,100073,100,99957,100,100085,100,99954,100,100086,100,99947,100,100091,100,99911,100,100096,100,99904,100,100136,100,99899,200,100143,100,99898,200
2019-06-28 09:35:56.395238850,100050,416,100015,516,100061,200,99998,196,100073,100,99962,100,100085,100,99957,100,100086,100,99954,100,100091,100,99947,100,100096,100,99911,100,100136,100,99904,100,100143,100,99899,200,100146,100,99898,200
2019-06-28 09:36:00.000000000,100061,304,100015,204,100073,204,99998,300,100085,204,99962,204,100086,204,99957,204,100091,100,99954,100,100096,100,99947,100,100136,100,99911,100,100143,100,99904,100,100146,100,99899,200,100175,100,99898,200
2019-06-28 09:36:05.648653094,100061,304,100048,100,100073,204,100015,204,100085,204,99998,300,100086,204,99962,204,100091,100,99957,204,100096,100,99954,100,100136,100,99947,100,100143,100,99911,100,100146,100,99904,100,100175,100,99899,200
2019-06-28 09:36:10.000000000,100061,616,100048,516,100073,100,100015,100,100085,100,99998,196,100086,100,99962,100,100091,100,99957,100,100096,100,99954,100,100136,100,99947,100,100143,100,99911,100,100146,100,99904,100,100175,100,99899,200
2019-06-28 09:36:20.000000000,100061,341,100048,241,100073,237,100015,237,100085,237,99998,333,100086,100,99962,100,100091,100,99957,100,100096,100,99954,100,100136,100,99947,100,100143,100,99911,100,100146,100,99904,100,100175,100,99899,200
2019-06-28 09:36:22.440918179,100061,341,100048,341,100073,237,100015,237,100085,237,99998,333,100086,100,99962,100,100091,100,99957,100,100096,100,99954,100,100136,100,99947,100,100143,100,99911,100,100146,100,99904,100,100175,100,99899,200
2019-06-28 09:36:25.820761846,100061,241,100048,341,100073,237,100015,237,100085,237,99998,333,100086,100,99962,100,100091,100,99957,100,100096,100,99954,100,100136,100,99947,100,100143,100,99911,100,100146,100,99904,100,100175,100,99899,200
2019-06-28 09:36:30.000000000,100061,241,100048,341,100073,237,100015,237,100085,237,99998,333,100086,100,99962,100,100091,100,99957,100,100096,100,99954,100,100136,100,99947,100,100143,100,99911,100,100146,100,99904,100,100175,100,99899,200
2019-06-28 09:36:40.000000000,100061,204,100048,304,100073,204,100015,204,100085,204,99998,300,100086,204,99962,204,100091,100,99957,100,100096,100,99954,100,100136,100,99947,100,100143,100,99911,100,100146,100,99904,100,100175,100,99899,200
2019-06-28 09:36:50.000000000,100061,241,100048,341,100073,237,100015,237,100085,237,99998,333,100086,100,99962,100,100091,100,99957,100,100096,100,99954,100,100136,100,99947,100,100143,100,99911,100,100146,100,99904,100,100175,100,99899,200
2019-06-28 09:37:00.000000000,100061,308,100048,408,100073,308,100015,308,100085,100,99998,196,100086,100,99962,100,100091,100,99957,100,100096,100,99954,100,100136,100,99947,100,100143,100,99911,100,100146,100,99904,100,100175,100,99899,200
2019-06-28 09:37:06.903198976,100061,208,100048,408,100073,308,100015,308,100085,100,99998,196,100086,100,99962,100,100091,100,99957,100,100096,100,99954,100,100136,100,99947,100,100143,100,99911,100,100146,100,99904,100,100175,100,99899,200
2019-06-28 09:37:10.000000000,100073,204,100048,304,100085,204,100015,204,100086,204,99998,300,100091,204,99962,204,100096,100,99957,100,100136,100,99954,100,100143,100,99947,100,100146,100,99911,100,100175,100,99904,100,100255,100,99899,200
2019-06-28 09:37:20.000000000,100073,204,100048,304,100085,204,100015,204,100086,204,99998,300,100091,204,99962,204,100096,100,99957,100,100136,100,99954,100,100143,100,99947,100,100146,100,99911,100,100175,100,99904,100,100255,100,99899,200
2019-06-28 09:37:30.000000000,100073,204,100048,304,100085,204,100015,204,100086,204,99998,300,100091,204,99962,204,100096,100,99957,100,100136,100,99954,100,100143,100,99947,100,100146,100,99911,100,100175,100,99904,100,100255,100,99899,200
2019-06-28 09:37:36.112263933,100073,104,100048,304,100085,204,100015,204,100086,204,99998,300,100091,204,99962,204,100096,100,99957,100,100136,100,99954,100,100143,100,99947,100,100146,100,99911,100,100175,100,99904,100,100255,100,99899,200
2019-06-28 09:37:37.167623384,100073,4,100048,304,100085,204,100015,204,100086,204,99998,300,100091,204,99962,204,100096,100,99957,100,100143,100,99954,100,100146,100,99947,100,100175,100,99911,100,100255,100,99904,100,100605,100,99899,200
2019-06-28 09:37:40.000000000,100085,204,100048,304,100086,204,100015,204,100091,204,99998,300,100096,204,99962,204,100143,100,99957,100,100146,100,99954,100,100175,100,99947,100,100255,100,99911,100,100605,100,99904,100,100696,100,99899,200
2019-06-28 09:37:43.852579362,100085,104,100048,304,100086,204,100015,204,100091,204,99998,300,100096,204,99962,204,100143,100,99957,100,100146,100,99954,100,100175,100,99947,100,100255,100,99911,100,100605,100,99904,100,100696,100,99899,200
2019-06-28 09:37:50.000000000,100086,308,100048,408,100091,308,100015,308,100096,100,99998,196,100143,100,99962,100,100146,100,99957,100,100175,100,99954,100,100255,100,99947,100,100605,100,99911,100,100696,100,99904,100,100934,100,99899,200
2019-06-28 09:37:52.711832732,100086,208,100048,408,100091,308,100015,308,100096,100,99998,196,100143,100,99962,100,100175,100,99957,100,100255,100,99954,100,100605,100,99947,100,100696,100,99911,100,100934,100,99904,100,100978,100,99899,200
2019-06-28 09:38:00.000000000,100091,241,100048,341,100096,237,100015,237,100143,237,99998,333,100175,100,99962,100,100255,100,99957,100,100605,100,99954,100,100696,100,99947,100,100934,100,99911,100,100978,100,99904,100,100983,100,99899,200
2019-06-28 09:38:10.000000000,100091,516,100048,616,100096,100,100015,100,100143,100,99998,196,100175,100,99962,100,100255,100,99957,100,100605,100,99954,100,100696,100,99947,100,100934,100,99911,100,100978,100,99904,100,100983,100,99899,200
2019-06-28 09:38:20.000000000,100091,183,100048,283,100096,183,100015,183,100143,183,99998,279,100175,183,99962,183,100255,183,99957,183,100605,100,99954,100,100696,100,99947,100,100934,100,99911,100,100978,100,99904,100,100983,100,99899,200
2019-06-28 09:38:29.061483603,100091,83,100048,283,100096,183,100015,183,100143,183,99998,279,100175,183,99962,183,100255,183,99957,183,100605,100,99954,100,100696,100,99947,100,100934,100,99911,100,100978,100,99904,100,100983,100,99899,200
2019-06-28 09:38:30.000000000,100096,183,100048,283,100143,183,100015,183,100175,183,99998,279,100255,183,99962,183,100605,183,99957,183,100696,100,99954,100,100934,100,99947,100,100978,100,99911,100,100983,100,99904,100,,,99899,200
2019-06-28 09:38:40.000000000,100096,516,100048,616,100143,100,100015,100,100175,100,99998,196,100255,100,99962,100,100605,100,99957,100,100696,100,99954,100,100934,100,99947,100,100978,100,99911,100,100983,100,99904,100,,,99899,200
2019-06-28 09:38:48.563589939,100096,416,100048,616,100143,100,100015,100,100175,100,99998,196,100255,100,99962,100,100605,100,99957,100,100934,100,99954,100,100978,100,99947,100,100983,100,99911,100,,,99904,100,,,99899,200
2019-06-28 09:38:50.000000000,100143,204,100048,304,100175,204,100015,204,100255,204,99998,300,100605,204,99962,204,100934,100,99957,100,100978,100,99954,100,100983,100,99947,100,,,99911,100,,,99904,100,,,99899,200
2019-06-28 09:39:00.000000000,100143,308,100048,408,100175,308,100015,308,100255,100,99998,196,100605,100,99962,100,100934,100,99957,100,100978,100,99954,100,100983,100,99947,100,,,99911,100,,,99904,100,,,99899,200
2019-06-28 09:39:06.607419981,100143,308,100048,308,100175,308,100015,308,100255,100,99998,196,100605,100,99962,100,100934,100,99957,100,100978,100,99954,100,100983,100,99947,100,,,99911,100,,,99904,100,,,99899,200
2019-06-28 09:39:10.000000000,100143,308,100048,308,100175,308,100015,308,100255,100,99998,196,100605,100,99962,100,100934,100,99957,100,100978,100,99954,100,100983,100,99947,100,,,99911,100,,,99904,100,,,99899,200
2019-06-28 09:39:20.000000000,100143,204,100048,204,100175,204,100015,204,100255,204,99998,300,100605,204,99962,204,100934,100,99957,100,100978,100,99954,100,100983,100,99947,100,,,99911,100,,,99904,100,,,99899,200
2019-06-28 09:39:27.662558478,100143,204,100048,204,100175,204,100015,204,100255,204,99998,300,100493,100,99962,204,100605,204,99957,100,100934,100,99954,100,100978,100,99947,100,100983,100,99911,100,,,99904,100,,,99899,200
2019-06-28 09:39:30.000000000,100143,516,100048,516,100175,100,100015,100,100255,100,99998,196,100493,100,99962,100,100605,100,99957,100,100934,100,99954,100,100978,100,99947,100,100983,100,99911,100,,,99904,100,,,99899,200
2019-06-28 09:39:35.281290311,100143,516,100048,516,100175,100,100015,100,100255,100,99998,196,100493,100,99962,100,100605,100,99957,100,100683,100,99954,100,100934,100,99947,100,100978,100,99911,100,,,99904,100,,,99899,200
2019-06-28 09:39:36.528972677,100143,516,100048,516,100175,100,100015,100,100255,100,99998,196,100493,100,99962,100,100605,100,99957,100,100683,100,99954,100,100716,100,99947,100,100934,100,99911,100,100978,100,99904,100,,,99899,200
2019-06-28 09:39:40.000000000,100143,241,100048,241,100175,237,100015,237,100255,237,99998,333,100493,100,99962,100,100605,100,99957,100,100683,100,99954,100,100716,100,99947,100,100934,100,99911,100,100978,100,99904,100,,,99899,200
2019-06-28 09:39:50.000000000,100143,308,100048,308,100175,308,100015,308,100255,100,99998,196,100493,100,99962,100,100605,100,99957,100,100683,100,99954,100,100716,100,99947,100,100934,100,99911,100,100978,100,99904,100,,,99899,200
2019-06-28 09:40:00.000000000,100143,308,100048,308,100175,308,100015,308,100255,100,99998,196,100493,100,99962,100,100605,100,99957,100,100683,100,99954,100,100716,100,99947,100,100934,100,99911,100,100978,100,99904,100,,,99899,200
2019-06-28 09:40:10.000000000,100143,516,100048,516,100175,100,100015,100,100255,100,99998,196,100493,100,99962,100,100605,100,99957,100,100683,100,99954,100,100716,100,99947,100,100934,100,99911,100,100978,100,99904,100,,,99899,200
2019-06-28 09:40:20.000000000,100143,204,100048,204,100175,204,100015,204,100255,204,99998,300,100493,204,99962,204,100605,100,99957,100,100683,100,99954,100,100716,100,99947,100,100934,100,99911,100,100978,100,99904,100,,,99899,200
2019-06-28 09:40:26.719510086,100143,204,100091,100,100175,204,100048,204,100255,204,100015,204,100493,204,99998,300,100605,100,99962,204,100683,100,99957,100,100716,100,99954,100,100934,100,99947,100,100978,100,99911,100,,,99904,100
2019-06-28 09:40:28.187297450,100143,204,100091,100,100175,204,100048,204,100255,204,100015,204,100493,204,99998,300,100605,100,99962,204,100683,100,99957,100,100716,100,99954,100,100786,100,99947,100,100934,100,99911,100,100978,100,99904,100
2019-06-28 09:40:30.000000000,100143,308,100091,308,100175,308,100048,308,100255,100,100015,100,100493,100,99998,196,100605,100,99962,100,100683,100,99957,100,100716,100,99954,100,100786,100,99947,100,100934,100,99911,100,100978,100,99904,100
2019-06-28 09:40:34.013261445,100143,308,100091,408,100175,308,100048,308,100255,100,100015,100,100493,100,99998,96,100605,100,99962,100,100683,100,99957,100,100716,100,99954,100,100786,100,99947,100,100934,100,99911,100,100978,100,99904,100
2019-06-28 09:40:40.000000000,100143,204,100091,304,100175,204,100048,204,100255,204,100015,204,100493,204,99998,200,100605,100,99962,100,100683,100,99957,100,100716,100,99954,100,100786,100,99947,100,100934,100,99911,100,100978,100,99904,100
2019-06-28 09:40:50.000000000,100143,308,100091,408,100175,308,100048,308,100255,100,100015,100,100493,100,99998,96,100605,100,99962,100,100683,100,99957,100,100716,100,99954,100,100786,100,99947,100,100934,100,99911,100,100978,100,99904,100
2019-06-28 09:41:00.000000000,100143,308,100091,408,100175,308,100048,308,100255,100,100015,100,100493,100,99998,96,100605,100,99962,100,100683,100,99957,100,100716,100,99954,100,100786,100,99947,100,100934,100,99911,100,100978,100,99904,100
2019-06-28 09:41:09.286046656,100143,308,100091,508,100175,308,100048,308,100255,100,100015,100,100493,100,99998,96,100605,100,99962,100,100683,100,99957,100,100716,100,99954,100,100786,100,99947,100,100934,100,99911,100,100978,100,99904,100
2019-06-28 09:41:10.000000000,100143,241,100091,441,100175,237,100048,237,100255,237,100015,237,100493,100,99998,96,100605,100,99962,100,100683,100,99957,100,100716,100,99954,100,100786,100,99947,100,100934,100,99911,100,100978,100,99904,100
2019-06-28 09:41:15.134828206,100143,241,100091,441,100175,237,100048,237,100255,237,100015,237,100493,100,99998,96,100527,100,99962,100,100605,100,99957,100,100683,100,99954,100,100716,100,99947,100,100786,100,99911,100,100934,100,99904,100
2019-06-28 09:41:20.000000000,100143,204,100091,404,100175,204,100048,204,100255,204,100015,204,100493,204,99998,200,100527,100,99962,100,100605,100,99957,100,100683,100,99954,100,100716,100,99947,100,100786,100,99911,100,100934,100,99904,100
2019-06-28 09:41:30.000000000,100143,183,100091,383,100175,183,100048,183,100255,183,100015,183,100493,183,99998,179,100527,183,99962,183,100605,100,99957,100,100683,100,99954,100,100716,100,99947,100,100786,100,99911,100,100934,100,99904,100
2019-06-28 09:41:32.616376152,100143,183,100091,383,100175,183,100048,183,100255,183,100015,183,100493,183,99998,179,100527,183,99962,183,100605,100,99957,100,100683,100,99954,100,100713,100,99947,100,100716,100,99911,100,100786,100,99904,100
2019-06-28 09:41:40.000000000,100143,204,100091,404,100175,204,100048,204,100255,204,100015,204,100493,204,99998,200,100527,100,99962,100,100605,100,99957,100,100683,100,99954,100,100713,100,99947,100,100716,100,99911,100,100786,100,99904,100
2019-06-28 09:41:50.000000000,100143,516,100091,716,100175,100,100048,100,100255,100,100015,100,100493,100,99998,96,100527,100,99962,100,100605,100,99957,100,100683,100,99954,100,100713,100,99947,100,100716,100,99911,100,100786,100,99904,100
2019-06-28 09:42:00.000000000,100143,183,100091,383,100175,183,100048,183,100255,183,100015,183,100493,183,99998,179,100527,183,99962,183,100605,100,99957,100,100683,100,99954,100,100713,100,99947,100,100716,100,99911,100,100786,100,99904,100
2019-06-28 09:42:06.020085294,100143,183,100091,383,100175,183,100048,183,100255,183,100015,183,100405,100,99998,179,100493,183,99962,183,100527,183,99957,100,100605,100,99954,100,100683,100,99947,100,100713,100,99911,100,100716,100,99904,100
2019-06-28 09:42:08.019700078,100143,183,100091,383,100175,183,100048,183,100255,183,100015,183,100388,100,99998,179,100405,100,99962,183,100493,183,99957,100,100527,183,99954,100,100605,100,99947,100,100683,100,99911,100,100713,100,99904,100
2019-06-28 09:42:10.000000000,100143,204,100091,404,100175,204,100048,204,100255,204,100015,204,100388,204,99998,200,100405,100,99962,100,100493,100,99957,100,100527,100,99954,100,100605,100,99947,100,100683,100,99911,100,100713,100,99904,100
2019-06-28 09:42:20.000000000,100143,183,100091,383,100175,183,100048,183,100255,183,100015,183,100388,183,99998,179,100405,183,99962,183,100493,100,99957,100,100527,100,99954,100,100605,100,99947,100,100683,100,99911,100,100713,100,99904,100
2019-06-28 09:42:30.000000000,100143,308,100091,508,100175,308,100048,308,100255,100,100015,100,100388,100,99998,96,100405,100,99962,100,100493,100,99957,100,100527,100,99954,100,100605,100,99947,100,100683,100,99911,100,100713,100,99904,100
2019-06-28 09:42:35.273709261,100143,308,100091,508,100175,308,100048,308,100255,100,100015,100,100286,100,99998,96,100388,100,99962,100,100405,100,99957,100,100493,100,99954,100,100527,100,99947,100,100605,100,99911,100,100683,100,99904,100
2019-06-28 09:42:36.866077180,100143,308,100091,508,100175,308,100048,308,100255,100,100015,100,100286,100,99998,96,100388,100,99962,100,100405,100,99957,100,100463,100,99954,100,100493,100,99947,100,100527,100,99911,100,100605,100,99904,100
2019-06-28 09:42:40.000000000,100143,516,100091,716,100175,100,100048,100,100255,100,100015,100,100286,100,99998,96,100388,100,99962,100,100405,100,99957,100,100463,100,99954,100,100493,100,99947,100,100527,100,99911,100,100605,100,99904,100
2019-06-28 09:42:41.000456696,100143,416,100091,716,100175,100,100048,100,100255,100,100015,100,100286,100,99998,96,100388,100,99962,100,100405,100,99957,100,100463,100,99954,100,100493,100,99947,100,100527,100,99911,100,100605,100,99904,100
2019-06-28 09:42:50.000000000,100175,516,100091,716,100255,100,100048,100,100286,100,100015,100,100388,100,99998,96,100405,100,99962,100,100463,100,99957,100,100493,100,99954,100,100527,100,99947,100,100605,100,99911,100,100683,100,99904,100
2019-06-28 09:43:00.000000000,100175,204,100091,404,100255,204,100048,204,100286,204,100015,204,100388,204,99998,200,100405,100,99962,100,100463,100,99957,100,100493,100,99954,100,100527,100,99947,100,100605,100,99911,100,100683,100,99904,100
2019-06-28 09:43:10.000000000,100175,516,100091,716,100255,100,100048,100,100286,100,100015,100,100388,100,99998,96,100405,100,99962,100,100463,100,99957,100,100493,100,99954,100,100527,100,99947,100,100605,100,99911,100,100683,100,99904,100
2019-06-28 09:43:20.000000000,100175,241,100091,441,100255,237,100048,237,100286,237,100015,237,100388,100,99998,96,100405,100,99962,100,100463,100,99957,100,100493,100,99954,100,100527,100,99947,100,100605,100,99911,100,100683,100,99904,100
2019-06-28 09:43:30.000000000,100175,516,100091,716,100255,100,100048,100,100286,100,100015,100,100388,100,99998,96,100405,100,99962,100,100463,100,99957,100,100493,100,99954,100,100527,100,99947,100,100605,100,99911,100,100683,100,99904,100
2019-06-28 09:43:33.494457787,100175,516,100096,100,100255,100,100091,716,100286,100,100015,100,100388,100,99998,96,100405,100,99962,100,100463,100,99957,100,100493,100,99954,100,100527,100,99947,100,100605,100,99911,100,100683,100,99904,100
2019-06-28 09:43:40.000000000,100175,241,100096,241,100255,237,100091,437,100286,237,100015,237,100388,100,99998,96,100405,100,99962,100,100463,100,99957,100,100493,100,99954,100,100527,100,99947,100,100605,100,99911,100,100683,100,99904,100
2019-06-28 09:43:50.000000000,100175,308,100096,308,100255,308,100091,508,100286,100,100015,100,100388,100,99998,96,100405,100,99962,100,100463,100,99957,100,100493,100,99954,100,100527,100,99947,100,100605,100,99911,100,100683,100,99904,100
2019-06-28 09:44:00.000000000,100175,241,100096,241,100255,237,100091,437,100286,237,100015,237,100388,100,99998,96,100405,100,99962,100,100463,100,99957,100,100493,100,99954,100,100527,100,99947,100,100605,100,99911,100,100683,100,99904,100
2019-06-28 09:44:10.000000000,100175,241,100096,241,100255,237,100091,437,100286,237,100015,237,100388,100,99998,96,100405,100,99962,100,100463,100,99957,100,100493,100,99954,100,100527,100,99947,100,100605,100,99911,100,100683,100,99904,100
2019-06-28 09:44:20.000000000,100175,204,100096,204,100255,204,100091,404,100286,204,100015,204,100388,204,99998,200,100405,100,99962,100,100463,100,99957,100,100493,100,99954,100,100527,100,99947,100,100605,100,99911,100,100683,100,99904,100
2019-06-28 09:44:30.000000000,100175,183,100096,183,100255,183,100091,383,100286,183,100015,183,100388,183,99998,179,100405,183,99962,183,100463,100,99957,100,100493,100,99954,100,100527,100,99947,100,100605,100,99911,100,100683,100,99904,100
2019-06-28 09:44:38.517129695,100175,83,100096,183,100255,183,100091,383,100286,183,100015,183,100388,183,99998,179,100405,183,99962,183,100463,100,99957,100,100493,100,99954,100,100527,100,99947,100,100605,100,99911,100,100683,100,99904,100
2019-06-28 09:44:40.000000000,100255,308,100096,308,100286,308,100091,508,100388,100,100015,100,100405,100,99998,96,100463,100,99962,100,100493,100,99957,100,100527,100,99954,100,100605,100,99947,100,100683,100,99911,100,100713,100,99904,100
2019-06-28 09:44:41.088413838,100255,308,100096,308,100286,308,100091,508,100388,100,100015,100,100405,100,99998,96,100463,100,99962,100,100493,100,99957,100,100527,100,99954,100,100605,100,99947,100,100683,100,99911,100,100713,100,99904,100
2019-06-28 09:44:50.000000000,100255,204,100096,204,100286,204,100091,404,100388,204,100015,204,100405,204,99998,200,100463,100,99962,100,100493,100,99957,100,100527,100,99954,100,100605,100,99947,100,100683,100,99911,100,100713,100,99904,100
2019-06-28 09:45:00.000000000,100255,183,100096,183,100286,183,100091,383,100388,183,100015,183,100405,183,99998,179,100463,183,99962,183,100493,100,99957,100,100527,100,99954,100,100605,100,99947,100,100683,100,99911,100,100713,100,99904,100
2019-06-28 09:45:10.000000000,100255,241,100096,241,100286,237,100091,437,100388,237,100015,237,100405,100,99998,96,100463,100,99962,100,100493,100,99957,100,100527,100,99954,100,100605,100,99947,100,100683,100,99911,100,100713,100,99904,100
2019-06-28 09:45:19.446864020,100255,241,100143,100,100286,237,100096,241,100388,237,100091,437,100405,100,100015,237,100463,100,99998,96,100493,100,99962,100,100527,100,99957,100,100605,100,99954,100,100683,100,99947,100,100713,100,99911,100
2019-06-28 09:45:20.000000000,100255,204,100143,204,100286,204,100096,204,100388,204,100091,404,100405,204,100015,204,100463,100,99998,96,100493,100,99962,100,100527,100,99957,100,100605,100,99954,100,100683,100,99947,100,100713,100,99911,100
2019-06-28 09:45:26.730655183,100255,104,100143,204,100286,204,100096,204,100388,204,100091,404,100405,204,100015,204,100463,100,99998,96,100493,100,99962,100,100527,100,99957,100,100605,100,99954,100,100683,100,99947,100,100713,100,99904,100
2019-06-28 09:45:30.000000000,100286,204,100143,204,100388,204,100096,204,100405,204,100091,404,100463,204,100015,204,100493,100,99998,96,100527,100,99962,100,100605,100,99957,100,100683,100,99954,100,100713,100,99947,100,100716,100,99904,100
2019-06-28 09:45:40.000000000,100286,241,100143,241,100388,237,100096,237,100405,237,100091,437,100463,100,100015,100,100493,100,99998,96,100527,100,99962,100,100605,100,99957,100,100683,100,99954,100,100713,100,99947,100,100716,100,99904,100
2019-06-28 09:45:40.004320273,100286,241,100175,100,100388,237,100143,241,100405,237,100096,237,100463,100,100091,337,100493,100,100015,100,100527,100,99998,96,100605,100,99962,100,100683,100,99957,100,100713,100,99954,100,100716,100,99947,100
2019-06-28 09:45:50.000000000,100286,204,100175,204,100388,204,100143,204,100405,204,100096,204,100463,204,100091,304,100493,100,100015,100,100527,100,99998,96,100605,100,99962,100,100683,100,99957,100,100713,100,99954,100,100716,100,99947,100
2019-06-28 09:46:00.000000000,100286,183,100175,183,100388,183,100143,183,100405,183,100096,183,100463,183,100091,283,100493,183,100015,183,100527,100,99998,96,100605,100,99962,100,100683,100,99957,100,100713,100,99954,100,100716,100,99947,100
2019-06-28 09:46:06.408089603,100286,183,100175,283,100388,183,100143,183,100405,183,100096,183,100463,183,100091,283,100493,183,100015,183,100527,100,99998,96,100605,100,99962,100,100683,100,99957,100,100713,100,99954,100,100716,100,99947,100
2019-06-28 09:46:10.000000000,100286,241,100175,341,100388,237,100143,237,100405,237,100096,237,100463,100,100091,200,100493,100,100015,100,100527,100,99998,96,100605,100,99962,100,100683,100,99957,100,100713,100,99954,100,100716,100,99947,100
2019-06-28 09:46:11.143289710,100286,141,100175,341,100388,237,100143,237,100405,237,100096,237,100463,100,100091,200,100493,100,100015,100,100527,100,99998,96,100605,100,99962,100,100683,100,99957,100,100713,100,99954,100,100716,100,99947,100
2019-06-28 09:46:12.381522678,100286,41,100175,341,100388,237,100143,237,100405,237,100096,237,100463,100,100091,200,100493,100,100015,100,100527,100,99998,96,100605,100,99962,100,100683,100,99957,100,100713,100,99954,100,100716,100,99947,100
2019-06-28 09:46:20.000000000,100388,308,100175,408,100405,308,100143,308,100463,100,100096,100,100493,100,100091,200,100527,100,100015,100,100605,100,99998,96,100683,100,99962,100,100713,100,99957,100,100716,100,99954,100,100786,100,99947,100
2019-06-28 09:46:30.000000000,100388,516,100175,616,100405,100,100143,100,100463,100,100096,100,100493,100,100091,200,100527,100,100015,100,100605,100,99998,96,100683,100,99962,100,100713,100,99957,100,100716,100,99954,100,100786,100,99947,100
2019-06-28 09:46:37.648447622,100388,516,100175,616,100405,100,100143,100,100463,100,100096,100,100493,100,100091,200,100527,100,100015,100,100605,100,99998,96,100683,100,99962,100,100713,100,99957,100,100716,100,99954,100,100786,100,99947,100
2019-06-28 09:46:40.000000000,100388,516,100175,616,100405,100,100143,100,100463,100,100096,100,100493,100,100091,200,100527,100,100015,100,100605,100,99998,96,100683,100,99962,100,100713,100,99957,100,100716,100,99954,100,100786,100,99947,100
2019-06-28 09:46:45.589680602,100388,416,100175,616,100405,100,100143,100,100493,100,100096,100,100527,100,100091,200,100605,100,100015,100,100683,100,99998,96,100713,100,99962,100,100716,100,99957,100,100786,100,99954,100,100912,100,99947,100
2019-06-28 09:46:50.000000000,100405,204,100175,304,100493,204,100143,204,100527,204,100096,204,100605,204,100091,304,100683,100,100015,100,100713,100,99998,96,100716,100,99962,100,100786,100,99957,100,100912,100,99954,100,100934,100,99947,100
2019-06-28 09:47:00.000000000,100405,516,100175,616,100493,100,100143,100,100527,100,100096,100,100605,100,100091,200,100683,100,100015,100,100713,100,99998,96,100716,100,99962,100,100786,100,99957,100,100912,100,99954,100,100934,100,99947,100
2019-06-28 09:47:10.000000000,100405,183,100175,283,100493,183,100143,183,100527,183,100096,183,100605,183,100091,283,100683,183,100015,183,100713,100,99998,96,100716,100,99962,100,100786,100,99957,100,100912,100,99954,100,100934,100,99947,100
2019-06-28 09:47:12.010751924,100405,183,100175,283,100493,183,100143,183,100527,183,100096,183,100605,183,100091,283,100683,183,100015,183,100713,100,99998,96,100716,100,99962,100,100786,100,99957,100,100912,100,99954,100,100934,100,99947,100
2019-06-28 09:47:14.884055663,100405,183,100175,283,100493,183,100143,183,100527,183,100096,183,100605,183,100091,283,100683,183,100015,183,100713,100,99998,96,100716,100,99957,100,100786,100,99954,100,100912,100,99947,100,100934,100,99904,100
2019-06-28 09:47:20.000000000,100405,516,100175,616,100493,100,100143,100,100527,100,100096,100,100605,100,100091,200,100683,100,100015,100,100713,100,99998,96,100716,100,99957,100,100786,100,99954,100,100912,100,99947,100,100934,100,99904,100
2019-06-28 09:47:30.000000000,100405,204,100175,304,100493,204,100143,204,100527,204,100096,204,100605,204,100091,304,100683,100,100015,100,100713,100,99998,96,100716,100,99957,100,100786,100,99954,100,100912,100,99947,100,100934,100,99904,100
2019-06-28 09:47:31.876454076,100405,204,100175,304,100493,204,100143,204,100527,204,100096,204,100605,204,100091,304,100683,100,100015,100,100713,100,99998,96,100716,100,99957,100,100786,100,99954,100,100873,100,99947,100,100912,100,99904,100
2019-06-28 09:47:40.000000000,100405,204,100175,304,100493,204,100143,204,100527,204,100096,204,100605,204,100091,304,100683,100,100015,100,100713,100,99998,96,100716,100,99957,100,100786,100,99954,100,100873,100,99947,100,100912,100,99904,100
2019-06-28 09:47:48.695483162,100405,4,100175,304,100493,204,100143,204,100527,204,100096,204,100605,204,100091,304,100683,100,100015,100,100713,100,99998,96,100716,100,99957,100,100786,100,99954,100,100873,100,99947,100,100912,100,99904,100
2019-06-28 09:47:50.000000000,100493,183,100175,283,100527,183,100143,183,100605,183,100096,183,100683,183,100091,283,100713,183,100015,183,100716,100,99998,96,100786,100,99957,100,100873,100,99954,100,100912,100,99947,100,100934,100,99904,100
2019-06-28 09:48:00.000000000,100493,516,100175,616,100527,100,100143,100,100605,100,100096,100,100683,100,100091,200,100713,100,100015,100,100716,100,99998,96,100786,100,99957,100,100873,100,99954,100,100912,100,99947,100,100934,100,99904,100
2019-06-28 09:48:10.000000000,100493,204,100175,304,100527,204,100143,204,100605,204,100096,204,100683,204,100091,304,100713,100,100015,100,100716,100,99998,96,100786,100,99957,100,100873,100,99954,100,100912,100,99947,100,100934,100,99904,100
2019-06-28 09:48:20.000000000,100493,241,100175,341,100527,237,100143,237,100605,237,100096,237,100683,100,100091,200,100713,100,100015,100,100716,100,99998,96,100786,100,99957,100,100873,100,99954,100,100912,100,99947,100,100934,100,99904,100
2019-06-28 09:48:28.591313196,100493,241,100388,100,100527,237,100175,341,100605,237,100143,237,100683,100,100096,237,100713,100,100091,200,100716,100,100015,100,100786,100,99998,96,100873,100,99957,100,100912,100,99954,100,100934,100,99947,100
2019-06-28 09:48:30.000000000,100493,204,100388,204,100527,204,100175,304,100605,204,100143,204,100683,204,100096,204,100713,100,100091,200,100716,100,100015,100,100786,100,99998,96,100873,100,99957,100,100912,100,99954,100,100934,100,99947,100
2019-06-28 09:48:36.635041289,100493,204,100388,204,100527,204,100175,304,100595,100,100143,204,100605,204,100096,204,100683,204,100091,200,100713,100,100015,100,100786,100,99998,96,100873,100,99957,100,100912,100,99954,100,100934,100,99947,100
2019-06-28 09:48:40.000000000,100493,241,100388,241,100527,237,100175,337,100595,237,100143,237,100605,100,100096,100,100683,100,100091,200,100713,100,100015,100,100786,100,99998,96,100873,100,99957,100,100912,100,99954,100,100934,100,99947,100
2019-06-28 09:48:44.394047751,100493,241,100388,241,100527,237,100175,337,100563,100,100143,237,100595,237,100096,100,100605,100,100091,200,100683,100,100015,100,100713,100,99998,96,100873,100,99957,100,100912,100,99954,100,100934,100,99947,100
2019-06-28 09:48:50.000000000,100493,204,100388,204,100527,204,100175,304,100563,204,100143,204,100595,204,100096,204,100605,100,100091,200,100683,100,100015,100,100713,100,99998,96,100873,100,99957,100,100912,100,99954,100,100934,100,99947,100
2019-06-28 09:49:00.000000000,100493,183,100388,183,100527,183,100175,283,100563,183,100143,183,100595,183,100096,183,100605,183,100091,283,100683,100,100015,100,100713,100,99998,96,100873,100,99957,100,100912,100,99954,100,100934,100,99947,100
2019-06-28 09:49:05.309924682,100493,183,100388,83,100527,183,100175,283,100563,183,100143,183,100595,183,100096,183,100605,183,100091,283,100683,100,100015,100,100713,100,99998,96,100873,100,99957,100,100912,100,99954,100,100934,100,99947,100
2019-06-28 09:49:10.000000000,100493,183,100175,283,100527,183,100143,183,100563,183,100096,183,100595,183,100091,283,100605,183,100015,183,100683,100,99998,96,100713,100,99957,100,100873,100,99954,100,100912,100,99947,100,100934,100,99904,100
2019-06-28 09:49:17.619003608,100493,183,100175,283,100527,183,100143,183,100538,100,100096,183,100563,183,100091,283,100595,183,100015,183,100605,183,99998,96,100683,100,99957,100,100713,100,99954,100,100873,100,99947,100,100912,100,99904,100
2019-06-28 09:49:20.000000000,100493,183,100175,283,100527,183,100143,183,100538,183,100096,183,100563,183,100091,283,100595,183,100015,183,100605,100,99998,96,100683,100,99957,100,100713,100,99954,100,100873,100,99947,100,100912,100,99904,100
2019-06-28 09:49:30.000000000,100493,516,100175,616,100527,100,100143,100,100538,100,100096,100,100563,100,100091,200,100595,100,100015,100,100605,100,99998,96,100683,100,99957,100,100713,100,99954,100,100873,100,99947,100,100912,100,99904,100
2019-06-28 09:49:36.080115188,100472,100,100175,616,100493,516,100143,100,100527,100,100096,100,100538,100,100091,200,100563,100,100015,100,100595,100,99998,96,100605,100,99957,100,100713,100,99954,100,100873,100,99947,100,100912,100,99904,100
2019-06-28 09:49:40.000000000,100472,183,100175,283,100493,183,100143,183,100527,183,100096,183,100538,183,100091,283,100563,183,100015,183,100595,100,99998,96,100605,100,99957,100,100713,100,99954,100,100873,100,99947,100,100912,100,99904,100
2019-06-28 09:49:50.000000000,100472,308,100175,408,100493,308,100143,308,100527,100,100096,100,100538,100,100091,200,100563,100,100015,100,100595,100,99998,96,100605,100,99957,100,100713,100,99954,100,100873,100,99947,100,100912,100,99904,100
2019-06-28 09:49:51.924131821,100472,308,100290,100,100493,308,100175,408,100527,100,100143,308,100538,100,100096,100,100563,100,100091,200,100595,100,100015,100,100605,100,99998,96,100713,100,99957,100,100873,100,99954,100,100912,100,99947,100
2019-06-28 09:50:00.000000000,100472,183,100290,183,100493,183,100175,283,100527,183,100143,183,100538,183,100096,183,100563,183,100091,283,100595,100,100015,100,100605,100,99998,96,100713,100,99957,100,100873,100,99954,100,100912,100,99947,100
2019-06-28 09:50:10.000000000,100472,308,100290,308,100493,308,100175,408,100527,100,100143,100,100538,100,100096,100,100563,100,100091,200,100595,100,100015,100,100605,100,99998,96,100713,100,99957,100,100873,100,99954,100,100912,100,99947,100
2019-06-28 09:50:18.678568921,100472,308,100290,208,100493,308,100175,408,100527,100,100143,100,100538,100,100096,100,100563,100,100091,200,100595,100,100015,100,100605,100,99998,96,100713,100,99957,100,100873,100,99954,100,100912,100,99947,100
2019-06-28 09:50:20.000000000,100472,308,100175,408,100493,308,100143,308,100527,100,100096,100,100538,100,100091,200,100563,100,100015,100,100595,100,99998,96,100605,100,99957,100,100713,100,99954,100,100873,100,99947,100,100912,100,99904,100
2019-06-28 09:50:30.000000000,100472,183,100175,283,100493,183,100143,183,100527,183,100096,183,100538,183,100091,283,100563,183,100015,183,100595,100,99998,96,100605,100,99957,100,100713,100,99954,100,100873,100,99947,100,100912,100,99904,100
2019-06-28 09:50:40.000000000,100472,204,100175,304,100493,204,100143,204,100527,204,100096,204,100538,204,100091,304,100563,100,100015,100,100595,100,99998,96,100605,100,99957,100,100713,100,99954,100,100873,100,99947,100,100912,100,99904,100
2019-06-28 09:50:44.360067764,100472,204,100175,204,100493,204,100143,204,100527,204,100096,204,100538,204,100091,304,100563,100,100015,100,100595,100,99998,96,100605,100,99957,100,100713,100,99954,100,100873,100,99904,100,100912,100,99899,100
2019-06-28 09:50:50.000000000,100472,516,100175,516,100493,100,100143,100,100527,100,100096,100,100538,100,100091,200,100563,100,100015,100,100595,100,99998,96,100605,100,99957,100,100713,100,99954,100,100873,100,99904,100,100912,100,99899,100
2019-06-28 09:50:57.947315999,100472,516,100175,416,100493,100,100143,100,100527,100,100096,100,100538,100,100091,200,100563,100,100015,100,100595,100,99998,96,100605,100,99957,100,100713,100,99954,100,100873,100,99904,100,100912,100,99899,100
2019-06-28 09:51:00.000000000,100472,204,100143,204,100493,204,100096,204,100527,204,100091,304,100538,204,100015,204,100563,100,99998,96,100595,100,99957,100,100605,100,99954,100,100713,100,99904,100,100873,100,99899,100,100912,100,99898,200
2019-06-28 09:51:10.000000000,100472,183,100143,183,100493,183,100096,183,100527,183,100091,283,100538,183,100015,183,100563,183,99998,179,100595,100,99957,100,100605,100,99954,100,100713,100,99904,100,100873,100,99899,100,100912,100,99898,200
2019-06-28 09:51:11.316960549,100472,183,100143,183,100493,183,100096,183,100527,183,100091,283,100538,183,100015,183,100563,183,99998,179,100595,100,99957,100,100605,100,99954,100,100713,100,99904,100,100873,100,99899,100,100912,100,99898,200
2019-06-28 09:51:14.625248720,100472,183,100143,183,100493,183,100096,183,100527,183,100091,183,100538,183,100015,183,100563,183,99998,179,100595,100,99957,100,100605,100,99954,100,100713,100,99904,100,100873,100,99899,100,100912,100,99898,200
2019-06-28 09:51:20.000000000,100472,241,100143,241,100493,237,100096,237,100527,237,100091,237,100538,100,100015,100,100563,100,99998,96,100595,100,99957,100,100605,100,99954,100,100713,100,99904,100,100873,100,99899,100,100912,100,99898,200
2019-06-28 09:51:30.000000000,100472,241,100143,241,100493,237,100096,237,100527,237,100091,237,100538,100,100015,100,100563,100,99998,96,100595,100,99957,100,100605,100,99954,100,100713,100,99904,100,100873,100,99899,100,100912,100,99898,200
2019-06-28 09:51:31.715489918,100175,100,100143,241,100472,241,100096,237,100493,237,100091,237,100527,237,100015,100,100538,100,99998,96,100563,100,99957,100,100595,100,99954,100,100605,100,99904,100,100713,100,99899,100,100873,100,99898,200
2019-06-28 09:51:32.494662386,100175,100,100143,241,100472,241,100096,237,100493,237,100091,237,100527,237,100015,100,100538,100,99957,100,100563,100,99954,100,100595,100,99913,100,100605,100,99904,100,100713,100,99899,100,100873,100,99898,200
2019-06-28 09:51:35.519584159,100175,100,100143,241,100383,100,100096,237,100472,241,100091,237,100493,237,100015,100,100527,237,99957,100,100563,100,99954,100,100595,100,99913,100,100605,100,99904,100,100713,100,99899,100,100873,100,99898,200
2019-06-28 09:51:40.000000000,100175,516,100143,516,100383,100,100096,100,100472,100,100091,100,100493,100,100015,100,100527,100,99957,100,100563,100,99954,100,100595,100,99913,100,100605,100,99904,100,100713,100,99899,100,100873,100,99898,200
2019-06-28 09:51:42.910092830,100175,516,100143,516,100221,100,100096,100,100383,100,100091,100,100472,100,100015,100,100493,100,99957,100,100527,100,99954,100,100563,100,99913,100,100595,100,99904,100,100605,100,99899,100,100713,100,99898,200
2019-06-28 09:51:50.000000000,100175,241,100143,241,100221,237,100096,237,100383,237,100091,237,100472,100,100015,100,100493,100,99957,100,100527,100,99954,100,100563,100,99913,100,100595,100,99904,100,100605,100,99899,100,100713,100,99898,200
2019-06-28 09:51:51.315785468,100175,241,100143,241,100221,237,100096,237,100383,237,100091,237,100472,100,100015,100,100493,100,99957,100,100527,100,99954,100,100563,100,99913,100,100595,100,99912,100,100605,100,99904,100,100713,100,99899,100
2019-06-28 09:51:55.827569944,100175,341,100143,241,100221,237,100096,237,100383,237,100091,237,100472,100,100015,100,100493,100,99957,100,100527,100,99954,100,100563,100,99913,100,100595,100,99912,100,100605,100,99904,100,100713,100,99899,100
2019-06-28 09:51:57.143407504,100175,341,100143,241,100221,237,100096,237,100383,237,100091,237,100472,100,100015,100,100493,100,99957,100,100527,100,99954,100,100563,100,99925,100,100595,100,99913,100,100605,100,99912,100,100713,100,99904,100
2019-06-28 09:52:00.000000000,100175,341,100143,241,100221,237,100096,237,100383,237,100091,237,100472,100,100015,100,100493,100,99957,100,100527,100,99954,100,100563,100,99925,100,100595,100,99913,100,100605,100,99912,100,100713,100,99904,100
2019-06-28 09:52:06.118906662,100175,441,100143,241,100221,237,100096,237,100383,237,100091,237,100472,100,100015,100,100493,100,99957,100,100527,100,99954,100,100563,100,99925,100,100595,100,99913,100,100605,100,99912,100,100713,100,99904,100
2019-06-28 09:52:10.000000000,100175,383,100143,183,100221,183,100096,183,100383,183,100091,183,100472,183,100015,183,100493,183,99957,183,100527,100,99954,100,100563,100,99925,100,100595,100,99913,100,100605,100,99912,100,100713,100,99904,100
2019-06-28 09:52:11.298677966,100175,483,100143,183,100221,183,100096,183,100383,183,100091,183,100472,183,100015,183,100493,183,99957,183,100527,100,99954,100,100563,100,99925,100,100595,100,99913,100,100605,100,99912,100,100713,100,99904,100
2019-06-28 09:52:13.398692127,100175,483,100143,183,100221,183,100096,183,100383,183,100091,183,100472,183,100015,183,100493,183,99964,100,100527,100,99957,183,100563,100,99954,100,100595,100,99925,100,100605,100,99913,100,100713,100,99912,100
2019-06-28 09:52:20.000000000,100175,483,100143,183,100221,183,100096,183,100383,183,100091,183,100472,183,100015,183,100493,183,99964,183,100527,100,99957,100,100563,100,99954,100,100595,100,99925,100,100605,100,99913,100,100713,100,99912,100
2019-06-28 09:52:24.387175964,100175,483,100144,100,100221,183,100143,183,100383,183,100096,183,100472,183,100091,183,100493,183,100015,183,100527,100,99964,83,100563,100,99957,100,100595,100,99954,100,100605,100,99925,100,100713,100,99913,100
2019-06-28 09:52:30.000000000,100175,608,100144,308,100221,308,100143,308,100383,100,100096,100,100472,100,100091,100,100493,100,100015,100,100527,100,99957,100,100563,100,99954,100,100595,100,99925,100,100605,100,99913,100,100713,100,99912,100
2019-06-28 09:52:40.000000000,100175,504,100144,204,100221,204,100143,204,100383,204,100096,204,100472,204,100091,204,100493,100,100015,100,100527,100,99957,100,100563,100,99954,100,100595,100,99925,100,100605,100,99913,100,100713,100,99912,100
2019-06-28 09:52:50.000000000,100175,816,100144,516,100221,100,100143,100,100383,100,100096,100,100472,100,100091,100,100493,100,100015,100,100527,100,99957,100,100563,100,99954,100,100595,100,99925,100,100605,100,99913,100,100713,100,99912,100
2019-06-28 09:52:54.982164559,100175,816,100144,516,100221,100,100143,100,100383,100,100139,100,100472,100,100096,100,100493,100,100091,100,100527,100,100015,100,100563,100,99957,100,100595,100,99954,100,100605,100,99925,100,100713,100,99913,100
2019-06-28 09:53:00.000000000,100175,816,100144,516,100221,100,100143,100,100383,100,100139,100,100472,100,100096,100,100493,100,100091,100,100527,100,100015,100,100563,100,99957,100,100595,100,99954,100,100605,100,99925,100,100713,100,99913,100
2019-06-28 09:53:03.032784518,100175,816,100144,516,100221,100,100143,100,100383,100,100139,100,100472,100,100104,100,100493,100,100096,100,100527,100,100091,100,100563,100,100015,100,100595,100,99957,100,100605,100,99954,100,100713,100,99925,100
2019-06-28 09:53:10.000000000,100175,541,100144,241,100221,237,100143,237,100383,237,100139,237,100472,100,100104,100,100493,100,100096,100,100527,100,100091,100,100563,100,100015,100,100595,100,99957,100,100605,100,99954,100,100713,100,99925,100
2019-06-28 09:53:20.000000000,100175,541,100144,241,100221,237,100143,237,100383,237,100139,237,100472,100,100104,100,100493,100,100096,100,100527,100,100091,100,100563,100,100015,100,100595,100,99957,100,100605,100,99954,100,100713,100,99925,100
2019-06-28 09:53:30.000000000,100175,483,100144,183,100221,183,100143,183,100383,183,100139,183,100472,183,100104,183,100493,183,100096,183,100527,100,100091,100,100563,100,100015,100,100595,100,99957,100,100605,100,99954,100,100713,100,99925,100
2019-06-28 09:53:30.496800634,100175,583,100144,183,100221,183,100143,183,100383,183,100139,183,100472,183,100104,183,100493,183,100096,183,100527,100,100091,100,100563,100,100015,100,100595,100,99957,100,100605,100,99954,100,100713,100,99925,100
2019-06-28 09:53:40.000000000,100175,641,100144,241,100221,237,100143,237,100383,237,100139,237,100472,100,100104,100,100493,100,100096,100,100527,100,100091,100,100563,100,100015,100,100595,100,99957,100,100605,100,99954,100,100713,100,99925,100
2019-06-28 09:53:45.726263051,100175,641,100144,141,100221,237,100143,237,100383,237,100139,237,100472,100,100104,100,100493,100,100096,100,100527,100,100091,100,100563,100,100015,100,100595,100,99957,100,100605,100,99954,100,100873,100,99925,100
2019-06-28 09:53:46.667248132,100175,641,100144,141,100221,237,100143,237,100383,237,100139,237,100472,100,100104,100,100493,100,100096,100,100527,100,100091,100,100563,100,100015,100,100595,100,99957,100,100605,100,99954,100,100873,100,99925,100
2019-06-28 09:53:50.000000000,100175,916,100143,516,100221,100,100139,100,100383,100,100104,100,100472,100,100096,100,100493,100,100091,100,100527,100,100015,100,100563,100,99957,100,100595,100,99954,100,100605,100,99925,100,100873,100,99912,100
2019-06-28 09:54:00.000000000,100175,583,100143,183,100221,183,100139,183,100383,183,100104,183,100472,183,100096,183,100493,183,100091,183,100527,100,100015,100,100563,100,99957,100,100595,100,99954,100,100605,100,99925,100,100873,100,99912,100
2019-06-28 09:54:01.552803331,100175,583,100143,83,100221,183,100139,183,100383,183,100104,183,100472,183,100096,183,100493,183,100091,183,100527,100,100015,100,100563,100,99957,100,100595,100,99954,100,100605,100,99925,100,100873,100,99912,100
2019-06-28 09:54:10.000000000,100175,641,100139,241,100221,237,100104,237,100383,237,100096,237,100472,100,100091,100,100493,100,100015,100,100527,100,99957,100,100563,100,99954,100,100595,100,99925,100,100605,100,99912,100,100873,100,99899,100
2019-06-28 09:54:20.000000000,100175,916,100139,516,100221,100,100104,100,100383,100,100096,100,100472,100,100091,100,100493,100,100015,100,100527,100,99957,100,100563,100,99954,100,100595,100,99925,100,100605,100,99912,100,100873,100,99899,100
2019-06-28 09:54:30.000000000,100175,916,100139,516,100221,100,100104,100,100383,100,100096,100,100472,100,100091,100,100493,100,100015,100,100527,100,99957,100,100563,100,99954,100,100595,100,99925,100,100605,100,99912,100,100873,100,99899,100
2019-06-28 09:54:40.000000000,100175,916,100139,516,100221,100,100104,100,100383,100,100096,100,100472,100,100091,100,100493,100,100015,100,100527,100,99957,100,100563,100,99954,100,100595,100,99925,100,100605,100,99912,100,100873,100,99899,100
2019-06-28 09:54:50.000000000,100175,583,100139,183,100221,183,100104,183,100383,183,100096,183,100472,183,100091,183,100493,183,100015,183,100527,100,99957,100,100563,100,99954,100,100595,100,99925,100,100605,100,99912,100,100873,100,99899,100
2019-06-28 09:55:00.000000000,100175,641,100139,241,100221,237,100104,237,100383,237,100096,237,100472,100,100091,100,100493,100,100015,100,100527,100,99957,100,100563,100,99954,100,100595,100,99925,100,100605,100,99912,100,100873,100,99899,100
2019-06-28 09:55:10.000000000,100175,641,100139,241,100221,237,100104,237,100383,237,100096,237,100472,100,100091,100,100493,100,100015,100,100527,100,99957,100,100563,100,99954,100,100595,100,99925,100,100605,100,99912,100,100873,100,99899,100
2019-06-28 09:55:20.000000000,100175,604,100139,204,100221,204,100104,204,100383,204,100096,204,100472,204,100091,204,100493,100,100015,100,100527,100,99957,100,100563,100,99954,100,100595,100,99925,100,100605,100,99912,100,100873,100,99899,100
2019-06-28 09:55:28.032901172,100175,604,100139,104,100221,204,100104,204,100383,204,100096,204,100472,204,100091,204,100493,100,100015,100,100527,100,99957,100,100563,100,99954,100,100595,100,99925,100,100605,100,99912,100,100873,100,99899,100
2019-06-28 09:55:30.000000000,100175,604,100104,204,100221,204,100096,204,100383,204,100091,204,100472,204,100015,204,100493,100,99957,100,100527,100,99954,100,100563,100,99925,100,100595,100,99912,100,100605,100,99899,100,100873,100,99898,100
2019-06-28 09:55:40.000000000,100175,604,100104,204,100221,204,100096,204,100383,204,100091,204,100472,204,100015,204,100493,100,99957,100,100527,100,99954,100,100563,100,99925,100,100595,100,99912,100,100605,100,99899,100,100873,100,99898,100
2019-06-28 09:55:49.973530967,100175,604,100104,204,100221,204,100096,204,100383,204,100091,104,100472,204,100015,204,100493,100,99957,100,100527,100,99954,100,100563,100,99925,100,100595,100,99912,100,100605,100,99899,100,100873,100,99898,100
2019-06-28 09:55:50.000000000,100175,916,100104,516,100221,100,100096,100,100383,100,100015,100,100472,100,99957,100,100493,100,99954,100,100527,100,99925,100,100563,100,99912,100,100595,100,99899,100,100605,100,99898,100,100873,100,99814,100
2019-06-28 09:56:00.000000000,100175,916,100104,516,100221,100,100096,100,100383,100,100015,100,100472,100,99957,100,100493,100,99954,100,100527,100,99925,100,100563,100,99912,100,100595,100,99899,100,100605,100,99898,100,100873,100,99814,100
2019-06-28 09:56:10.000000000,100175,916,100104,516,100221,100,100096,100,100383,100,100015,100,100472,100,99957,100,100493,100,99954,100,100527,100,99925,100,100563,100,99912,100,100595,100,99899,100,100605,100,99898,100,100873,100,99814,100
2019-06-28 09:56:20.000000000,100175,641,100104,241,100221,237,100096,237,100383,237,100015,237,100472,100,99957,100,100493,100,99954,100,100527,100,99925,100,100563,100,99912,100,100595,100,99899,100,100605,100,99898,100,100873,100,99814,100
2019-06-28 09:56:30.000000000,100175,916,100104,516,100221,100,100096,100,100383,100,100015,100,100472,100,99957,100,100493,100,99954,100,100527,100,99925,100,100563,100,99912,100,100595,100,99899,100,100605,100,99898,100,100873,100,99814,100
2019-06-28 09:56:40.000000000,100175,641,100104,241,100221,237,100096,237,100383,237,100015,237,100472,100,99957,100,100493,100,99954,100,100527,100,99925,100,100563,100,99912,100,100595,100,99899,100,100605,100,99898,100,100873,100,99814,100
2019-06-28 09:56:40.930584213,100143,100,100104,241,100175,641,100096,237,100221,237,100015,237,100383,237,99957,100,100472,100,99954,100,100493,100,99925,100,100527,100,99912,100,100563,100,99899,100,100595,100,99898,100,100605,100,99814,100
2019-06-28 09:56:50.000000000,100143,516,100104,516,100175,500,100096,100,100221,100,100015,100,100383,100,99957,100,100472,100,99954,100,100493,100,99925,100,100527,100,99912,100,100563,100,99899,100,100595,100,99898,100,100605,100,99814,100
2019-06-28 09:56:59.755565928,100143,616,100104,516,100175,500,100096,100,100221,100,100015,100,100383,100,99957,100,100472,100,99954,100,100493,100,99925,100,100527,100,99912,100,100563,100,99899,100,100595,100,99898,100,100605,100,99814,100
2019-06-28 09:57:00.000000000,100143,283,100104,183,100175,583,100096,183,100221,183,100015,183,100383,183,99957,183,100472,183,99954,183,100493,100,99925,100,100527,100,99912,100,100563,100,99899,100,100595,100,99898,100,100605,100,99814,100
2019-06-28 09:57:00.709318655,100143,283,100104,183,100175,583,100096,183,100221,183,100015,183,100383,183,99957,83,100472,183,99954,183,100493,100,99925,100,100527,100,99912,100,100563,100,99899,100,100595,100,99898,100,100605,100,99814,100
2019-06-28 09:57:10.000000000,100143,341,100104,241,100175,637,100096,237,100221,237,100015,237,100383,100,99954,100,100472,100,99925,100,100493,100,99912,100,100527,100,99899,100,100563,100,99898,100,100595,100,99814,100,100605,100,99785,100
2019-06-28 09:57:20.000000000,100143,616,100104,516,100175,500,100096,100,100221,100,100015,100,100383,100,99954,100,100472,100,99925,100,100493,100,99912,100,100527,100,99899,100,100563,100,99898,100,100595,100,99814,100,100605,100,99785,100
2019-06-28 09:57:24.017808067,100143,616,100104,516,100175,500,100096,100,100221,100,100015,100,100383,100,99954,100,100472,100,99925,100,100493,100,99912,100,100527,100,99899,100,100563,100,99898,100,100595,100,99814,100,100605,100,99785,100
2019-06-28 09:57:30.000000000,100143,616,100104,516,100175,500,100096,100,100221,100,100015,100,100383,100,99954,100,100472,100,99925,100,100493,100,99912,100,100527,100,99899,100,100563,100,99898,100,100595,100,99814,100,100605,100,99785,100
2019-06-28 09:57:35.184905350,100143,616,100104,516,100175,500,100096,100,100221,100,100015,100,100383,100,99954,100,100472,100,99925,100,100493,100,99912,100,100527,100,99899,100,100563,100,99898,100,100595,100,99814,100,100605,100,99785,100
2019-06-28 09:57:39.773015786,100143,716,100104,516,100175,400,100096,100,100221,100,100015,100,100383,100,99954,100,100472,100,99925,100,100493,100,99912,100,100527,100,99899,100,100563,100,99898,100,100595,100,99814,100,100605,100,99785,100
2019-06-28 09:57:40.000000000,100143,404,100104,204,100175,504,100096,204,100221,204,100015,204,100383,204,99954,204,100472,100,99925,100,100493,100,99912,100,100527,100,99899,100,100563,100,99898,100,100595,100,99814,100,100605,100,99785,100
2019-06-28 09:57:50.000000000,100143,508,100104,308,100175,608,100096,308,100221,100,100015,100,100383,100,99954,100,100472,100,99925,100,100493,100,99912,100,100527,100,99899,100,100563,100,99898,100,100595,100,99814,100,100605,100,99785,100
2019-06-28 09:58:00.000000000,100143,383,100104,183,100175,483,100096,183,100221,183,100015,183,100383,183,99954,183,100472,183,99925,183,100493,100,99912,100,100527,100,99899,100,100563,100,99898,100,100595,100,99814,100,100605,100,99785,100
2019-06-28 09:58:08.289885830,100143,383,100104,83,100175,483,100096,183,100221,183,100015,183,100383,183,99954,183,100472,183,99925,183,100493,100,99912,100,100527,100,99899,100,100563,100,99898,100,100595,100,99814,100,100605,100,99785,100
2019-06-28 09:58:10.000000000,100143,404,100096,204,100175,504,100015,204,100221,204,99954,204,100383,204,99925,204,100472,100,99912,100,100493,100,99899,100,100527,100,99898,100,100563,100,99814,100,100595,100,99785,100,100605,100,99003,100
2019-06-28 09:58:12.242574507,100139,100,100096,204,100143,404,100015,204,100175,504,99954,204,100221,204,99925,204,100383,204,99912,100,100472,100,99899,100,100493,100,99898,100,100527,100,99814,100,100563,100,99785,100,100595,100,99003,100
2019-06-28 09:58:15.179690256,100139,100,100096,104,100143,404,100015,204,100175,504,99954,204,100221,104,99925,204,100383,204,99912,100,100472,100,99899,100,100493,100,99898,100,100527,100,99814,100,100563,100,99785,100,100595,100,99003,100
2019-06-28 09:58:20.000000000,100139,308,100015,308,100143,508,99954,308,100175,400,99925,100,100383,100,99912,100,100472,100,99899,100,100493,100,99898,100,100527,100,99814,100,100563,100,99785,100,100595,100,99003,100,100605,100,98819,100
2019-06-28 09:58:30.000000000,100139,204,100015,204,100143,404,99954,204,100175,504,99925,204,100383,204,99912,204,100472,100,99899,100,100493,100,99898,100,100527,100,99814,100,100563,100,99785,100,100595,100,99003,100,100605,100,98819,100
2019-06-28 09:58:40.000000000,100139,516,100015,516,100143,300,99954,100,100175,400,99925,100,100383,100,99912,100,100472,100,99899,100,100493,100,99898,100,100527,100,99814,100,100563,100,99785,100,100595,100,99003,100,100605,100,98819,100
2019-06-28 09:58:48.564876630,100139,516,100015,516,100143,300,99954,100,100175,400,99925,100,100383,100,99899,100,100472,100,99898,100,100493,100,99814,100,100527,100,99785,100,100563,100,99323,100,100595,100,99003,100,100605,100,98819,100
2019-06-28 09:58:50.000000000,100139,241,100015,241,100143,437,99954,237,100175,537,99925,237,100383,100,99899,100,100472,100,99898,100,100493,100,99814,100,100527,100,99785,100,100563,100,99323,100,100595,100,99003,100,100605,100,98819,100
2019-06-28 09:58:54.611582027,100139,141,100015,241,100143,437,99954,237,100175,537,99925,237,100383,100,99899,100,100472,100,99898,100,100493,100,99814,100,100527,100,99785,100,100563,100,99323,100,100595,100,99003,100,100605,100,98819,100
2019-06-28 09:58:55.876053015,100139,141,100015,141,100143,437,99954,237,100175,537,99925,237,100383,100,99899,100,100472,100,99898,100,100493,100,99814,100,100527,100,99785,100,100563,100,99323,100,100595,100,99003,100,100605,100,98819,100
2019-06-28 09:59:00.000000000,100143,441,99954,241,100175,537,99925,237,100383,237,99899,237,100472,100,99898,100,100493,100,99814,100,100527,100,99785,100,100563,100,99323,100,100595,100,99003,100,100605,100,98819,100,100873,100,,
2019-06-28 09:59:10.000000000,100143,716,99954,516,100175,400,99925,100,100383,100,99899,100,100472,100,99898,100,100493,100,99814,100,100527,100,99785,100,100563,100,99323,100,100595,100,99003,100,100605,100,98819,100,100873,100,,
2019-06-28 09:59:12.744886571,100143,716,99954,516,100175,400,99925,100,100383,100,99899,100,100472,100,99898,100,100493,100,99814,100,100527,100,99785,100,100563,100,99323,100,100595,100,99171,100,100873,100,99003,100,100978,100,98819,100
2019-06-28 09:59:20.000000000,100143,404,99954,204,100175,504,99925,204,100383,204,99899,204,100472,204,99898,204,100493,100,99814,100,100527,100,99785,100,100563,100,99323,100,100595,100,99171,100,100873,100,99003,100,100978,100,98819,100
2019-06-28 09:59:30.000000000,100143,508,99954,308,100175,608,99925,308,100383,100,99899,100,100472,100,99898,100,100493,100,99814,100,100527,100,99785,100,100563,100,99323,100,100595,100,99171,100,100873,100,99003,100,100978,100,98819,100
2019-06-28 09:59:36.353264568,100096,100,99954,308,100143,508,99925,308,100175,608,99899,100,100383,100,99898,100,100472,100,99814,100,100493,100,99785,100,100527,100,99323,100,100563,100,99171,100,100595,100,99003,100,100873,100,98819,100
2019-06-28 09:59:40.000000000,100096,308,99954,308,100143,508,99925,308,100175,400,99899,100,100383,100,99898,100,100472,100,99814,100,100493,100,99785,100,100527,100,99323,100,100563,100,99171,100,100595,100,99003,100,100873,100,98819,100
2019-06-28 09:59:40.288380731,100096,308,99954,208,100143,508,99925,308,100175,400,99899,100,100383,100,99898,100,100472,100,99814,100,100493,100,99785,100,100527,100,99323,100,100563,100,99171,100,100595,100,99003,100,100873,100,98819,100
2019-06-28 09:59:45.255430163,100096,308,99954,208,100143,508,99925,308,100175,400,99899,100,100383,100,99898,100,100472,100,99814,100,100493,100,99323,100,100527,100,99172,100,100563,100,99171,100,100595,100,99003,100,100873,100,98819,100
2019-06-28 09:59:50.000000000,100096,308,99925,308,100143,508,99899,308,100175,400,99898,100,100383,100,99814,100,100472,100,99323,100,100493,100,99172,100,100527,100,99171,100,100563,100,99003,100,100595,100,98819,100,100873,100,,
2019-06-28 10:00:00.000000000,100096,308,99925,308,100143,508,99899,308,100175,400,99898,100,100383,100,99814,100,100472,100,99323,100,100493,100,99172,100,100527,100,99171,100,100563,100,99003,100,100595,100,98819,100,100873,100,,
2019-06-28 10:00:02.572328013,100096,308,99925,208,100143,508,99899,308,100175,400,99898,100,100383,100,99814,100,100472,100,99323,100,100527,100,99172,100,100563,100,99171,100,100595,100,99003,100,100873,100,98819,100,100978,100,,
2019-06-28 10:00:03.410901943,100096,308,99925,108,100143,508,99899,308,100175,400,99898,100,100472,100,99814,100,100527,100,99323,100,100563,100,99172,100,100595,100,99171,100,100873,100,99003,100,100978,100,98819,100,101011,100,,
2019-06-28 10:00:10.000000000,100096,308,99899,308,100143,508,99898,308,100175,400,99814,100,100472,100,99323,100,100527,100,99172,100,100563,100,99171,100,100595,100,99003,100,100873,100,98819,100,100978,100,,,101011,100,,
2019-06-28 10:00:10.246166135,100096,308,99899,208,100143,508,99898,308,100175,400,99814,100,100472,100,99323,100,100527,100,99172,100,100595,100,99171,100,100873,100,99003,100,100978,100,98819,100,101011,100,,,101339,100,,
2019-06-28 10:00:20.000000000,100096,516,99898,516,100143,300,99814,100,100175,400,99323,100,100472,100,99172,100,100527,100,99171,100,100595,100,99003,100,100873,100,98819,100,100978,100,,,101011,100,,,101339,100,,
2019-06-28 10:00:26.856262948,100096,516,99898,516,100143,300,99814,100,100175,400,99323,100,100472,100,99172,100,100527,100,99171,100,100595,100,99048,100,100873,100,99003,100,100978,100,98819,100,101011,100,,,101339,100,,
2019-06-28 10:00:30.000000000,100096,308,99898,308,100143,508,99814,308,100175,400,99323,100,100472,100,99172,100,100527,100,99171,100,100595,100,99048,100,100873,100,99003,100,100978,100,98819,100,101011,100,,,101339,100,,
2019-06-28 10:00:40.000000000,100096,308,99898,308,100143,508,99814,308,100175,400,99323,100,100472,100,99172,100,100527,100,99171,100,100595,100,99048,100,100873,100,99003,100,100978,100,98819,100,101011,100,,,101339,100,,
2019-06-28 10:00:50.000000000,100096,308,99898,308,100143,508,99814,308,100175,400,99323,100,100472,100,99172,100,100527,100,99171,100,100595,100,99048,100,100873,100,99003,100,100978,100,98819,100,101011,100,,,101339,100,,
2019-06-28 10:00:57.333299776,100096,308,99898,208,100143,508,99814,308,100175,400,99323,100,100472,100,99172,100,100527,100,99171,100,100595,100,99048,100,100873,100,99003,100,100978,100,98819,100,101011,100,,,101339,100,,
2019-06-28 10:01:00.000000000,100096,308,99814,308,100143,508,99323,308,100175,400,99172,100,100472,100,99171,100,100527,100,99048,100,100595,100,99003,100,100873,100,98819,100,100978,100,,,101011,100,,,101339,100,,
2019-06-28 10:01:03.168763615,99899,100,99814,308,100096,308,99323,308,100143,508,99172,100,100175,400,99171,100,100472,100,99048,100,100527,100,99003,100,100595,100,98819,100,100873,100,,,100978,100,,,101011,100,,
2019-06-28 10:01:10.000000000,99899,308,99814,308,100096,308,99323,308,100143,300,99172,100,100175,400,99171,100,100472,100,99048,100,100527,100,99003,100,100595,100,98819,100,100873,100,,,100978,100,,,101011,100,,
2019-06-28 10:01:20.000000000,99899,204,99814,204,100096,204,99323,204,100143,404,99172,204,100175,504,99171,204,100472,100,99048,100,100527,100,99003,100,100595,100,98819,100,100873,100,,,100978,100,,,101011,100,,
2019-06-28 10:01:27.826964730,99899,204,99814,104,100096,204,99323,204,100143,404,99172,204,100175,504,99171,204,100472,100,99048,100,100527,100,99003,100,100595,100,98819,100,100873,100,,,100978,100,,,101011,100,,
2019-06-28 10:01:30.000000000,99899,308,99323,308,100096,308,99172,308,100143,300,99171,100,100175,400,99048,100,100472,100,99003,100,100527,100,98819,100,100595,100,,,100873,100,,,100978,100,,,101011,100,,
2019-06-28 10:01:31.809325279,99899,308,99323,208,100096,308,99172,308,100143,300,99171,100,100175,400,99048,100,100472,100,99003,100,100527,100,98819,100,100595,100,,,100873,100,,,100978,100,,,101011,100,,
2019-06-28 10:01:40.000000000,99899,516,99172,516,100096,100,99171,100,100143,300,99048,100,100175,400,99003,100,100472,100,98819,100,100527,100,,,100595,100,,,100873,100,,,100978,100,,,101011,100,,
2019-06-28 10:01:45.201908419,99899,516,99172,416,100096,100,99171,100,100143,300,99048,100,100175,400,99003,100,100472,100,98819,100,100527,100,,,100595,100,,,100873,100,,,100978,100,,,101011,100,,
2019-06-28 10:01:48.464946496,99323,100,99172,416,99899,516,99171,100,100096,100,99048,100,100143,300,99003,100,100175,400,98819,100,100472,100,,,100527,100,,,100595,100,,,100873,100,,,100978,100,,
2019-06-28 10:01:50.000000000,99323,183,99171,183,99899,183,99048,183,100096,183,99003,183,100143,383,98819,183,100175,483,98818,83,100472,100,,,100527,100,,,100595,100,,,100873,100,,,100978,100,,
2019-06-28 10:02:00.000000000,99323,516,99171,516,99899,100,99048,100,100096,100,99003,100,100143,300,98819,100,100175,400,,,100472,100,,,100527,100,,,100595,100,,,100873,100,,,100978,100,,
2019-06-28 10:02:10.000000000,99323,516,99171,516,99899,100,99048,100,100096,100,99003,100,100143,300,98819,100,100175,400,,,100472,100,,,100527,100,,,100595,100,,,100873,100,,,100978,100,,
2019-06-28 10:02:20.000000000,99323,204,99171,204,99899,204,99048,204,100096,204,99003,204,100143,404,98819,204,100175,400,,,100472,100,,,100527,100,,,100595,100,,,100873,100,,,100978,100,,
2019-06-28 10:02:20.947871197,99323,204,99171,204,99607,100,99048,204,99899,204,99003,204,100096,204,98819,204,100143,404,,,100175,400,,,100472,100,,,100527,100,,,100595,100,,,100873,100,,
2019-06-28 10:02:30.000000000,99323,241,99171,241,99607,237,99048,237,99899,237,99003,237,100096,100,98819,100,100143,300,,,100175,400,,,100472,100,,,100527,100,,,100595,100,,,100873,100,,
2019-06-28 10:02:40.000000000,99323,308,99171,308,99607,308,99048,308,99899,100,99003,100,100096,100,98819,100,100143,300,,,100175,400,,,100472,100,,,100527,100,,,100595,100,,,100873,100,,
2019-06-28 10:02:50.000000000,99323,241,99171,241,99607,237,99048,237,99899,237,99003,237,100096,100,98819,100,100143,300,,,100175,400,,,100472,100,,,100527,100,,,100595,100,,,100873,100,,
2019-06-28 10:03:00.000000000,99323,241,99171,241,99607,237,99048,237,99899,237,99003,237,100096,100,98819,100,100143,300,,,100175,400,,,100472,100,,,100527,100,,,100595,100,,,100873,100,,
2019-06-28 10:03:04.173972428,99323,241,99171,241,99607,237,99048,237,99807,100,99003,237,99899,237,98819,100,100096,100,,,100143,300,,,100175,400,,,100472,100,,,100527,100,,,100595,100,,
2019-06-28 10:03:05.427240400,99323,141,99171,241,99607,237,99048,237,99807,100,99003,237,99899,237,98819,100,100096,100,,,100143,300,,,100175,400,,,100472,100,,,100527,100,,,100595,100,,
2019-06-28 10:03:10.000000000,99607,241,99171,241,99807,237,99048,237,99899,237,99003,237,100096,100,98819,100,100143,300,,,100175,400,,,100472,100,,,100527,100,,,100595,100,,,100873,100,,
2019-06-28 10:03:20.000000000,99607,204,99171,204,99807,204,99048,204,99899,204,99003,204,100096,204,98819,204,100143,300,,,100175,400,,,100472,100,,,100527,100,,,100595,100,,,100873,100,,
2019-06-28 10:03:30.000000000,99607,516,99171,516,99807,100,99048,100,99899,100,99003,100,100096,100,98819,100,100143,300,,,100175,400,,,100472,100,,,100527,100,,,100595,100,,,100873,100,,
2019-06-28 10:03:40.000000000,99607,516,99171,516,99807,100,99048,100,99899,100,99003,100,100096,100,98819,100,100143,300,,,100175,400,,,100472,100,,,100527,100,,,100595,100,,,100873,100,,
2019-06-28 10:03:50.000000000,99607,516,99171,516,99807,100,99048,100,99899,100,99003,100,100096,100,98819,100,100143,300,,,100175,400,,,100472,100,,,100527,100,,,100595,100,,,100873,100,,
2019-06-28 10:03:50.754512030,99607,516,99171,516,99807,100,99048,100,99899,100,99003,100,100096,100,98887,100,100143,300,98819,100,100175,400,,,100472,100,,,100527,100,,,100595,100,,,100873,100,,
2019-06-28 10:03:56.504457335,99322,100,99171,516,99607,516,99048,100,99807,100,99003,100,99899,100,98887,100,100096,100,98819,100,100143,300,,,100175,400,,,100472,100,,,100527,100,,,100595,100,,
2019-06-28 10:04:00.000000000,99322,516,99171,516,99607,100,99048,100,99807,100,99003,100,99899,100,98887,100,100096,100,98819,100,100143,300,,,100175,400,,,100472,100,,,100527,100,,,100595,100,,
2019-06-28 10:04:09.151959148,99322,516,99171,516,99607,100,99048,100,99807,100,99003,100,99899,100,98887,100,100096,100,98854,100,100143,300,98819,100,100175,400,,,100472,100,,,100527,100,,,100595,100,,
2019-06-28 10:04:10.000000000,99322,183,99171,183,99607,183,99048,183,99807,183,99003,183,99899,183,98887,183,100096,183,98854,183,100143,300,98819,100,100175,400,,,100472,100,,,100527,100,,,100595,100,,
2019-06-28 10:04:20.000000000,99322,241,99171,241,99607,237,99048,237,99807,237,99003,237,99899,100,98887,100,100096,100,98854,100,100143,300,98819,100,100175,400,,,100472,100,,,100527,100,,,100595,100,,
2019-06-28 10:04:30.000000000,99322,183,99171,183,99607,183,99048,183,99807,183,99003,183,99899,183,98887,183,100096,183,98854,183,100143,300,98819,100,100175,400,,,100472,100,,,100527,100,,,100595,100,,
2019-06-28 10:04:38.986822943,99322,183,99171,183,99607,183,99048,183,99807,183,99003,183,99899,183,98887,183,100096,183,98854,183,100143,300,98819,100,100175,300,,,100472,100,,,100527,100,,,100595,100,,
2019-06-28 10:04:40.000000000,99322,308,99171,308,99607,308,99048,308,99807,100,99003,100,99899,100,98887,100,100096,100,98854,100,100143,300,98819,100,100175,300,,,100472,100,,,100527,100,,,100595,100,,
2019-06-28 10:04:50.000000000,99322,183,99171,183,99607,183,99048,183,99807,183,99003,183,99899,183,98887,183,100096,183,98854,183,100143,300,98819,100,100175,300,,,100472,100,,,100527,100,,,100595,100,,
2019-06-28 10:04:51.818804060,99322,183,99171,183,99607,183,99048,183,99807,183,99003,183,99899,183,98887,183,100096,183,98854,183,100143,300,98819,100,100175,300,98724,100,100472,100,,,100527,100,,,100595,100,,
2019-06-28 10:05:00.000000000,99322,241,99171,241,99607,237,99048,237,99807,237,99003,237,99899,100,98887,100,100096,100,98854,100,100143,300,98819,100,100175,300,98724,100,100472,100,,,100527,100,,,100595,100,,
2019-06-28 10:05:02.872380326,99322,341,99171,241,99607,237,99048,237,99807,237,99003,237,99899,100,98887,100,100096,100,98854,100,100143,300,98819,100,100175,300,98724,100,100472,100,,,100527,100,,,100595,100,,
2019-06-28 10:05:08.785026665,99322,341,99171,141,99607,237,99048,237,99807,237,99003,237,99899,100,98887,100,100096,100,98854,100,100143,300,98819,100,100175,300,98724,100,100472,100,,,100527,100,,,100595,100,,
2019-06-28 10:05:10.000000000,99322,304,99048,204,99607,204,99003,204,99807,204,98887,204,99899,204,98854,204,100096,100,98819,100,100143,300,98724,100,100175,300,,,100472,100,,,100527,100,,,100595,100,,
2019-06-28 10:05:19.587067463,99322,304,99048,104,99607,204,99003,204,99807,204,98887,204,99899,204,98854,204,100096,100,98819,100,100143,300,98724,100,100175,300,,,100472,100,,,100527,100,,,100873,100,,
2019-06-28 10:05:20.000000000,99322,304,99003,204,99607,204,98887,204,99807,204,98854,204,99899,204,98819,204,100096,100,98724,100,100143,300,,,100175,300,,,100472,100,,,100527,100,,,100873,100,,
2019-06-28 10:05:27.703918485,99322,304,99003,104,99607,204,98887,204,99807,204,98854,204,99899,204,98819,204,100096,100,98724,100,100143,300,,,100175,300,,,100472,100,,,100527,100,,,100873,100,,
2019-06-28 10:05:30.000000000,99322,408,98887,308,99607,308,98854,308,99807,100,98819,100,99899,100,98724,100,100096,100,,,100143,300,,,100175,300,,,100472,100,,,100527,100,,,100873,100,,
2019-06-28 10:05:31.668487093,99048,100,98887,308,99322,408,98854,308,99607,308,98819,100,99807,100,98724,100,99899,100,,,100096,100,,,100143,300,,,100175,200,,,100472,100,,,100527,100,,
2019-06-28 10:05:40.000000000,99048,241,98887,241,99322,337,98854,237,99607,237,98819,237,99807,100,98724,100,99899,100,,,100096,100,,,100143,300,,,100175,200,,,100472,100,,,100527,100,,
2019-06-28 10:05:50.000000000,99048,516,98887,516,99322,200,98854,100,99607,100,98819,100,99807,100,98724,100,99899,100,,,100096,100,,,100143,300,,,100175,200,,,100472,100,,,100527,100,,
2019-06-28 10:05:50.403743302,99048,516,98887,516,99322,200,98854,100,99607,100,98819,100,99807,100,98724,100,99899,100,98506,100,100096,100,,,100143,300,,,100175,200,,,100472,100,,,100527,100,,
2019-06-28 10:06:00.000000000,99048,516,98887,516,99322,200,98854,100,99607,100,98819,100,99807,100,98724,100,99899,100,98506,100,100096,100,,,100143,300,,,100175,200,,,100472,100,,,100527,100,,
2019-06-28 10:06:10.000000000,99048,308,98887,308,99322,408,98854,308,99607,100,98819,100,99807,100,98724,100,99899,100,98506,100,100096,100,,,100143,300,,,100175,200,,,100472,100,,,100527,100,,
2019-06-28 10:06:19.875663018,99048,308,98887,308,99322,408,98854,308,99607,100,98819,100,99807,100,98724,100,99899,100,98506,100,100096,100,,,100143,200,,,100175,200,,,100472,100,,,100527,100,,
2019-06-28 10:06:20.000000000,99048,516,98887,516,99322,200,98854,100,99607,100,98819,100,99807,100,98724,100,99899,100,98506,100,100096,100,,,100143,200,,,100175,200,,,100472,100,,,100527,100,,
2019-06-28 10:06:26.686290348,99048,516,98887,416,99322,200,98854,100,99607,100,98819,100,99807,100,98724,100,99899,100,98506,100,100096,100,,,100143,200,,,100175,200,,,100472,100,,,100527,100,,
2019-06-28 10:06:26.745009121,99048,516,98887,416,99322,200,98854,100,99607,100,98819,100,99807,100,98724,100,99899,100,98506,100,100096,100,98278,100,100143,200,,,100175,200,,,100472,100,,,100527,100,,
2019-06-28 10:06:29.104759177,99048,516,98887,416,99322,200,98854,100,99607,100,98819,100,99807,100,98724,100,99899,100,98506,100,100096,100,98301,100,100143,200,98278,100,100175,200,,,100472,100,,,100527,100,,
2019-06-28 10:06:30.000000000,99048,308,98854,308,99322,408,98819,308,99607,100,98724,100,99807,100,98506,100,99899,100,98301,100,100096,100,98278,100,100143,200,,,100175,200,,,100472,100,,,100527,100,,
2019-06-28 10:06:40.000000000,99048,308,98854,308,99322,408,98819,308,99607,100,98724,100,99807,100,98506,100,99899,100,98301,100,100096,100,98278,100,100143,200,,,100175,200,,,100472,100,,,100527,100,,
2019-06-28 10:06:42.536969920,99048,308,98854,208,99322,408,98819,308,99607,100,98724,100,99807,100,98506,100,99899,100,98301,100,100096,100,98278,100,100143,200,,,100175,200,,,100472,100,,,100527,100,,
2019-06-28 10:06:50.000000000,99048,516,98819,516,99322,200,98724,100,99607,100,98506,100,99807,100,98301,100,99899,100,98278,100,100096,100,,,100143,200,,,100175,200,,,100472,100,,,100527,100,,
2019-06-28 10:07:00.000000000,99048,516,98819,516,99322,200,98724,100,99607,100,98506,100,99807,100,98301,100,99899,100,98278,100,100096,100,,,100143,200,,,100175,200,,,100472,100,,,100527,100,,
2019-06-28 10:07:07.264127505,98887,100,98819,516,99048,516,98724,100,99322,200,98506,100,99607,100,98301,100,99807,100,98278,100,99899,100,,,100096,100,,,100143,200,,,100175,200,,,100472,100,,
2019-06-28 10:07:10.000000000,98887,183,98819,183,99048,183,98724,183,99322,283,98506,183,99607,183,98301,183,99807,183,98278,183,99899,100,,,100096,100,,,100143,200,,,100175,200,,,100472,100,,
2019-06-28 10:07:18.568661507,98887,183,98819,83,99048,183,98724,183,99322,283,98506,183,99607,183,98301,183,99807,183,98278,183,99899,100,,,100096,100,,,100143,200,,,100175,200,,,100472,100,,
2019-06-28 10:07:20.000000000,98887,204,98724,204,99048,204,98506,204,99322,304,98301,204,99607,204,98278,204,99807,100,,,99899,100,,,100096,100,,,100143,200,,,100175,200,,,100472,100,,
2019-06-28 10:07:30.000000000,98887,308,98724,308,99048,308,98506,308,99322,200,98301,100,99607,100,98278,100,99807,100,,,99899,100,,,100096,100,,,100143,200,,,100175,200,,,100472,100,,
2019-06-28 10:07:36.264567930,98854,100,98724,308,98887,308,98506,308,99048,308,98301,100,99322,200,98278,100,99607,100,,,99807,100,,,99899,100,,,100096,100,,,100143,200,,,100175,200,,
2019-06-28 10:07:40.000000000,98854,204,98724,204,98887,204,98506,204,99048,204,98301,204,99322,304,98278,204,99607,100,,,99807,100,,,99899,100,,,100096,100,,,100143,200,,,100175,200,,
2019-06-28 10:07:50.000000000,98854,516,98724,516,98887,100,98506,100,99048,100,98301,100,99322,200,98278,100,99607,100,,,99807,100,,,99899,100,,,100096,100,,,100143,200,,,100175,200,,
2019-06-28 10:08:00.000000000,98854,204,98724,204,98887,204,98506,204,99048,204,98301,204,99322,304,98278,204,99607,100,,,99807,100,,,99899,100,,,100096,100,,,100143,200,,,100175,200,,
2019-06-28 10:08:07.170439206,98854,204,98724,204,98887,204,98506,204,99048,204,98301,204,99322,304,98278,204,99607,100,,,99807,100,,,99899,100,,,100096,100,,,100143,100,,,100175,200,,
2019-06-28 10:08:10.000000000,98854,516,98724,516,98887,100,98506,100,99048,100,98301,100,99322,200,98278,100,99607,100,,,99807,100,,,99899,100,,,100096,100,,,100143,100,,,100175,200,,
2019-06-28 10:08:11.731902118,98854,416,98724,516,98887,100,98506,100,99048,100,98301,100,99322,200,98278,100,99607,100,,,99807,100,,,99899,100,,,100096,100,,,100143,100,,,100175,200,,
2019-06-28 10:08:13.524732264,98750,100,98724,516,98854,416,98506,100,98887,100,98301,100,99048,100,98278,100,99322,200,,,99607,100,,,99807,100,,,99899,100,,,100096,100,,,100143,100,,
2019-06-28 10:08:20.000000000,98750,516,98724,516,98887,100,98506,100,99048,100,98301,100,99322,200,98278,100,99607,100,,,99807,100,,,99899,100,,,100096,100,,,100143,100,,,100175,200,,
2019-06-28 10:08:30.000000000,98750,516,98724,516,98887,100,98506,100,99048,100,98301,100,99322,200,98278,100,99607,100,,,99807,100,,,99899,100,,,100096,100,,,100143,100,,,100175,200,,
2019-06-28 10:08:37.661858164,98750,516,98724,516,98887,100,98565,100,99048,100,98506,100,99322,200,98301,100,99607,100,98278,100,99807,100,,,99899,100,,,100096,100,,,100143,100,,,100175,200,,
2019-06-28 10:08:40.000000000,98750,516,98724,516,98887,100,98565,100,99048,100,98506,100,99322,200,98301,100,99607,100,98278,100,99807,100,,,99899,100,,,100096,100,,,100143,100,,,100175,200,,
2019-06-28 10:08:48.536074402,98750,516,98724,516,98887,100,98583,100,99048,100,98565,100,99322,200,98506,100,99607,100,98301,100,99807,100,98278,100,99899,100,,,100096,100,,,100143,100,,,100175,200,,
2019-06-28 10:08:50.000000000,98750,204,98724,204,98887,204,98583,204,99048,204,98565,204,99322,304,98506,204,99607,100,98301,100,99807,100,98278,100,99899,100,,,100096,100,,,100143,100,,,100175,200,,
2019-06-28 10:08:56.847672292,98750,204,98724,204,98854,100,98583,204,98887,204,98565,204,99048,204,98506,204,99322,304,98301,100,99607,100,98278,100,99807,100,,,99899,100,,,100096,100,,,100143,100,,
2019-06-28 10:09:00.000000000,98750,183,98724,183,98854,183,98583,183,98887,183,98565,183,99048,183,98506,183,99322,283,98301,183,99607,100,98278,100,99807,100,,,99899,100,,,100096,100,,,100143,100,,
2019-06-28 10:09:10.000000000,98750,204,98724,204,98854,204,98583,204,98887,204,98565,204,99048,204,98506,204,99322,200,98301,100,99607,100,98278,100,99807,100,,,99899,100,,,100096,100,,,100143,100,,
2019-06-28 10:09:10.050274903,98750,204,98724,204,98854,304,98583,204,98887,204,98565,204,99048,204,98506,204,99322,200,98301,100,99607,100,98278,100,99807,100,,,99899,100,,,100096,100,,,100143,100,,
