,ask_price_1,ask_size_1,bid_price_1,bid_size_1,ask_price_2,ask_size_2,bid_price_2,bid_size_2,ask_price_3,ask_size_3,bid_price_3,bid_size_3,ask_price_4,ask_size_4,bid_price_4,bid_size_4,ask_price_5,ask_size_5,bid_price_5,bid_size_5,ask_price_6,ask_size_6,bid_price_6,bid_size_6,ask_price_7,ask_size_7,bid_price_7,bid_size_7,ask_price_8,ask_size_8,bid_price_8,bid_size_8,ask_price_9,ask_size_9,bid_price_9,bid_size_9,ask_price_10,ask_size_10,bid_price_10,bid_size_10
2019-06-28 09:30:00.000000000,99992,100,,,100096,100,,,,,,,,,,,,,,,,,,,,,,,,,,,,,,,,,,
2019-06-28 09:30:00.000000005,99992,100,99945,100,100088,100,99895,100,100096,100,,,,,,,,,,,,,,,,,,,,,,,,,,,,,,
2019-06-28 09:30:00.000000006,99992,100,99945,100,100088,100,99895,100,100096,100,99817,100,,,,,,,,,,,,,,,,,,,,,,,,,,,,
2019-06-28 09:30:00.000000009,99992,100,99945,100,100014,100,99937,100,100076,100,99895,100,100088,100,99817,100,100096,100,,,,,,,,,,,,,,,,,,,,,,
2019-06-28 09:30:00.000000010,99992,100,99945,100,100014,100,99937,100,100076,200,99895,100,100088,100,99817,100,100096,100,,,,,,,,,,,,,,,,,,,,,,
2019-06-28 09:30:00.000000012,100014,100,99945,100,100076,200,99937,100,100088,100,99895,100,100096,100,99817,100,,,,,,,,,,,,,,,,,,,,,,,,
2019-06-28 09:30:00.000000016,100014,100,99945,100,100076,200,99937,100,100078,100,99895,100,100088,100,99817,100,100096,100,,,,,,,,,,,,,,,,,,,,,,
2019-06-28 09:30:00.000000017,100076,200,99992,100,100078,100,99945,100,100088,100,99937,100,100096,100,99895,100,,,99879,100,,,99817,100,,,,,,,,,,,,,,,,
2019-06-28 09:30:00.000000018,100014,100,99945,100,100076,200,99937,100,100078,100,99895,100,100088,100,99879,100,100096,100,99817,100,,,,,,,,,,,,,,,,,,,,
2019-06-28 09:30:00.000000022,100014,100,99965,100,100076,200,99945,100,100078,100,99937,100,100088,100,99895,100,100096,100,99879,100,,,99865,100,,,99817,100,,,,,,,,,,,,
2019-06-28 09:30:00.000000027,100014,100,99965,100,100051,100,99945,100,100076,200,99937,100,100078,100,99895,100,100088,100,99879,100,100096,100,99865,100,,,99817,100,,,,,,,,,,,,
2019-06-28 09:30:00.000000028,100004,100,99965,100,100014,100,99945,100,100051,100,99937,100,100076,200,99895,100,100078,100,99879,100,100088,100,99865,100,100096,100,99817,100,,,,,,,,,,,,
2019-06-28 09:30:00.000000029,100004,100,99965,100,100014,100,99945,100,100051,100,99937,100,100076,200,99932,100,100078,100,99895,100,100088,100,99879,100,100096,100,99865,100,100135,100,99817,100,,,,,,,,
2019-06-28 09:30:00.000000030,100004,100,99965,100,100014,100,99945,100,100051,100,99937,100,100076,200,99932,100,100078,100,99920,100,100088,100,99895,100,100096,100,99879,100,100135,100,99865,100,,,99817,100,,,,
2019-06-28 09:30:00.000000031,100004,100,99971,100,100014,100,99965,100,100051,100,99945,100,100076,200,99937,100,100078,100,99932,100,100088,100,99920,100,100096,100,99895,100,100135,100,99879,100,,,99865,100,,,99817,100
2019-06-28 09:30:00.000000032,100004,100,99971,100,100014,100,99965,100,100051,100,99945,100,100076,200,99937,100,100078,100,99932,100,100088,100,99920,200,100096,100,99895,100,100135,100,99879,100,100176,100,99865,100,,,99817,100
2019-06-28 09:30:00.000000034,100004,100,99971,100,100014,100,99965,100,100051,100,99945,100,100076,200,99937,100,100078,100,99932,100,100086,100,99920,200,100088,100,99895,100,100096,100,99879,100,100135,100,99865,100,100176,100,99817,100
2019-06-28 09:30:00.000000035,100004,100,99971,100,100014,200,99965,100,100051,100,99945,100,100076,200,99937,100,100078,100,99932,100,100086,100,99920,200,100088,100,99895,100,100096,100,99879,100,100135,100,99865,100,100176,100,99817,100
2019-06-28 09:30:00.000000036,100004,100,99971,100,100014,200,99965,100,100051,100,99945,100,100076,200,99937,100,100078,100,99932,100,100086,100,99920,200,100088,100,99919,100,100096,100,99915,100,100135,100,99895,100,100176,100,99879,100
2019-06-28 09:30:00.000000037,100004,100,99971,100,100014,200,99965,100,100051,100,99945,100,100076,200,99937,100,100078,100,99932,100,100086,100,99920,200,100088,100,99919,100,100096,100,99915,100,100135,100,99895,100,100176,100,99879,100
2019-06-28 09:30:00.000000045,100004,100,99971,100,100014,200,99965,100,100051,100,99945,100,100055,100,99937,100,100076,200,99932,100,100078,100,99920,200,100086,100,99919,100,100088,100,99915,100,100096,100,99895,100,100135,100,99879,100
2019-06-28 09:30:00.000000046,100004,100,99971,100,100014,200,99965,100,100027,100,99945,100,100051,100,99937,100,100055,100,99932,100,100076,200,99920,200,100078,100,99919,100,100086,100,99915,100,100088,100,99895,100,100096,100,99879,100
2019-06-28 09:30:00.000000048,100004,100,99971,100,100014,200,99965,100,100027,100,99945,100,100051,100,99937,100,100055,100,99932,100,100076,200,99920,200,100078,100,99919,100,100086,100,99915,100,100088,100,99895,100,100096,100,99879,100
2019-06-28 09:30:00.000000050,100004,100,99971,100,100014,200,99965,100,100027,100,99945,100,100044,100,99937,100,100051,100,99932,100,100055,100,99920,200,100076,200,99919,100,100078,100,99915,100,100086,100,99895,100,100088,100,99879,100
2019-06-28 09:30:00.000000051,100004,100,99971,100,100014,200,99965,100,100027,100,99945,100,100044,100,99937,100,100051,100,99932,100,100055,100,99920,200,100076,200,99919,100,100078,100,99915,100,100086,100,99895,100,100088,100,99879,100
2019-06-28 09:30:00.000000055,100004,100,99971,100,100014,200,99965,100,100027,100,99945,100,100033,100,99937,100,100044,100,99932,100,100051,100,99920,200,100055,100,99919,100,100076,200,99915,100,100078,100,99895,100,100086,100,99879,100
2019-06-28 09:30:00.000000056,100004,100,99992,100,100014,200,99971,100,100027,100,99965,100,100033,100,99945,100,100044,100,99937,100,100051,100,99932,100,100054,100,99920,200,100055,100,99919,100,100076,200,99915,100,100078,100,99895,100
2019-06-28 09:30:00.000000057,100004,100,99992,200,100014,200,99971,100,100024,100,99965,100,100027,100,99945,100,100033,100,99937,100,100044,100,99932,100,100051,100,99920,200,100054,100,99919,100,100055,100,99915,100,100076,200,99895,100
2019-06-28 09:30:00.000000058,100014,200,99992,200,100024,100,99971,100,100027,100,99965,100,100033,100,99945,100,100044,100,99937,100,100051,100,99932,100,100054,100,99920,200,100055,100,99919,100,100076,200,99915,100,100078,100,99895,100
2019-06-28 09:30:00.000000062,100014,200,99992,200,100024,100,99971,100,100027,100,99965,100,100033,100,99955,100,100044,100,99945,100,100051,100,99937,100,100054,100,99932,100,100055,100,99920,200,100076,200,99919,100,100078,100,99915,100
2019-06-28 09:30:00.000000064,100014,200,99992,200,100024,100,99971,100,100027,100,99965,100,100033,100,99955,100,100044,100,99945,100,100051,100,99937,100,100054,100,99932,100,100055,100,99920,200,100076,200,99919,100,100078,100,99915,100
2019-06-28 09:30:00.000000065,100014,100,99992,200,100024,100,99971,100,100027,100,99965,100,100033,100,99955,100,100044,100,99945,100,100051,100,99937,100,100054,100,99932,100,100055,100,99920,200,100076,200,99919,100,100078,100,99915,100
2019-06-28 09:30:00.000000066,100014,100,100004,100,100024,100,99992,200,100027,100,99971,100,100033,100,99965,100,100044,100,99955,100,100051,100,99945,100,100054,100,99937,100,100055,100,99932,100,100076,200,99920,200,100078,100,99919,100
2019-06-28 09:30:00.000000067,100014,100,100004,100,100024,100,99992,200,100027,100,99971,100,100033,100,99965,100,100044,100,99955,100,100051,100,99945,100,100054,100,99937,100,100055,100,99932,100,100076,200,99920,200,100078,100,99919,100
2019-06-28 09:30:00.000000069,100014,100,100004,100,100024,100,99992,200,100027,100,99971,100,100033,100,99965,100,100044,100,99955,100,100051,100,99945,100,100054,100,99937,100,100055,100,99932,100,100076,200,99920,200,100078,100,99919,100
2019-06-28 09:30:00.000000071,100014,100,100004,100,100024,100,99992,200,100027,100,99971,100,100033,100,99965,100,100044,100,99955,100,100051,100,99945,100,100054,100,99937,100,100055,100,99932,100,100076,200,99920,200,100078,100,99919,100
2019-06-28 09:30:00.000000073,100014,100,100004,100,100024,100,99994,100,100027,100,99992,200,100033,100,99971,100,100044,100,99965,100,100051,100,99955,100,100054,100,99945,100,100055,100,99937,100,100076,200,99932,100,100078,100,99920,200
2019-06-28 09:30:00.000000074,100014,100,100004,100,100024,100,99994,100,100027,100,99992,200,100033,100,99971,100,100044,100,99967,100,100051,100,99965,100,100054,100,99955,100,100055,100,99945,100,100076,200,99937,100,100078,100,99932,100
2019-06-28 09:30:00.000000081,100014,100,99994,100,100024,100,99992,200,100027,100,99971,100,100033,100,99967,100,100044,100,99965,100,100051,100,99955,100,100054,100,99945,100,100055,100,99937,100,100076,200,99932,100,100078,100,99920,200
2019-06-28 09:30:00.000000082,100014,100,99992,200,100024,100,99971,100,100027,100,99967,100,100033,100,99965,100,100044,100,99955,100,100051,100,99945,100,100054,100,99937,100,100055,100,99932,100,100076,200,99920,200,100078,100,99919,100
2019-06-28 09:30:00.000000083,100004,100,99992,200,100014,100,99971,100,100024,100,99967,100,100027,100,99965,100,100033,100,99955,100,100044,100,99945,100,100051,100,99937,100,100054,100,99932,100,100055,100,99920,200,100076,200,99919,100
2019-06-28 09:30:00.000000085,100004,200,99992,200,100014,100,99971,100,100024,100,99967,100,100027,100,99965,100,100033,100,99955,100,100044,100,99945,100,100051,100,99937,100,100054,100,99932,100,100055,100,99920,200,100076,200,99919,100
2019-06-28 09:30:00.000000092,100004,200,99992,200,100014,100,99971,100,100024,100,99967,100,100027,100,99965,100,100033,100,99955,100,100044,100,99945,100,100051,100,99937,100,100054,200,99932,100,100055,100,99920,200,100076,200,99919,100
2019-06-28 09:30:00.000000094,100004,200,99992,100,100014,100,99971,100,100024,100,99967,100,100027,100,99965,100,100033,100,99955,100,100044,100,99945,100,100051,100,99937,100,100054,200,99932,100,100055,100,99920,200,100076,200,99919,100
2019-06-28 09:30:00.000000095,100004,200,99992,200,100014,100,99971,100,100024,100,99967,100,100027,100,99965,100,100033,100,99955,100,100044,100,99945,100,100051,100,99937,100,100054,200,99932,100,100055,100,99920,200,100076,200,99919,100
2019-06-28 09:30:00.000000096,100004,200,99992,200,100014,100,99971,100,100024,100,99967,100,100027,100,99965,100,100033,100,99955,100,100044,100,99945,100,100051,100,99937,100,100054,200,99932,100,100055,100,99920,200,100076,200,99919,100
2019-06-28 09:30:00.000000099,100004,200,99992,200,100014,100,99971,100,100024,100,99967,100,100027,100,99965,100,100033,100,99955,100,100044,100,99945,100,100051,100,99937,100,100054,200,99932,100,100055,100,99920,200,100076,200,99919,100
2019-06-28 09:30:06.810907836,100004,200,99992,100,100014,100,99971,100,100024,100,99967,100,100027,100,99965,100,100033,100,99955,100,100044,100,99945,100,100051,100,99937,100,100054,200,99932,100,100055,100,99920,200,100076,200,99919,100
2019-06-28 09:30:07.787977043,100004,200,99971,100,100014,100,99967,100,100024,100,99965,100,100027,100,99955,100,100044,100,99945,100,100051,100,99937,100,100054,200,99932,100,100055,100,99920,200,100076,200,99919,100,100078,100,99915,100
2019-06-28 09:30:10.000000000,100004,526,99971,426,100014,100,99967,100,100024,100,99965,100,100027,100,99955,100,100044,100,99945,100,100051,100,99937,100,100054,200,99932,100,100055,100,99920,200,100076,200,99919,100,100078,100,99915,100
2019-06-28 09:30:12.183247593,100004,526,99971,426,100014,100,99967,100,100024,100,99965,100,100027,100,99955,100,100044,100,99945,100,100051,100,99937,100,100054,200,99932,100,100055,100,99920,200,100076,200,99919,100,100078,100,99915,100
2019-06-28 09:30:18.284081715,100004,526,99971,426,100014,100,99967,100,100024,100,99965,100,100027,100,99963,100,100044,100,99955,100,100051,100,99945,100,100054,200,99937,100,100055,100,99932,100,100076,200,99920,200,100078,100,99919,100
2019-06-28 09:30:20.000000000,100004,282,99971,182,100014,182,99967,182,100024,182,99965,182,100027,182,99963,182,100044,100,99955,100,100051,100,99945,100,100054,200,99937,100,100055,100,99932,100,100076,200,99920,200,100078,100,99919,100
2019-06-28 09:30:30.000000000,100004,526,99971,426,100014,100,99967,100,100024,100,99965,100,100027,100,99963,100,100044,100,99955,100,100051,100,99945,100,100054,200,99937,100,100055,100,99932,100,100076,200,99920,200,100078,100,99919,100
2019-06-28 09:30:32.085841630,100004,526,99971,326,100014,100,99967,100,100024,100,99965,100,100027,100,99963,100,100044,100,99955,100,100051,100,99945,100,100054,200,99937,100,100055,100,99932,100,100076,200,99920,100,100078,100,99919,100
2019-06-28 09:30:33.731786759,100004,526,99971,326,100014,100,99967,100,100024,100,99965,100,100027,100,99963,100,100044,100,99955,100,100051,100,99945,100,100054,200,99937,100,100055,100,99932,100,100076,200,99920,100,100078,100,99919,100
2019-06-28 09:30:34.538049457,100004,526,99971,326,100014,100,99967,100,100024,100,99965,100,100027,100,99963,100,100044,100,99955,100,100051,100,99945,100,100054,200,99937,100,100055,100,99932,100,100076,200,99920,100,100078,100,99919,100
2019-06-28 09:30:38.666733623,100004,526,99971,326,100014,100,99967,100,100024,100,99965,100,100027,100,99963,100,100044,100,99955,100,100051,100,99945,100,100054,200,99937,100,100055,100,99932,100,100076,200,99920,100,100078,100,99919,100
2019-06-28 09:30:40.000000000,100004,282,99967,182,100014,182,99965,182,100024,182,99963,182,100027,182,99955,182,100044,100,99945,100,100051,100,99937,100,100054,200,99932,100,100055,100,99920,100,100076,200,99919,100,100078,100,99915,100
2019-06-28 09:30:50.000000000,100004,282,99967,182,100014,182,99965,182,100024,182,99963,182,100027,182,99955,182,100044,100,99945,100,100051,100,99937,100,100054,200,99932,100,100055,100,99920,100,100076,200,99919,100,100078,100,99915,100
2019-06-28 09:30:55.386558602,100004,282,99967,82,100014,182,99965,182,100024,182,99963,182,100027,182,99955,182,100044,100,99945,100,100051,100,99937,100,100054,100,99932,100,100055,100,99920,100,100076,200,99919,100,100078,100,99915,100
2019-06-28 09:31:00.000000000,100004,311,99965,211,100014,208,99963,208,100024,208,99955,208,100027,100,99945,100,100044,100,99937,100,100051,100,99932,100,100054,100,99920,100,100055,100,99919,100,100076,200,99915,100,100078,100,99895,100
2019-06-28 09:31:02.169979329,100004,311,99965,211,100014,208,99963,208,100024,208,99955,208,100027,100,99945,100,100044,100,99937,100,100051,100,99932,100,100054,100,99920,100,100055,100,99919,100,100076,200,99915,100,100078,100,99895,100
2019-06-28 09:31:10.000000000,100004,311,99965,211,100014,208,99963,208,100024,208,99955,208,100027,100,99945,100,100044,100,99937,100,100051,100,99932,100,100054,100,99920,100,100055,100,99919,100,100076,200,99915,100,100078,100,99895,100
2019-06-28 09:31:10.532945625,100004,311,99965,211,100014,208,99963,208,100018,100,99955,208,100024,208,99945,100,100027,100,99937,100,100044,100,99932,100,100051,100,99920,100,100054,100,99919,100,100055,100,99915,100,100076,200,99895,100
2019-06-28 09:31:11.367865388,100004,311,99965,211,100014,208,99963,108,100018,100,99955,208,100024,208,99945,100,100027,100,99937,100,100044,100,99932,100,100051,100,99920,100,100054,100,99919,100,100055,100,99915,100,100076,200,99895,100
2019-06-28 09:31:19.658198361,100004,311,99965,211,100014,208,99963,108,100018,100,99955,208,100024,208,99945,100,100027,100,99937,100,100044,100,99920,100,100051,100,99919,100,100054,100,99915,100,100055,100,99895,100,100076,200,99892,100
2019-06-28 09:31:20.000000000,100004,265,99965,165,100014,165,99955,165,100018,165,99945,165,100024,165,99937,165,100027,165,99920,165,100044,100,99919,100,100051,100,99915,100,100054,100,99895,100,100055,100,99892,100,100076,200,99880,100
2019-06-28 09:31:30.000000000,100004,282,99965,182,100014,182,99955,182,100018,182,99945,182,100024,182,99937,182,100027,100,99920,100,100044,100,99919,100,100051,100,99915,100,100054,100,99895,100,100055,100,99892,100,100076,200,99880,100
2019-06-28 09:31:40.000000000,100004,282,99965,182,100014,182,99955,182,100018,182,99945,182,100024,182,99937,182,100027,100,99920,100,100044,100,99919,100,100051,100,99915,100,100054,100,99895,100,100055,100,99892,100,100076,200,99880,100
2019-06-28 09:31:50.000000000,100004,363,99965,263,100014,263,99955,263,100018,100,99945,100,100024,100,99937,100,100027,100,99920,100,100044,100,99919,100,100051,100,99915,100,100054,100,99895,100,100055,100,99892,100,100076,200,99880,100
2019-06-28 09:31:56.170292638,100004,363,99967,100,100014,263,99965,263,100018,100,99955,263,100024,100,99945,100,100027,100,99937,100,100044,100,99920,100,100051,100,99919,100,100054,100,99915,100,100055,100,99895,100,100076,200,99892,100
2019-06-28 09:31:57.859742671,99971,100,99967,100,100004,263,99965,263,100014,263,99955,263,100018,100,99945,100,100024,100,99937,100,100027,100,99920,100,100044,100,99919,100,100051,100,99915,100,100054,100,99895,100,100055,100,99892,100
2019-06-28 09:32:00.000000000,99971,426,99967,426,100004,100,99965,100,100014,100,99955,100,100018,100,99945,100,100024,100,99937,100,100027,100,99920,100,100044,100,99919,100,100051,100,99915,100,100054,100,99895,100,100055,100,99892,100
2019-06-28 09:32:05.034801201,99971,426,99967,426,100004,100,99965,100,100014,100,99955,100,100018,100,99945,100,100024,100,99937,100,100027,100,99920,100,100044,100,99919,100,100051,100,99915,100,100054,100,99895,100,100055,100,99892,100
2019-06-28 09:32:05.959132051,99971,426,99967,426,100004,100,99965,100,100014,100,99955,100,100024,100,99945,100,100027,100,99937,100,100044,100,99920,100,100051,100,99919,100,100054,100,99915,100,100055,100,99895,100,100076,200,99892,100
2019-06-28 09:32:10.000000000,99971,263,99967,263,100004,263,99965,263,100014,100,99955,100,100024,100,99945,100,100027,100,99937,100,100044,100,99920,100,100051,100,99919,100,100054,100,99915,100,100055,100,99895,100,100076,200,99892,100
2019-06-28 09:32:20.000000000,99971,182,99967,182,100004,182,99965,182,100014,182,99955,182,100024,182,99945,182,100027,100,99937,100,100044,100,99920,100,100051,100,99919,100,100054,100,99915,100,100055,100,99895,100,100076,200,99892,100
2019-06-28 09:32:20.211566728,99971,82,99967,182,100004,182,99965,182,100014,182,99955,182,100024,182,99945,182,100027,100,99937,100,100044,100,99920,100,100051,100,99919,100,100054,100,99915,100,100055,100,99895,100,100076,100,99892,100
2019-06-28 09:32:27.571707140,100004,182,99971,18,100014,182,99967,182,100024,182,99965,182,100027,100,99955,182,100044,100,99945,182,100051,100,99937,100,100054,100,99920,100,100055,100,99919,100,100076,100,99915,100,100078,100,99895,100
2019-06-28 09:32:30.000000000,100004,263,99971,181,100014,263,99967,263,100024,100,99965,100,100027,100,99955,100,100044,100,99945,100,100051,100,99937,100,100054,100,99920,100,100055,100,99919,100,100076,100,99915,100,100078,100,99895,100
2019-06-28 09:32:30.036638765,100004,263,99971,281,100014,263,99967,263,100024,100,99965,100,100027,100,99955,100,100044,100,99945,100,100051,100,99937,100,100054,100,99920,100,100055,100,99919,100,100076,100,99915,100,100078,100,99895,100
2019-06-28 09:32:40.000000000,100004,165,99971,183,100014,165,99967,165,100024,165,99965,165,100027,165,99955,165,100044,165,99945,165,100051,100,99937,100,100054,100,99920,100,100055,100,99919,100,100076,100,99915,100,100078,100,99895,100
2019-06-28 09:32:50.000000000,100004,182,99971,200,100014,182,99967,182,100024,182,99965,182,100027,182,99955,182,100044,100,99945,100,100051,100,99937,100,100054,100,99920,100,100055,100,99919,100,100076,100,99915,100,100078,100,99895,100
2019-06-28 09:32:59.053021799,100004,182,99971,200,100014,182,99967,182,100024,182,99965,182,100027,182,99955,182,100044,100,99945,100,100051,100,99937,100,100054,100,99920,100,100076,100,99919,100,100078,100,99915,100,100083,100,99895,200
2019-06-28 09:33:00.000000000,100004,211,99971,229,100014,208,99967,208,100024,208,99965,208,100027,100,99955,100,100044,100,99945,100,100051,100,99937,100,100054,100,99920,100,100076,100,99919,100,100078,100,99915,100,100083,100,99895,200
2019-06-28 09:33:10.000000000,100004,182,99971,200,100014,182,99967,182,100024,182,99965,182,100027,182,99955,182,100044,100,99945,100,100051,100,99937,100,100054,100,99920,100,100076,100,99919,100,100078,100,99915,100,100083,100,99895,200
2019-06-28 09:33:11.417994624,100004,182,99971,100,100014,182,99967,182,100024,182,99965,182,100027,182,99955,182,100044,100,99945,100,100051,100,99937,100,100054,100,99920,100,100076,100,99919,100,100078,100,99915,100,100083,100,99895,200
2019-06-28 09:33:20.000000000,100004,211,99971,129,100014,208,99967,208,100024,208,99965,208,100027,100,99955,100,100044,100,99945,100,100051,100,99937,100,100054,100,99920,100,100076,100,99919,100,100078,100,99915,100,100083,100,99895,200
2019-06-28 09:33:30.000000000,100004,165,99971,83,100014,165,99967,165,100024,165,99965,165,100027,165,99955,165,100044,165,99945,165,100051,100,99937,100,100054,100,99920,100,100076,100,99919,100,100078,100,99915,100,100083,100,99895,200
2019-06-28 09:33:34.004771518,100004,165,99971,83,100014,165,99967,165,100024,165,99965,165,100027,165,99955,165,100044,165,99945,165,100051,100,99937,100,100054,100,99920,100,100076,100,99919,100,100078,100,99915,100,100083,100,99895,200
2019-06-28 09:33:40.000000000,100004,165,99971,83,100014,165,99967,165,100024,165,99965,165,100027,165,99955,165,100044,165,99945,165,100051,100,99937,100,100054,100,99920,100,100076,100,99919,100,100078,100,99915,100,100083,100,99895,200
2019-06-28 09:33:44.398826202,100004,165,99972,100,100014,165,99971,83,100024,165,99967,65,100027,165,99965,165,100044,165,99955,165,100051,100,99945,165,100054,100,99937,100,100076,100,99920,100,100078,100,99919,100,100083,100,99915,100
2019-06-28 09:33:50.000000000,100004,426,99972,426,100014,100,99971,18,100024,100,99965,100,100027,100,99955,100,100044,100,99945,100,100051,100,99937,100,100054,100,99920,100,100076,100,99919,100,100078,100,99915,100,100083,100,99895,200
2019-06-28 09:33:53.335821575,100004,326,99972,426,100014,100,99971,18,100024,100,99965,100,100027,100,99955,100,100044,100,99945,100,100051,100,99937,100,100054,100,99920,100,100076,100,99919,100,100078,100,99915,100,100083,100,99895,200
2019-06-28 09:34:00.000000000,100014,182,99972,182,100024,182,99971,100,100027,182,99965,182,100044,182,99955,182,100051,100,99945,100,100054,100,99937,100,100076,100,99920,100,100078,100,99919,100,100083,100,99915,100,100086,100,99895,200
2019-06-28 09:34:10.000000000,100014,426,99972,426,100024,100,99971,18,100027,100,99965,100,100044,100,99955,100,100051,100,99945,100,100054,100,99937,100,100076,100,99920,100,100078,100,99919,100,100083,100,99915,100,100086,100,99895,200
2019-06-28 09:34:20.000000000,100014,182,99972,182,100024,182,99971,100,100027,182,99965,182,100044,182,99955,182,100051,100,99945,100,100054,100,99937,100,100076,100,99920,100,100078,100,99919,100,100083,100,99915,100,100086,100,99895,200
2019-06-28 09:34:25.530120048,100014,182,99972,82,100024,182,99971,100,100027,182,99965,182,100044,182,99955,182,100051,100,99945,100,100054,100,99937,100,100078,100,99920,100,100083,100,99919,100,100086,100,99915,100,100092,100,99895,200
2019-06-28 09:34:30.000000000,100014,263,99971,181,100024,263,99965,263,100027,100,99955,100,100044,100,99945,100,100051,100,99937,100,100054,100,99920,100,100078,100,99919,100,100083,100,99915,100,100086,100,99895,200,100092,100,99892,100
2019-06-28 09:34:40.000000000,100014,263,99971,181,100024,263,99965,263,100027,100,99955,100,100044,100,99945,100,100051,100,99937,100,100054,100,99920,100,100078,100,99919,100,100083,100,99915,100,100086,100,99895,200,100092,100,99892,100
2019-06-28 09:34:50.000000000,100014,182,99971,100,100024,182,99965,182,100027,182,99955,182,100044,182,99945,182,100051,100,99937,100,100054,100,99920,100,100078,100,99919,100,100083,100,99915,100,100086,100,99895,200,100092,100,99892,100
2019-06-28 09:35:00.000000000,100014,211,99971,129,100024,208,99965,208,100027,208,99955,208,100044,100,99945,100,100051,100,99937,100,100054,100,99920,100,100078,100,99919,100,100083,100,99915,100,100086,100,99895,200,100092,100,99892,100
2019-06-28 09:35:08.831184822,100003,100,99971,129,100014,211,99965,208,100024,208,99955,208,100027,208,99945,100,100044,100,99937,100,100051,100,99920,100,100054,100,99919,100,100078,100,99915,100,100083,100,99895,200,100086,100,99892,100
2019-06-28 09:35:09.680990878,100003,100,99971,129,100014,211,99965,208,100024,208,99955,108,100027,208,99945,100,100044,100,99937,100,100051,100,99920,100,100054,100,99919,100,100078,100,99915,100,100083,100,99895,200,100086,100,99892,100
2019-06-28 09:35:10.000000000,100003,211,99971,129,100014,208,99965,208,100024,208,99945,208,100027,100,99937,100,100044,100,99920,100,100051,100,99919,100,100054,100,99915,100,100078,100,99895,200,100083,100,99892,100,100086,100,99880,100
2019-06-28 09:35:20.000000000,100003,165,99971,83,100014,165,99965,165,100024,165,99945,165,100027,165,99937,165,100044,165,99920,165,100051,100,99919,100,100054,100,99915,100,100078,100,99895,200,100083,100,99892,100,100086,100,99880,100
2019-06-28 09:35:30.000000000,100003,211,99971,129,100014,208,99965,208,100024,208,99945,208,100027,100,99937,100,100044,100,99920,100,100051,100,99919,100,100054,100,99915,100,100078,100,99895,200,100083,100,99892,100,100086,100,99880,100
2019-06-28 09:35:38.958679239,100003,211,99971,129,100014,208,99965,208,100024,208,99945,208,100044,100,99937,100,100051,100,99920,100,100054,100,99919,100,100078,100,99915,100,100083,100,99895,200,100086,100,99892,100,100092,100,99880,100
2019-06-28 09:35:40.000000000,100003,426,99971,344,100014,100,99965,100,100024,100,99945,100,100044,100,99937,100,100051,100,99920,100,100054,100,99919,100,100078,100,99915,100,100083,100,99895,200,100086,100,99892,100,100092,100,99880,100
2019-06-28 09:35:43.021892549,100003,426,99973,100,100014,100,99971,344,100024,100,99965,100,100044,100,99945,100,100051,100,99937,100,100054,100,99920,100,100078,100,99919,100,100083,100,99915,100,100086,100,99895,200,100092,100,99892,100
2019-06-28 09:35:50.000000000,100003,182,99973,182,100014,182,99971,100,100024,182,99965,182,100044,182,99945,182,100051,100,99937,100,100054,100,99920,100,100078,100,99919,100,100083,100,99915,100,100086,100,99895,200,100092,100,99892,100
2019-06-28 09:36:00.000000000,100003,426,99973,426,100014,100,99971,18,100024,100,99965,100,100044,100,99945,100,100051,100,99937,100,100054,100,99920,100,100078,100,99919,100,100083,100,99915,100,100086,100,99895,200,100092,100,99892,100
2019-06-28 09:36:03.503676113,100003,426,99973,426,100014,100,99971,18,100024,100,99965,100,100044,100,99945,100,100051,100,99937,100,100054,100,99920,100,100078,100,99919,100,100083,100,99915,100,100086,100,99895,200,100092,100,99892,100
2019-06-28 09:36:10.000000000,100003,211,99973,211,100014,208,99971,126,100024,208,99965,208,100044,100,99945,100,100051,100,99937,100,100054,100,99920,100,100078,100,99919,100,100083,100,99915,100,100086,100,99895,200,100092,100,99892,100
2019-06-28 09:36:20.000000000,100003,182,99973,182,100014,182,99971,100,100024,182,99965,182,100044,182,99945,182,100051,100,99937,100,100054,100,99920,100,100078,100,99919,100,100083,100,99915,100,100086,100,99895,200,100092,100,99892,100
2019-06-28 09:36:25.178737045,100003,182,99973,182,100014,182,99971,100,100024,182,99965,182,100044,182,99945,182,100051,100,99937,100,100054,100,99920,100,100078,100,99919,100,100083,100,99915,100,100086,100,99895,200,100092,100,99892,100
2019-06-28 09:36:30.000000000,100003,165,99973,165,100014,165,99971,83,100024,165,99965,165,100044,165,99945,165,100051,165,99937,165,100054,100,99920,100,100078,100,99919,100,100083,100,99915,100,100086,100,99895,200,100092,100,99892,100
2019-06-28 09:36:32.366051337,100003,165,99973,165,100014,265,99971,83,100024,165,99965,165,100044,165,99945,165,100051,165,99937,165,100054,100,99920,100,100078,100,99919,100,100083,100,99895,200,100086,100,99892,100,100092,100,99880,100
2019-06-28 09:36:40.000000000,100003,165,99973,165,100014,265,99971,83,100024,165,99965,165,100044,165,99945,165,100051,165,99937,165,100054,100,99920,100,100078,100,99919,100,100083,100,99895,200,100086,100,99892,100,100092,100,99880,100
2019-06-28 09:36:46.804342606,100003,265,99973,165,100014,265,99971,83,100024,165,99965,165,100044,165,99945,165,100051,165,99937,165,100054,100,99920,100,100078,100,99919,100,100083,100,99895,200,100086,100,99892,100,100092,100,99880,100
2019-06-28 09:36:50.000000000,100003,526,99973,426,100014,200,99971,18,100024,100,99965,100,100044,100,99945,100,100051,100,99937,100,100054,100,99920,100,100078,100,99919,100,100083,100,99895,200,100086,100,99892,100,100092,100,99880,100
2019-06-28 09:37:00.000000000,100003,282,99973,182,100014,282,99971,100,100024,182,99965,182,100044,182,99945,182,100051,100,99937,100,100054,100,99920,100,100078,100,99919,100,100083,100,99895,200,100086,100,99892,100,100092,100,99880,100
2019-06-28 09:37:10.000000000,100003,282,99973,182,100014,282,99971,100,100024,182,99965,182,100044,182,99945,182,100051,100,99937,100,100054,100,99920,100,100078,100,99919,100,100083,100,99895,200,100086,100,99892,100,100092,100,99880,100
2019-06-28 09:37:14.750847542,100003,382,99973,182,100014,282,99971,100,100024,182,99965,182,100044,182,99945,182,100051,100,99937,100,100054,100,99920,100,100078,100,99919,100,100083,100,99895,200,100086,100,99892,100,100092,100,99880,100
2019-06-28 09:37:17.249407339,100003,382,99973,182,100014,282,99971,100,100024,182,99965,182,100044,182,99945,182,100051,100,99937,100,100054,100,99920,100,100083,100,99919,100,100086,100,99895,200,100092,100,99892,100,100096,100,99880,100
2019-06-28 09:37:20.000000000,100003,463,99973,263,100014,363,99971,181,100024,100,99965,100,100044,100,99945,100,100051,100,99937,100,100054,100,99920,100,100083,100,99919,100,100086,100,99895,200,100092,100,99892,100,100096,100,99880,100
2019-06-28 09:37:30.000000000,100003,463,99973,263,100014,363,99971,181,100024,100,99965,100,100044,100,99945,100,100051,100,99937,100,100054,100,99920,100,100083,100,99919,100,100086,100,99895,200,100092,100,99892,100,100096,100,99880,100
2019-06-28 09:37:40.000000000,100003,411,99973,211,100014,308,99971,126,100024,208,99965,208,100044,100,99945,100,100051,100,99937,100,100054,100,99920,100,100083,100,99919,100,100086,100,99895,200,100092,100,99892,100,100096,100,99880,100
2019-06-28 09:37:50.000000000,100003,463,99973,263,100014,363,99971,181,100024,100,99965,100,100044,100,99945,100,100051,100,99937,100,100054,100,99920,100,100083,100,99919,100,100086,100,99895,200,100092,100,99892,100,100096,100,99880,100
2019-06-28 09:37:53.154171761,100003,363,99973,263,100014,363,99971,181,100024,100,99965,100,100044,100,99945,100,100051,100,99937,100,100054,100,99920,100,100083,100,99919,100,100086,100,99895,200,100092,100,99892,100,100096,100,99880,100
2019-06-28 09:38:00.000000000,100003,526,99973,426,100014,200,99971,18,100024,100,99965,100,100044,100,99945,100,100051,100,99937,100,100054,100,99920,100,100083,100,99919,100,100086,100,99895,200,100092,100,99892,100,100096,100,99880,100
2019-06-28 09:38:04.801174674,100003,526,99973,326,100014,100,99971,18,100024,100,99965,100,100044,100,99945,100,100051,100,99937,100,100054,100,99920,100,100083,100,99919,100,100086,100,99895,200,100092,100,99892,100,100096,100,99880,100
2019-06-28 09:38:10.000000000,100003,265,99971,83,100014,165,99965,165,100024,165,99945,165,100044,165,99937,165,100051,165,99920,165,100054,100,99919,100,100083,100,99895,200,100086,100,99892,100,100092,100,99880,100,100096,100,99879,100
2019-06-28 09:38:20.000000000,100003,265,99971,83,100014,165,99965,165,100024,165,99945,165,100044,165,99937,165,100051,165,99920,165,100054,100,99919,100,100083,100,99895,200,100086,100,99892,100,100092,100,99880,100,100096,100,99879,100
2019-06-28 09:38:20.520833127,100003,165,99971,83,100014,165,99965,165,100024,165,99945,165,100044,165,99937,165,100051,165,99920,165,100054,100,99919,100,100083,100,99895,200,100086,100,99892,100,100092,100,99880,100,100096,100,99879,100
2019-06-28 09:38:30.000000000,100003,182,99971,100,100014,182,99965,182,100024,182,99945,182,100044,182,99937,182,100051,100,99920,100,100054,100,99919,100,100083,100,99895,200,100086,100,99892,100,100092,100,99880,100,100096,100,99879,100
2019-06-28 09:38:40.000000000,100003,426,99971,344,100014,100,99965,100,100024,100,99945,100,100044,100,99937,100,100051,100,99920,100,100054,100,99919,100,100083,100,99895,200,100086,100,99892,100,100092,100,99880,100,100096,100,99879,100
2019-06-28 09:38:40.808053350,100003,426,99971,344,100014,100,99965,100,100024,100,99945,100,100044,100,99937,100,100051,100,99920,100,100054,100,99919,100,100086,100,99895,200,100092,100,99892,100,100096,100,99880,100,100119,100,99879,100
2019-06-28 09:38:49.430970642,100003,426,99971,344,100014,100,99965,100,100024,100,99945,100,100044,100,99937,100,100051,100,99920,100,100054,100,99919,100,100086,100,99895,200,100092,100,99892,100,100096,100,99880,100,100119,100,99879,100
2019-06-28 09:38:50.000000000,100003,165,99971,83,100014,165,99965,165,100024,165,99945,165,100044,165,99937,165,100051,165,99920,165,100054,100,99919,100,100086,100,99895,200,100092,100,99892,100,100096,100,99880,100,100119,100,99879,100
2019-06-28 09:38:50.718398879,100003,165,99971,83,100014,165,99965,165,100024,65,99945,165,100044,165,99937,165,100051,165,99920,165,100054,100,99919,100,100086,100,99895,200,100092,100,99892,100,100096,100,99880,100,100119,100,99879,100
2019-06-28 09:39:00.000000000,100003,263,99971,181,100014,263,99965,263,100044,100,99945,100,100051,100,99937,100,100054,100,99920,100,100086,100,99919,100,100092,100,99895,200,100096,100,99892,100,100119,100,99880,100,100124,200,99879,100
2019-06-28 09:39:06.713919474,100003,263,99971,81,100014,263,99965,263,100044,100,99945,100,100051,100,99937,100,100054,100,99920,100,100086,100,99919,100,100092,100,99895,200,100096,100,99892,100,100119,100,99880,100,100124,200,99879,100
2019-06-28 09:39:08.306165504,100003,263,99971,81,100014,263,99965,263,100044,100,99945,100,100051,100,99937,100,100054,100,99920,100,100086,100,99919,100,100092,100,99895,200,100096,100,99892,100,100119,100,99880,100,100124,200,99879,100
2019-06-28 09:39:08.726862847,99973,100,99971,81,100003,263,99965,263,100014,263,99945,100,100044,100,99937,100,100051,100,99920,100,100054,100,99919,100,100086,100,99895,200,100092,100,99892,100,100096,100,99880,100,100119,100,99879,100
2019-06-28 09:39:10.000000000,99973,426,99965,426,100003,100,99945,100,100014,100,99937,100,100044,100,99920,100,100051,100,99919,100,100054,100,99895,200,100086,100,99892,100,100092,100,99880,100,100096,100,99879,100,100119,100,99868,100
2019-06-28 09:39:14.581920741,99973,426,99965,326,100003,100,99945,100,100014,100,99937,100,100044,100,99920,100,100051,100,99919,100,100054,100,99895,200,100086,100,99892,100,100092,100,99880,100,100096,100,99879,100,100119,100,99868,100
2019-06-28 09:39:20.000000000,99973,426,99945,426,100003,100,99937,100,100014,100,99920,100,100044,100,99919,100,100051,100,99895,200,100054,100,99892,100,100086,100,99880,100,100092,100,99879,100,100096,100,99868,100,100119,100,99865,100
2019-06-28 09:39:26.355914551,99973,426,99945,426,100003,100,99937,100,100014,100,99920,100,100044,100,99919,100,100051,100,99895,200,100054,100,99892,100,100086,100,99880,100,100092,100,99879,100,100096,100,99868,100,100119,100,99865,100
2019-06-28 09:39:30.000000000,99973,263,99945,263,100003,263,99937,263,100014,100,99920,100,100044,100,99919,100,100051,100,99895,200,100054,100,99892,100,100086,100,99880,100,100092,100,99879,100,100096,100,99868,100,100119,100,99865,100
2019-06-28 09:39:33.999590382,99973,263,99945,263,100003,263,99937,263,100014,100,99920,100,100044,100,99919,100,100051,100,99895,200,100054,100,99892,100,100086,100,99880,100,100092,100,99879,100,100096,100,99868,100,100119,100,99865,100
2019-06-28 09:39:40.000000000,99973,426,99945,426,100003,100,99937,100,100014,100,99920,100,100044,100,99919,100,100051,100,99895,200,100054,100,99892,100,100086,100,99880,100,100092,100,99879,100,100096,100,99868,100,100119,100,99865,100
2019-06-28 09:39:41.103410416,99973,426,99945,326,100003,100,99937,100,100014,100,99920,100,100044,100,99919,100,100051,100,99895,200,100054,100,99892,100,100086,100,99880,100,100092,100,99879,100,100096,100,99868,100,100119,100,99865,100
2019-06-28 09:39:50.000000000,99973,211,99937,211,100003,208,99920,208,100014,208,99919,208,100044,100,99895,200,100051,100,99892,100,100054,100,99880,100,100086,100,99879,100,100092,100,99868,100,100096,100,99865,100,100119,100,99863,100
2019-06-28 09:39:59.287375822,99973,211,99937,111,100003,208,99920,208,100014,208,99919,208,100044,100,99895,200,100051,100,99892,100,100054,100,99880,100,100086,100,99879,100,100092,100,99868,100,100096,100,99865,100,100119,100,99863,100
2019-06-28 09:40:00.000000000,99973,211,99920,211,100003,208,99919,208,100014,208,99895,308,100044,100,99892,100,100051,100,99880,100,100054,100,99879,100,100086,100,99868,100,100092,100,99865,100,100096,100,99863,100,100119,100,99817,100
2019-06-28 09:40:10.000000000,99973,263,99920,263,100003,263,99919,263,100014,100,99895,200,100044,100,99892,100,100051,100,99880,100,100054,100,99879,100,100086,100,99868,100,100092,100,99865,100,100096,100,99863,100,100119,100,99817,100
2019-06-28 09:40:19.466238170,99973,263,99920,163,100003,263,99919,263,100014,100,99895,200,100044,100,99892,100,100051,100,99880,100,100054,100,99879,100,100086,100,99868,100,100092,100,99865,100,100096,100,99863,100,100119,100,99817,100
2019-06-28 09:40:20.000000000,99973,165,99919,165,100003,165,99895,265,100014,165,99892,165,100044,165,99880,165,100051,165,99879,165,100054,100,99868,100,100086,100,99865,100,100092,100,99863,100,100096,100,99817,100,100119,100,99775,100
2019-06-28 09:40:30.000000000,99973,211,99919,211,100003,208,99895,308,100014,208,99892,208,100044,100,99880,100,100051,100,99879,100,100054,100,99868,100,100086,100,99865,100,100092,100,99863,100,100096,100,99817,100,100119,100,99775,100
2019-06-28 09:40:37.844714038,99973,211,99919,111,100003,208,99895,308,100014,208,99892,208,100044,100,99880,100,100051,100,99879,100,100054,100,99868,100,100086,100,99865,100,100092,100,99863,100,100096,100,99817,100,100119,100,99775,100
2019-06-28 09:40:40.000000000,99973,426,99895,526,100003,100,99892,100,100014,100,99880,100,100044,100,99879,100,100051,100,99868,100,100054,100,99865,100,100086,100,99863,100,100092,100,99817,100,100096,100,99775,100,100119,100,99743,100
2019-06-28 09:40:50.000000000,99973,211,99895,311,100003,208,99892,208,100014,208,99880,208,100044,100,99879,100,100051,100,99868,100,100054,100,99865,100,100086,100,99863,100,100092,100,99817,100,100096,100,99775,100,100119,100,99743,100
2019-06-28 09:40:58.654132983,99973,211,99895,311,99988,100,99892,208,100003,208,99880,208,100014,208,99879,100,100044,100,99868,100,100051,100,99865,100,100054,100,99863,100,100086,100,99817,100,100092,100,99775,100,100096,100,99743,100
2019-06-28 09:40:59.643556217,99920,100,99895,311,99973,211,99892,208,99988,100,99880,208,100003,208,99879,100,100014,108,99868,100,100044,100,99865,100,100051,100,99863,100,100054,100,99817,100,100086,100,99775,100,100092,100,99743,100
2019-06-28 09:41:00.000000000,99920,263,99895,363,99973,263,99892,263,99988,100,99880,100,100003,100,99879,100,100044,100,99868,100,100051,100,99865,100,100054,100,99863,100,100086,100,99817,100,100092,100,99775,100,100096,100,99743,100
2019-06-28 09:41:10.000000000,99920,182,99895,282,99973,182,99892,182,99988,182,99880,182,100003,182,99879,182,100044,100,99868,100,100051,100,99865,100,100054,100,99863,100,100086,100,99817,100,100092,100,99775,100,100096,100,99743,100
2019-06-28 09:41:20.000000000,99920,182,99895,282,99973,182,99892,182,99988,182,99880,182,100003,182,99879,182,100044,100,99868,100,100051,100,99865,100,100054,100,99863,100,100086,100,99817,100,100092,100,99775,100,100096,100,99743,100
2019-06-28 09:41:21.912104036,99920,82,99895,282,99973,82,99892,182,99988,182,99880,182,100003,182,99879,182,100044,100,99868,100,100051,100,99865,100,100054,100,99863,100,100086,100,99817,100,100092,100,99775,100,100096,100,99743,100
2019-06-28 09:41:30.000000000,99988,211,99895,311,100003,208,99892,208,100044,208,99880,208,100051,100,99879,100,100054,100,99868,100,100086,100,99865,100,100092,100,99863,100,100096,100,99817,100,100119,100,99775,100,100124,100,99743,100
2019-06-28 09:41:40.000000000,99988,211,99895,311,100003,208,99892,208,100044,208,99880,208,100051,100,99879,100,100054,100,99868,100,100086,100,99865,100,100092,100,99863,100,100096,100,99817,100,100119,100,99775,100,100124,100,99743,100
2019-06-28 09:41:50.000000000,99988,263,99895,363,100003,263,99892,263,100044,100,99880,100,100051,100,99879,100,100054,100,99868,100,100086,100,99865,100,100092,100,99863,100,100096,100,99817,100,100119,100,99775,100,100124,100,99743,100
2019-06-28 09:42:00.000000000,99988,263,99895,363,100003,263,99892,263,100044,100,99880,100,100051,100,99879,100,100054,100,99868,100,100086,100,99865,100,100092,100,99863,100,100096,100,99817,100,100119,100,99775,100,100124,100,99743,100
2019-06-28 09:42:06.346992287,99988,263,99895,363,100003,263,99892,263,100044,100,99880,100,100051,100,99879,100,100054,100,99868,100,100086,100,99865,100,100092,100,99863,100,100096,100,99817,100,100119,100,99775,100,100124,100,99757,100
2019-06-28 09:42:07.135412365,99919,100,99895,363,99988,263,99892,263,100003,263,99880,100,100044,100,99879,100,100051,100,99868,100,100054,100,99865,100,100086,100,99863,100,100092,100,99817,100,100096,100,99775,100,100119,100,99757,100
2019-06-28 09:42:10.000000000,99919,165,99895,265,99988,165,99892,165,100003,165,99880,165,100044,165,99879,165,100051,165,99868,165,100054,100,99865,100,100086,100,99863,100,100092,100,99817,100,100096,100,99775,100,100119,100,99757,100
2019-06-28 09:42:16.416835553,99919,165,99895,265,99988,165,99892,165,100003,165,99880,165,100044,165,99879,165,100051,165,99868,165,100054,100,99865,100,100086,100,99863,100,100092,100,99817,100,100096,100,99775,100,100124,100,99757,100
2019-06-28 09:42:20.000000000,99919,165,99895,265,99988,165,99892,165,100003,165,99880,165,100044,165,99879,165,100051,165,99868,165,100054,100,99865,100,100086,100,99863,100,100092,100,99817,100,100096,100,99775,100,100124,100,99757,100
2019-06-28 09:42:30.000000000,99919,263,99895,363,99988,263,99892,263,100003,100,99880,100,100044,100,99879,100,100051,100,99868,100,100054,100,99865,100,100086,100,99863,100,100092,100,99817,100,100096,100,99775,100,100124,100,99757,100
2019-06-28 09:42:40.000000000,99919,263,99895,363,99988,263,99892,263,100003,100,99880,100,100044,100,99879,100,100051,100,99868,100,100054,100,99865,100,100086,100,99863,100,100092,100,99817,100,100096,100,99775,100,100124,100,99757,100
2019-06-28 09:42:47.468063850,99919,263,99895,363,99988,263,99892,263,100001,100,99880,100,100003,100,99879,100,100044,100,99868,100,100051,100,99865,100,100054,100,99863,100,100086,100,99817,100,100092,100,99775,100,100096,100,99757,100
2019-06-28 09:42:47.774082545,99919,263,99895,363,99988,263,99892,263,100001,100,99880,100,100003,100,99879,100,100044,100,99868,100,100051,100,99865,100,100054,100,99863,100,100086,100,99817,100,100092,100,99815,100,100096,100,99775,100
2019-06-28 09:42:50.000000000,99919,263,99895,363,99988,263,99892,263,100001,100,99880,100,100003,100,99879,100,100044,100,99868,100,100051,100,99865,100,100054,100,99863,100,100086,100,99817,100,100092,100,99815,100,100096,100,99775,100
2019-06-28 09:43:00.000000000,99919,182,99895,282,99988,182,99892,182,100001,182,99880,182,100003,182,99879,182,100044,100,99868,100,100051,100,99865,100,100054,100,99863,100,100086,100,99817,100,100092,100,99815,100,100096,100,99775,100
2019-06-28 09:43:05.404547418,99919,182,99895,282,99988,182,99892,182,100001,182,99880,182,100003,182,99879,182,100044,100,99868,100,100051,100,99865,100,100054,100,99863,100,100086,100,99834,100,100092,100,99817,100,100096,100,99775,100
2019-06-28 09:43:07.127704234,99919,182,99895,282,99988,182,99892,182,100001,182,99880,182,100003,182,99879,182,100051,100,99868,100,100054,100,99865,100,100086,100,99863,100,100092,100,99834,100,100096,100,99827,100,100124,100,99817,100
2019-06-28 09:43:07.597781649,99919,182,99895,282,99988,182,99892,182,100001,182,99880,182,100003,182,99879,282,100051,100,99868,100,100054,100,99865,100,100086,100,99863,100,100092,100,99834,100,100124,100,99827,100,100148,100,99817,100
2019-06-28 09:43:10.000000000,99919,182,99895,282,99988,182,99892,182,100001,182,99880,182,100003,182,99879,282,100051,100,99868,100,100054,100,99865,100,100086,100,99863,100,100092,100,99834,100,100124,100,99827,100,100148,100,99817,100
2019-06-28 09:43:16.308173761,99919,182,99895,282,99988,182,99892,182,100001,182,99880,182,100003,182,99879,282,100051,100,99868,100,100086,100,99865,100,100092,100,99863,100,100124,100,99834,100,100148,100,99827,100,100153,100,99817,100
2019-06-28 09:43:20.000000000,99919,426,99895,526,99988,100,99892,100,100001,100,99880,100,100003,100,99879,200,100051,100,99868,100,100086,100,99865,100,100092,100,99863,100,100124,100,99834,100,100148,100,99827,100,100153,100,99817,100
2019-06-28 09:43:30.000000000,99919,263,99895,363,99988,263,99892,263,100001,100,99880,100,100003,100,99879,200,100051,100,99868,100,100086,100,99865,100,100092,100,99863,100,100124,100,99834,100,100148,100,99827,100,100153,100,99817,100
2019-06-28 09:43:40.000000000,99919,182,99895,282,99988,182,99892,182,100001,182,99880,182,100003,182,99879,282,100051,100,99868,100,100086,100,99865,100,100092,100,99863,100,100124,100,99834,100,100148,100,99827,100,100153,100,99817,100
2019-06-28 09:43:45.254474192,99919,182,99895,282,99988,182,99892,182,100001,182,99880,182,100003,182,99879,282,100051,100,99868,100,100086,100,99865,100,100092,100,99863,100,100124,100,99834,100,100148,100,99827,100,100153,100,99817,100
2019-06-28 09:43:50.000000000,99919,426,99895,526,99988,100,99892,100,100001,100,99880,100,100003,100,99879,200,100051,100,99868,100,100086,100,99865,100,100092,100,99863,100,100124,100,99834,100,100148,100,99827,100,100153,100,99817,100
2019-06-28 09:43:58.650917783,99919,426,99895,426,99988,100,99892,100,100001,100,99880,100,100003,100,99879,200,100051,100,99868,100,100086,100,99865,100,100092,100,99863,100,100124,100,99834,100,100148,100,99827,100,100153,100,99817,100
2019-06-28 09:44:00.000000000,99919,426,99895,426,99988,100,99892,100,100001,100,99880,100,100003,100,99879,200,100051,100,99868,100,100086,100,99865,100,100092,100,99863,100,100124,100,99834,100,100148,100,99827,100,100153,100,99817,100
2019-06-28 09:44:06.557945238,99918,100,99895,426,99919,426,99892,100,99988,100,99880,100,100001,100,99879,200,100003,100,99868,100,100051,100,99865,100,100086,100,99863,100,100092,100,99834,100,100124,100,99827,100,100148,100,99817,100
2019-06-28 09:44:10.000000000,99918,211,99895,211,99919,208,99892,208,99988,208,99880,208,100001,100,99879,200,100003,100,99868,100,100051,100,99865,100,100086,100,99863,100,100092,100,99834,100,100124,100,99827,100,100148,100,99817,100
2019-06-28 09:44:20.000000000,99918,211,99895,211,99919,208,99892,208,99988,208,99880,208,100001,100,99879,200,100003,100,99868,100,100051,100,99865,100,100086,100,99863,100,100092,100,99834,100,100124,100,99827,100,100148,100,99817,100
2019-06-28 09:44:30.000000000,99918,211,99895,211,99919,208,99892,208,99988,208,99880,208,100001,100,99879,200,100003,100,99868,100,100051,100,99865,100,100086,100,99863,100,100092,100,99834,100,100124,100,99827,100,100148,100,99817,100
2019-06-28 09:44:40.000000000,99918,263,99895,263,99919,263,99892,263,99988,100,99880,100,100001,100,99879,200,100003,100,99868,100,100051,100,99865,100,100086,100,99863,100,100092,100,99834,100,100124,100,99827,100,100148,100,99817,100
2019-06-28 09:44:41.484549636,99918,263,99896,100,99919,263,99895,263,99988,100,99892,263,100001,100,99880,100,100003,100,99879,200,100051,100,99868,100,100086,100,99865,100,100092,100,99863,100,100124,100,99834,100,100148,100,99827,100
2019-06-28 09:44:50.000000000,99918,165,99896,165,99919,165,99895,165,99988,165,99892,165,100001,165,99880,165,100003,165,99879,265,100051,100,99868,100,100086,100,99865,100,100092,100,99863,100,100124,100,99834,100,100148,100,99827,100
2019-06-28 09:44:51.682226536,99918,165,99896,165,99919,165,99895,165,99988,165,99892,165,100001,165,99880,165,100003,165,99879,265,100051,100,99868,100,100086,100,99865,100,100092,100,99863,100,100124,100,99834,100,100148,100,99827,100
2019-06-28 09:44:55.395937560,99918,65,99896,165,99919,165,99895,165,99988,165,99892,165,100001,165,99880,165,100003,165,99879,265,100051,100,99868,100,100086,100,99865,100,100092,100,99863,100,100124,100,99834,100,100148,100,99827,100
2019-06-28 09:45:00.000000000,99919,263,99896,263,99988,263,99895,263,100001,100,99892,100,100003,100,99880,100,100051,100,99879,200,100086,100,99868,100,100092,100,99865,100,100124,100,99863,100,100148,100,99834,100,100153,100,99827,100
2019-06-28 09:45:10.000000000,99919,426,99896,426,99988,100,99895,100,100001,100,99892,100,100003,100,99880,100,100051,100,99879,200,100086,100,99868,100,100092,100,99865,100,100124,100,99863,100,100148,100,99834,100,100153,100,99827,100
2019-06-28 09:45:20.000000000,99919,182,99896,182,99988,182,99895,182,100001,182,99892,182,100003,182,99880,182,100051,100,99879,200,100086,100,99868,100,100092,100,99865,100,100124,100,99863,100,100148,100,99834,100,100153,100,99827,100
2019-06-28 09:45:30.000000000,99919,426,99896,426,99988,100,99895,100,100001,100,99892,100,100003,100,99880,100,100051,100,99879,200,100086,100,99868,100,100092,100,99865,100,100124,100,99863,100,100148,100,99834,100,100153,100,99827,100
2019-06-28 09:45:40.000000000,99919,426,99896,426,99988,100,99895,100,100001,100,99892,100,100003,100,99880,100,100051,100,99879,200,100086,100,99868,100,100092,100,99865,100,100124,100,99863,100,100148,100,99834,100,100153,100,99827,100
2019-06-28 09:45:50.000000000,99919,165,99896,165,99988,165,99895,165,100001,165,99892,165,100003,165,99880,165,100051,165,99879,265,100086,100,99868,100,100092,100,99865,100,100124,100,99863,100,100148,100,99834,100,100153,100,99827,100
2019-06-28 09:45:50.740058096,99913,100,99896,165,99919,165,99895,165,99988,165,99892,165,100001,165,99880,165,100003,165,99879,265,100051,165,99868,100,100086,100,99865,100,100092,100,99863,100,100124,100,99834,100,100148,100,99827,100
2019-06-28 09:46:00.000000000,99913,211,99896,211,99919,208,99895,208,99988,208,99892,208,100001,100,99880,100,100003,100,99879,200,100051,100,99868,100,100086,100,99865,100,100092,100,99863,100,100124,100,99834,100,100148,100,99827,100
2019-06-28 09:46:10.000000000,99913,165,99896,165,99919,165,99895,165,99988,165,99892,165,100001,165,99880,165,100003,165,99879,265,100051,100,99868,100,100086,100,99865,100,100092,100,99863,100,100124,100,99834,100,100148,100,99827,100
2019-06-28 09:46:12.255087188,99913,65,99896,65,99919,165,99895,165,99988,165,99892,165,100001,165,99880,165,100003,165,99879,265,100051,100,99868,100,100086,100,99865,100,100092,100,99863,100,100124,100,99834,100,100148,100,99827,100
2019-06-28 09:46:20.000000000,99919,182,99895,182,99988,182,99892,182,100001,182,99880,182,100003,182,99879,282,100051,100,99868,100,100086,100,99865,100,100092,100,99863,100,100124,100,99834,100,100148,100,99827,100,100153,100,99817,100
2019-06-28 09:46:30.000000000,99919,165,99895,165,99988,165,99892,165,100001,165,99880,165,100003,165,99879,265,100051,165,99868,165,100086,100,99865,100,100092,100,99863,100,100124,100,99834,100,100148,100,99827,100,100153,100,99817,100
2019-06-28 09:46:32.182847251,99912,100,99895,165,99919,165,99892,165,99988,165,99880,165,100001,165,99879,265,100003,165,99868,165,100051,165,99865,100,100086,100,99863,100,100092,100,99834,100,100124,100,99827,100,100148,100,99817,100
2019-06-28 09:46:40.000000000,99912,426,99895,426,99919,100,99892,100,99988,100,99880,100,100001,100,99879,200,100003,100,99868,100,100051,100,99865,100,100086,100,99863,100,100092,100,99834,100,100124,100,99827,100,100148,100,99817,100
2019-06-28 09:46:43.233242660,99912,426,99895,326,99919,100,99892,100,99988,100,99880,100,100001,100,99879,200,100003,100,99868,100,100051,100,99865,100,100086,100,99863,100,100092,100,99834,100,100124,100,99827,100,100153,100,99817,100
2019-06-28 09:46:45.652018864,99896,100,99895,326,99912,426,99892,100,99919,100,99880,100,99988,100,99879,200,100001,100,99868,100,100003,100,99865,100,100051,100,99863,100,100086,100,99834,100,100092,100,99827,100,100124,100,99817,100
2019-06-28 09:46:50.000000000,99896,182,99892,182,99912,182,99880,182,99919,182,99879,282,99988,182,99868,182,100001,100,99865,100,100003,100,99863,100,100051,100,99834,100,100086,100,99827,100,100092,100,99817,100,100124,100,99757,100
2019-06-28 09:47:00.000000000,99896,211,99892,211,99912,208,99880,208,99919,208,99879,308,99988,100,99868,100,100001,100,99865,100,100003,100,99863,100,100051,100,99834,100,100086,100,99827,100,100092,100,99817,100,100124,100,99757,100
2019-06-28 09:47:10.000000000,99896,426,99892,426,99912,100,99880,100,99919,100,99879,200,99988,100,99868,100,100001,100,99865,100,100003,100,99863,100,100051,100,99834,100,100086,100,99827,100,100092,100,99817,100,100124,100,99757,100
2019-06-28 09:47:20.000000000,99896,182,99892,182,99912,182,99880,182,99919,182,99879,282,99988,182,99868,182,100001,100,99865,100,100003,100,99863,100,100051,100,99834,100,100086,100,99827,100,100092,100,99817,100,100124,100,99757,100
2019-06-28 09:47:25.756744094,99896,182,99892,82,99912,182,99880,182,99919,182,99879,282,99988,182,99868,182,100001,100,99865,100,100003,100,99863,100,100051,100,99834,100,100086,100,99827,100,100092,100,99817,100,100124,100,99757,100
2019-06-28 09:47:26.778165146,99896,182,99892,82,99912,182,99880,182,99919,182,99879,282,99988,182,99868,82,100001,100,99865,100,100003,100,99863,100,100051,100,99834,100,100086,100,99827,100,100092,100,99817,100,100124,100,99757,100
2019-06-28 09:47:30.000000000,99896,165,99880,165,99912,165,99879,265,99919,165,99865,165,99988,165,99863,165,100001,165,99834,165,100003,100,99827,100,100051,100,99817,100,100086,100,99757,100,100092,100,99743,100,100124,100,99726,100
2019-06-28 09:47:40.000000000,99896,426,99880,426,99912,100,99879,200,99919,100,99865,100,99988,100,99863,100,100001,100,99834,100,100003,100,99827,100,100051,100,99817,100,100086,100,99757,100,100092,100,99743,100,100124,100,99726,100
2019-06-28 09:47:50.000000000,99896,426,99880,426,99912,100,99879,200,99919,100,99865,100,99988,100,99863,100,100001,100,99834,100,100003,100,99827,100,100051,100,99817,100,100086,100,99757,100,100092,100,99743,100,100124,100,99726,100
2019-06-28 09:48:00.000000000,99896,182,99880,182,99912,182,99879,282,99919,182,99865,182,99988,182,99863,182,100001,100,99834,100,100003,100,99827,100,100051,100,99817,100,100086,100,99757,100,100092,100,99743,100,100124,100,99726,100
2019-06-28 09:48:10.000000000,99896,263,99880,263,99912,263,99879,363,99919,100,99865,100,99988,100,99863,100,100001,100,99834,100,100003,100,99827,100,100051,100,99817,100,100086,100,99757,100,100092,100,99743,100,100124,100,99726,100
2019-06-28 09:48:20.000000000,99896,165,99880,165,99912,165,99879,265,99919,165,99865,165,99988,165,99863,165,100001,165,99834,165,100003,100,99827,100,100051,100,99817,100,100086,100,99757,100,100092,100,99743,100,100124,100,99726,100
2019-06-28 09:48:29.705016491,99896,165,99880,65,99912,165,99879,265,99919,165,99865,165,99988,165,99863,165,100001,165,99834,165,100003,100,99827,100,100051,100,99817,100,100086,100,99757,100,100092,100,99743,100,100124,100,99726,100
2019-06-28 09:48:30.000000000,99896,263,99879,363,99912,263,99865,263,99919,100,99863,100,99988,100,99834,100,100001,100,99827,100,100003,100,99817,100,100051,100,99757,100,100086,100,99743,100,100092,100,99726,100,100124,100,99719,100
2019-06-28 09:48:40.000000000,99896,165,99879,265,99912,165,99865,165,99919,165,99863,165,99988,165,99834,165,100001,165,99827,165,100003,100,99817,100,100051,100,99757,100,100086,100,99743,100,100092,100,99726,100,100124,100,99719,100
2019-06-28 09:48:50.000000000,99896,426,99879,526,99912,100,99865,100,99919,100,99863,100,99988,100,99834,100,100001,100,99827,100,100003,100,99817,100,100051,100,99757,100,100086,100,99743,100,100092,100,99726,100,100124,100,99719,100
2019-06-28 09:48:53.034243474,99896,426,99879,426,99912,100,99865,100,99919,100,99863,100,99988,100,99834,100,100001,100,99827,100,100003,100,99817,100,100051,100,99757,100,100086,100,99743,100,100092,100,99726,100,100124,100,99719,100
2019-06-28 09:49:00.000000000,99896,211,99879,211,99912,208,99865,208,99919,208,99863,208,99988,100,99834,100,100001,100,99827,100,100003,100,99817,100,100051,100,99757,100,100086,100,99743,100,100092,100,99726,100,100124,100,99719,100
2019-06-28 09:49:10.000000000,99896,263,99879,263,99912,263,99865,263,99919,100,99863,100,99988,100,99834,100,100001,100,99827,100,100003,100,99817,100,100051,100,99757,100,100086,100,99743,100,100092,100,99726,100,100124,100,99719,100
2019-06-28 09:49:20.000000000,99896,211,99879,211,99912,208,99865,208,99919,208,99863,208,99988,100,99834,100,100001,100,99827,100,100003,100,99817,100,100051,100,99757,100,100086,100,99743,100,100092,100,99726,100,100124,100,99719,100
2019-06-28 09:49:20.106069586,99896,211,99879,111,99912,208,99865,208,99919,208,99863,208,99988,100,99834,100,100001,100,99827,100,100003,100,99817,100,100051,100,99757,100,100086,100,99743,100,100092,100,99726,100,100153,100,99719,100
2019-06-28 09:49:22.152887672,99896,211,99879,11,99912,208,99865,208,99919,208,99863,208,99988,100,99834,100,100001,100,99827,100,100003,100,99817,100,100051,100,99757,100,100086,100,99743,100,100092,100,99726,100,100153,100,99719,100
2019-06-28 09:49:30.000000000,99896,263,99865,263,99912,263,99863,263,99919,100,99834,100,99988,100,99827,100,100001,100,99817,100,100003,100,99757,100,100051,100,99743,100,100086,100,99726,100,100092,100,99719,100,100153,100,99684,100
2019-06-28 09:49:34.815737357,99896,263,99865,163,99912,263,99863,263,99919,100,99834,100,99988,100,99827,100,100001,100,99817,100,100003,100,99757,100,100051,100,99743,100,100086,100,99726,100,100092,100,99719,100,100153,100,99684,100
2019-06-28 09:49:39.251651213,99896,263,99865,63,99912,263,99863,263,99919,100,99834,100,99988,100,99827,100,100001,100,99817,100,100003,100,99757,100,100051,100,99743,100,100086,100,99726,100,100092,100,99719,100,100153,100,99684,100
2019-06-28 09:49:40.000000000,99896,263,99863,263,99912,263,99834,263,99919,100,99827,100,99988,100,99817,100,100001,100,99757,100,100003,100,99743,100,100051,100,99726,100,100086,100,99719,100,100092,100,99684,100,100153,100,99607,100
2019-06-28 09:49:49.789187341,99865,100,99863,263,99896,263,99834,263,99912,263,99827,100,99919,100,99817,100,99988,100,99757,100,100001,100,99743,100,100003,100,99726,100,100051,100,99719,100,100086,100,99684,100,100092,100,99607,100
2019-06-28 09:49:50.000000000,99865,165,99863,165,99896,165,99834,165,99912,165,99827,165,99919,165,99817,165,99988,165,99757,165,100001,100,99743,100,100003,100,99726,100,100051,100,99719,100,100086,100,99684,100,100092,100,99607,100
2019-06-28 09:50:00.000000000,99865,165,99863,165,99896,165,99834,165,99912,165,99827,165,99919,165,99817,165,99988,165,99757,165,100001,100,99743,100,100003,100,99726,100,100051,100,99719,100,100086,100,99684,100,100092,100,99607,100
2019-06-28 09:50:10.000000000,99865,182,99863,182,99896,182,99834,182,99912,182,99827,182,99919,182,99817,182,99988,100,99757,100,100001,100,99743,100,100003,100,99726,100,100051,100,99719,100,100086,100,99684,100,100092,100,99607,100
2019-06-28 09:50:10.895219625,99865,282,99863,182,99896,182,99834,182,99912,182,99827,182,99919,182,99817,182,99988,100,99757,100,100001,100,99743,100,100003,100,99726,100,100051,100,99719,100,100086,100,99684,100,100092,100,99607,100
2019-06-28 09:50:18.584027255,99865,382,99863,182,99896,182,99834,182,99912,182,99827,182,99919,182,99817,182,99988,100,99757,100,100001,100,99743,100,100003,100,99726,100,100051,100,99719,100,100086,100,99684,100,100092,100,99607,100
2019-06-28 09:50:20.000000000,99865,626,99863,426,99896,100,99834,100,99912,100,99827,100,99919,100,99817,100,99988,100,99757,100,100001,100,99743,100,100003,100,99726,100,100051,100,99719,100,100086,100,99684,100,100092,100,99607,100
2019-06-28 09:50:27.106209122,99865,626,99863,426,99896,100,99834,100,99912,100,99827,100,99919,100,99817,100,99988,100,99757,100,100001,100,99743,100,100003,100,99726,100,100051,100,99719,100,100086,100,99684,100,100092,100,99607,100
2019-06-28 09:50:30.000000000,99865,463,99863,263,99896,263,99834,263,99912,100,99827,100,99919,100,99817,100,99988,100,99757,100,100001,100,99743,100,100003,100,99726,100,100051,100,99719,100,100086,100,99684,100,100092,100,99607,100
2019-06-28 09:50:32.466497221,99865,463,99863,163,99896,263,99834,263,99912,100,99827,100,99919,100,99817,100,99988,100,99757,100,100001,100,99743,100,100003,100,99726,100,100051,100,99719,100,100086,100,99684,100,100153,100,99607,100
2019-06-28 09:50:33.579736176,99864,100,99863,163,99865,363,99834,263,99896,263,99827,100,99912,100,99817,100,99919,100,99757,100,99988,100,99743,100,100001,100,99726,100,100003,100,99719,100,100051,100,99684,100,100086,100,99607,100
2019-06-28 09:50:40.000000000,99864,263,99834,263,99865,363,99827,263,99896,100,99817,100,99912,100,99757,100,99919,100,99743,100,99988,100,99726,100,100001,100,99719,100,100003,100,99684,100,100051,100,99607,100,100086,100,99470,100
2019-06-28 09:50:50.000000000,99864,263,99834,263,99865,363,99827,263,99896,100,99817,100,99912,100,99757,100,99919,100,99743,100,99988,100,99726,100,100001,100,99719,100,100003,100,99684,100,100051,100,99607,100,100086,100,99470,100
2019-06-28 09:51:00.000000000,99864,182,99834,182,99865,282,99827,182,99896,182,99817,182,99912,182,99757,182,99919,100,99743,100,99988,100,99726,100,100001,100,99719,100,100003,100,99684,100,100051,100,99607,100,100086,100,99470,100
2019-06-28 09:51:06.631594814,99864,182,99834,82,99865,282,99827,182,99896,182,99817,182,99912,182,99757,182,99919,100,99743,100,99988,100,99726,100,100001,100,99719,100,100003,100,99684,100,100051,100,99607,100,100086,100,99470,100
2019-06-28 09:51:10.000000000,99864,182,99827,182,99865,282,99817,182,99896,182,99757,182,99912,182,99743,182,99919,100,99726,100,99988,100,99719,100,100001,100,99684,100,100003,100,99607,100,100051,100,99470,100,100086,100,99450,100
2019-06-28 09:51:11.038177180,99864,182,99827,182,99865,282,99817,182,99896,182,99757,182,99912,182,99743,182,99919,100,99726,100,99988,100,99719,100,100001,100,99684,100,100003,100,99607,100,100051,100,99470,100,100086,100,99450,100
2019-06-28 09:51:20.000000000,99864,165,99827,165,99865,265,99817,165,99896,165,99757,165,99912,165,99743,165,99919,165,99726,165,99988,100,99719,100,100001,100,99684,100,100003,100,99607,100,100051,100,99470,100,100086,100,99450,100
2019-06-28 09:51:30.000000000,99864,182,99827,182,99865,282,99817,182,99896,182,99757,182,99912,182,99743,182,99919,100,99726,100,99988,100,99719,100,100001,100,99684,100,100003,100,99607,100,100051,100,99470,100,100086,100,99450,100
2019-06-28 09:51:40.000000000,99864,211,99827,211,99865,308,99817,208,99896,208,99757,208,99912,100,99743,100,99919,100,99726,100,99988,100,99719,100,100001,100,99684,100,100003,100,99607,100,100051,100,99470,100,100086,100,99450,100
2019-06-28 09:51:50.000000000,99864,211,99827,211,99865,308,99817,208,99896,208,99757,208,99912,100,99743,100,99919,100,99726,100,99988,100,99719,100,100001,100,99684,100,100003,100,99607,100,100051,100,99470,100,100086,100,99450,100
2019-06-28 09:52:00.000000000,99864,263,99827,263,99865,363,99817,263,99896,100,99757,100,99912,100,99743,100,99919,100,99726,100,99988,100,99719,100,100001,100,99684,100,100003,100,99607,100,100051,100,99470,100,100086,100,99450,100
2019-06-28 09:52:10.000000000,99864,165,99827,165,99865,265,99817,165,99896,165,99757,165,99912,165,99743,165,99919,165,99726,165,99988,100,99719,100,100001,100,99684,100,100003,100,99607,100,100051,100,99470,100,100086,100,99450,100
2019-06-28 09:52:20.000000000,99864,211,99827,211,99865,308,99817,208,99896,208,99757,208,99912,100,99743,100,99919,100,99726,100,99988,100,99719,100,100001,100,99684,100,100003,100,99607,100,100051,100,99470,100,100086,100,99450,100
2019-06-28 09:52:21.468281644,99864,211,99827,111,99865,308,99817,208,99896,208,99757,208,99912,100,99743,100,99919,100,99726,100,99988,100,99719,100,100001,100,99684,100,100003,100,99607,100,100051,100,99470,100,100086,100,99450,100
2019-06-28 09:52:23.808520187,99864,211,99827,11,99865,308,99817,208,99896,208,99757,208,99912,100,99743,100,99919,100,99726,100,99988,100,99719,100,100001,100,99684,100,100003,100,99607,100,100051,100,99470,100,100086,100,99450,100
2019-06-28 09:52:30.000000000,99864,165,99817,165,99865,265,99757,165,99896,165,99743,165,99912,165,99726,165,99919,165,99719,165,99988,100,99684,100,100001,100,99607,100,100003,100,99470,100,100051,100,99450,100,100086,100,99445,100
2019-06-28 09:52:38.489313142,99864,165,99817,65,99865,265,99757,165,99896,165,99743,165,99912,165,99726,165,99919,165,99719,165,99988,100,99684,100,100001,100,99607,100,100003,100,99470,100,100051,100,99450,100,100086,100,99445,100
2019-06-28 09:52:40.000000000,99864,211,99757,211,99865,308,99743,208,99896,208,99726,208,99912,100,99719,100,99919,100,99684,100,99988,100,99607,100,100001,100,99470,100,100003,100,99450,100,100051,100,99445,100,100086,100,99392,100
2019-06-28 09:52:50.000000000,99864,263,99757,263,99865,363,99743,263,99896,100,99726,100,99912,100,99719,100,99919,100,99684,100,99988,100,99607,100,100001,100,99470,100,100003,100,99450,100,100051,100,99445,100,100086,100,99392,100
2019-06-28 09:52:52.623770833,99864,163,99757,263,99865,363,99743,263,99896,100,99726,100,99912,100,99719,100,99919,100,99684,100,99988,100,99607,100,100001,100,99470,100,100003,100,99450,100,100051,100,99445,100,100086,100,99392,100
2019-06-28 09:52:55.120422422,99864,163,99757,163,99865,363,99743,263,99896,100,99726,100,99912,100,99719,100,99919,100,99684,100,99988,100,99607,100,100001,100,99470,100,100003,100,99450,100,100051,100,99445,100,100086,100,99392,100
2019-06-28 09:53:00.000000000,99865,282,99743,182,99896,182,99726,182,99912,182,99719,182,99919,182,99684,182,99988,100,99607,100,100001,100,99470,100,100003,100,99450,100,100051,100,99445,100,100086,100,99392,100,100153,100,99300,100
2019-06-28 09:53:08.399363425,99817,100,99743,182,99865,282,99726,182,99896,82,99719,182,99912,182,99684,182,99919,182,99607,100,99988,100,99470,100,100001,100,99450,100,100003,100,99445,100,100051,100,99392,100,100086,100,99300,100
2019-06-28 09:53:10.000000000,99817,165,99743,165,99865,265,99726,165,99912,165,99719,165,99919,165,99684,165,99988,165,99607,165,100001,100,99470,100,100003,100,99450,100,100051,100,99445,100,100086,100,99392,100,100153,100,99300,100
2019-06-28 09:53:20.000000000,99817,165,99743,165,99865,265,99726,165,99912,165,99719,165,99919,165,99684,165,99988,165,99607,165,100001,100,99470,100,100003,100,99450,100,100051,100,99445,100,100086,100,99392,100,100153,100,99300,100
2019-06-28 09:53:27.432765056,99817,165,99743,65,99865,265,99726,165,99912,165,99719,165,99919,165,99684,165,99988,165,99607,165,100001,100,99470,100,100003,100,99450,100,100051,100,99445,100,100086,100,99392,100,100153,100,99300,100
2019-06-28 09:53:27.942984024,99817,165,99743,65,99865,265,99726,165,99912,165,99719,165,99919,165,99684,165,99988,165,99607,65,100001,100,99470,100,100003,100,99450,100,100051,100,99445,100,100086,100,99392,100,100153,100,99300,100
2019-06-28 09:53:30.000000000,99817,165,99726,165,99865,265,99719,165,99912,165,99684,165,99919,165,99470,165,99988,165,99450,165,100001,100,99445,100,100003,100,99392,100,100051,100,99300,100,100086,100,99299,100,100153,100,98595,100
2019-06-28 09:53:40.000000000,99817,182,99726,182,99865,282,99719,182,99912,182,99684,182,99919,182,99470,182,99988,100,99450,100,100001,100,99445,100,100003,100,99392,100,100051,100,99300,100,100086,100,99299,100,100153,100,98595,100
2019-06-28 09:53:50.000000000,99817,211,99726,211,99865,308,99719,208,99912,208,99684,208,99919,100,99470,100,99988,100,99450,100,100001,100,99445,100,100003,100,99392,100,100051,100,99300,100,100086,100,99299,100,100153,100,98595,100
2019-06-28 09:53:50.330061798,99817,211,99726,211,99865,308,99719,208,99912,208,99684,208,99919,100,99470,100,99988,100,99450,100,100001,100,99445,100,100003,100,99392,100,100051,100,99300,100,100086,100,99299,100,100153,100,98885,100
2019-06-28 09:54:00.000000000,99817,165,99726,165,99865,265,99719,165,99912,165,99684,165,99919,165,99470,165,99988,165,99450,165,100001,100,99445,100,100003,100,99392,100,100051,100,99300,100,100086,100,99299,100,100153,100,98885,100
2019-06-28 09:54:00.534548493,99757,100,99726,165,99817,165,99719,165,99865,265,99684,165,99912,165,99470,165,99919,165,99450,165,99988,165,99445,100,100001,100,99392,100,100003,100,99300,100,100051,100,99299,100,100086,100,98885,100
2019-06-28 09:54:10.000000000,99757,165,99726,165,99817,165,99719,165,99865,265,99684,165,99912,165,99470,165,99919,165,99450,165,99988,100,99445,100,100001,100,99392,100,100003,100,99300,100,100051,100,99299,100,100086,100,98885,100
2019-06-28 09:54:19.863252596,99757,165,99726,65,99817,165,99719,165,99865,265,99684,165,99912,165,99470,165,99919,165,99450,165,99988,100,99445,100,100001,100,99392,100,100003,100,99300,100,100051,100,99299,100,100086,100,98885,100
2019-06-28 09:54:20.000000000,99757,182,99719,182,99817,182,99684,182,99865,282,99470,182,99912,182,99450,182,99919,100,99445,100,99988,100,99392,100,100001,100,99300,100,100003,100,99299,100,100051,100,98885,100,100086,100,98595,100
2019-06-28 09:54:30.000000000,99757,182,99719,182,99817,182,99684,182,99865,282,99470,182,99912,182,99450,182,99919,100,99445,100,99988,100,99392,100,100001,100,99300,100,100003,100,99299,100,100051,100,98885,100,100086,100,98595,100
2019-06-28 09:54:40.000000000,99757,211,99719,211,99817,208,99684,208,99865,308,99470,208,99912,100,99450,100,99919,100,99445,100,99988,100,99392,100,100001,100,99300,100,100003,100,99299,100,100051,100,98885,100,100086,100,98595,100
2019-06-28 09:54:50.000000000,99757,211,99719,211,99817,208,99684,208,99865,308,99470,208,99912,100,99450,100,99919,100,99445,100,99988,100,99392,100,100001,100,99300,100,100003,100,99299,100,100051,100,98885,100,100086,100,98595,100
2019-06-28 09:54:55.307000749,99757,211,99719,111,99817,208,99684,208,99865,308,99470,208,99912,100,99450,100,99919,100,99445,100,99988,100,99392,100,100001,100,99300,100,100003,100,98885,100,100051,100,98595,100,100086,100,,
2019-06-28 09:54:56.545876300,99757,211,99719,111,99817,208,99684,208,99865,308,99470,208,99912,100,99450,100,99919,100,99445,100,99988,100,99392,100,100001,100,99300,100,100003,100,98885,100,100051,100,98595,100,100086,100,98507,100
2019-06-28 09:55:00.000000000,99757,263,99684,263,99817,263,99470,263,99865,200,99450,100,99912,100,99445,100,99919,100,99392,100,99988,100,99300,100,100001,100,98885,100,100003,100,98595,100,100051,100,98507,100,100086,100,,
2019-06-28 09:55:10.000000000,99757,263,99684,263,99817,263,99470,263,99865,200,99450,100,99912,100,99445,100,99919,100,99392,100,99988,100,99300,100,100001,100,98885,100,100003,100,98595,100,100051,100,98507,100,100086,100,,
2019-06-28 09:55:20.000000000,99757,211,99684,211,99817,208,99470,208,99865,308,99450,208,99912,100,99445,100,99919,100,99392,100,99988,100,99300,100,100001,100,98885,100,100003,100,98595,100,100051,100,98507,100,100086,100,,
2019-06-28 09:55:30.000000000,99757,426,99684,426,99817,100,99470,100,99865,200,99450,100,99912,100,99445,100,99919,100,99392,100,99988,100,99300,100,100001,100,98885,100,100003,100,98595,100,100051,100,98507,100,100086,100,,
2019-06-28 09:55:36.697030687,99757,426,99684,326,99817,100,99470,100,99865,200,99450,100,99912,100,99445,100,99919,100,99392,100,99988,100,99300,100,100001,100,98885,100,100003,100,98595,100,100051,100,98507,100,100086,100,,
2019-06-28 09:55:40.000000000,99757,426,99470,426,99817,100,99450,100,99865,200,99445,100,99912,100,99392,100,99919,100,99300,100,99988,100,98885,100,100001,100,98595,100,100003,100,98507,100,100051,100,,,100086,100,,
2019-06-28 09:55:50.000000000,99757,263,99470,263,99817,263,99450,263,99865,200,99445,100,99912,100,99392,100,99919,100,99300,100,99988,100,98885,100,100001,100,98595,100,100003,100,98507,100,100051,100,,,100086,100,,
2019-06-28 09:55:52.880342741,99757,263,99470,263,99817,263,99450,263,99865,200,99445,100,99912,100,99392,100,99919,100,99300,100,99988,100,98885,100,100001,100,98595,100,100003,100,98507,100,100051,100,98168,100,100086,100,,
2019-06-28 09:55:58.146648174,99757,263,99470,63,99817,263,99450,263,99865,200,99445,100,99912,100,99392,100,99919,100,99300,100,99988,100,98885,100,100001,100,98595,100,100003,100,98507,100,100051,100,98168,100,100086,100,,
2019-06-28 09:56:00.000000000,99757,211,99450,211,99817,208,99445,208,99865,308,99392,208,99912,100,99300,100,99919,100,98885,100,99988,100,98595,100,100001,100,98507,100,100003,100,98168,100,100051,100,,,100086,100,,
2019-06-28 09:56:04.052068239,99684,100,99450,211,99757,211,99445,208,99817,208,99392,208,99865,308,99300,100,99912,100,98885,100,99919,100,98595,100,99988,100,98507,100,100001,100,98168,100,100003,100,,,100051,100,,
2019-06-28 09:56:10.000000000,99684,182,99450,182,99757,182,99445,182,99817,182,99392,182,99865,282,99300,182,99912,100,98885,100,99919,100,98595,100,99988,100,98507,100,100001,100,98168,100,100003,100,,,100051,100,,
2019-06-28 09:56:20.000000000,99684,165,99450,165,99757,165,99445,165,99817,165,99392,165,99865,265,99300,165,99912,165,98885,165,99919,100,98595,100,99988,100,98507,100,100001,100,98168,100,100003,100,,,100051,100,,
2019-06-28 09:56:30.000000000,99684,426,99450,426,99757,100,99445,100,99817,100,99392,100,99865,200,99300,100,99912,100,98885,100,99919,100,98595,100,99988,100,98507,100,100001,100,98168,100,100003,100,,,100051,100,,
2019-06-28 09:56:40.000000000,99684,211,99450,211,99757,208,99445,208,99817,208,99392,208,99865,200,99300,100,99912,100,98885,100,99919,100,98595,100,99988,100,98507,100,100001,100,98168,100,100003,100,,,100051,100,,
2019-06-28 09:56:41.909401651,99684,211,99450,111,99757,208,99445,208,99817,208,99392,208,99865,200,99300,100,99912,100,98885,100,99919,100,98595,100,99988,100,98507,100,100001,100,98168,100,100003,100,,,100051,100,,
2019-06-28 09:56:50.000000000,99684,426,99445,426,99757,100,99392,100,99817,100,99300,100,99865,200,98885,100,99912,100,98595,100,99919,100,98507,100,99988,100,98168,100,100001,100,,,100003,100,,,100051,100,,
2019-06-28 09:56:51.436207978,99684,426,99445,426,99757,100,99392,100,99865,200,99300,100,99912,100,98885,100,99919,100,98595,100,99988,100,98507,100,100001,100,98168,100,100003,100,,,100051,100,,,100086,100,,
2019-06-28 09:57:00.000000000,99684,426,99445,426,99757,100,99392,100,99865,200,99300,100,99912,100,98885,100,99919,100,98595,100,99988,100,98507,100,100001,100,98168,100,100003,100,,,100051,100,,,100086,100,,
2019-06-28 09:57:10.000000000,99684,211,99445,211,99757,208,99392,208,99865,308,99300,208,99912,100,98885,100,99919,100,98595,100,99988,100,98507,100,100001,100,98168,100,100003,100,,,100051,100,,,100086,100,,
2019-06-28 09:57:20.000000000,99684,426,99445,426,99757,100,99392,100,99865,200,99300,100,99912,100,98885,100,99919,100,98595,100,99988,100,98507,100,100001,100,98168,100,100003,100,,,100051,100,,,100086,100,,
2019-06-28 09:57:30.000000000,99684,426,99445,426,99757,100,99392,100,99865,200,99300,100,99912,100,98885,100,99919,100,98595,100,99988,100,98507,100,100001,100,98168,100,100003,100,,,100051,100,,,100086,100,,
2019-06-28 09:57:40.000000000,99684,165,99445,165,99757,165,99392,165,99865,265,99300,165,99912,165,98885,165,99919,165,98595,165,99988,100,98507,100,100001,100,98168,100,100003,100,,,100051,100,,,100086,100,,
2019-06-28 09:57:40.395236508,99562,100,99445,165,99684,165,99392,165,99757,165,99300,165,99865,265,98885,165,99912,165,98595,165,99919,165,98507,100,99988,100,98168,100,100001,100,,,100003,100,,,100051,100,,
2019-06-28 09:57:40.443533392,99684,165,99445,165,99757,165,99392,165,99865,265,99300,165,99912,165,98885,165,99919,165,98595,165,99988,100,98507,100,100001,100,98168,100,100003,100,,,100051,100,,,100086,100,,
2019-06-28 09:57:50.000000000,99684,263,99445,263,99757,263,99392,263,99865,200,99300,100,99912,100,98885,100,99919,100,98595,100,99988,100,98507,100,100001,100,98168,100,100003,100,,,100051,100,,,100086,100,,
2019-06-28 09:57:58.945939212,99684,263,99445,263,99757,163,99392,263,99865,200,99300,100,99912,100,98885,100,99919,100,98595,100,99988,100,98507,100,100001,100,98168,100,100003,100,,,100051,100,,,100086,100,,
2019-06-28 09:58:00.000000000,99684,426,99445,426,99865,200,99392,100,99912,100,99300,100,99919,100,98885,100,99988,100,98595,100,100001,100,98507,100,100003,100,98168,100,100051,100,,,100086,100,,,100153,100,,
2019-06-28 09:58:05.952187279,99684,426,99445,426,99734,100,99392,100,99865,200,99300,100,99912,100,98595,100,99919,100,98507,100,99988,100,98168,100,100001,100,,,100003,100,,,100051,100,,,100086,100,,
2019-06-28 09:58:10.000000000,99684,211,99445,211,99734,208,99392,208,99865,308,99300,208,99912,100,98595,100,99919,100,98507,100,99988,100,98168,100,100001,100,,,100003,100,,,100051,100,,,100086,100,,
2019-06-28 09:58:20.000000000,99684,263,99445,263,99734,263,99392,263,99865,200,99300,100,99912,100,98595,100,99919,100,98507,100,99988,100,98168,100,100001,100,,,100003,100,,,100051,100,,,100086,100,,
2019-06-28 09:58:25.112520096,99684,263,99451,100,99734,263,99445,263,99865,200,99392,263,99912,100,99300,100,99919,100,98595,100,99988,100,98507,100,100001,100,98168,100,100003,100,,,100051,100,,,100086,100,,
2019-06-28 09:58:28.779900062,99684,263,99451,100,99734,263,99445,263,99865,200,99392,263,99912,100,99300,100,99919,100,98595,100,99988,100,98507,100,100001,100,98168,100,100003,100,,,100045,100,,,100051,100,,
2019-06-28 09:58:30.000000000,99684,426,99451,426,99734,100,99445,100,99865,200,99392,100,99912,100,99300,100,99919,100,98595,100,99988,100,98507,100,100001,100,98168,100,100003,100,,,100045,100,,,100051,100,,
2019-06-28 09:58:40.000000000,99684,426,99451,426,99734,100,99445,100,99865,200,99392,100,99912,100,99300,100,99919,100,98595,100,99988,100,98507,100,100001,100,98168,100,100003,100,,,100045,100,,,100051,100,,
2019-06-28 09:58:43.351556409,99684,326,99451,426,99734,100,99445,100,99865,200,99392,100,99912,100,99300,100,99919,100,98595,100,99988,100,98507,100,100001,100,98168,100,100003,100,,,100045,100,,,100051,100,,
2019-06-28 09:58:50.000000000,99734,165,99451,165,99865,265,99445,165,99912,165,99392,165,99919,165,99300,165,99988,165,98595,165,100001,100,98507,100,100003,100,98168,100,100045,100,,,100051,100,,,100086,100,,
2019-06-28 09:59:00.000000000,99734,426,99451,426,99865,200,99445,100,99912,100,99392,100,99919,100,99300,100,99988,100,98595,100,100001,100,98507,100,100003,100,98168,100,100045,100,,,100051,100,,,100086,100,,
2019-06-28 09:59:07.340832737,99734,426,99451,426,99865,200,99445,100,99912,100,99392,100,99919,100,99300,100,99988,100,98595,100,100001,100,98507,100,100003,100,98168,100,100045,100,,,100051,100,,,100086,100,,
2019-06-28 09:59:08.079067563,99734,326,99451,426,99865,200,99445,100,99912,100,99392,100,99919,100,99300,100,99988,100,98595,100,100001,100,98507,100,100003,100,98168,100,100045,100,,,100051,100,,,100086,100,,
2019-06-28 09:59:10.000000000,99865,526,99451,426,99912,100,99445,100,99919,100,99392,100,99988,100,99300,100,100001,100,98595,100,100003,100,98507,100,100045,100,98168,100,100051,100,,,100086,100,,,100153,100,,
2019-06-28 09:59:13.489527129,99865,526,99451,426,99912,100,99445,100,99919,100,99392,100,99988,100,99300,100,100001,100,98595,100,100003,100,98507,100,100045,100,98168,100,100051,100,,,100086,100,,,100153,100,,
2019-06-28 09:59:20.000000000,99865,363,99451,263,99912,263,99445,263,99919,100,99392,100,99988,100,99300,100,100001,100,98595,100,100003,100,98507,100,100045,100,98168,100,100051,100,,,100086,100,,,100153,100,,
2019-06-28 09:59:25.024129975,99865,263,99451,263,99912,263,99445,263,99919,100,99392,100,99988,100,99300,100,100001,100,98595,100,100003,100,98507,100,100045,100,98168,100,100051,100,,,100086,100,,,100153,100,,
2019-06-28 09:59:30.000000000,99865,211,99451,211,99912,208,99445,208,99919,208,99392,208,99988,100,99300,100,100001,100,98595,100,100003,100,98507,100,100045,100,98168,100,100051,100,,,100086,100,,,100153,100,,
2019-06-28 09:59:40.000000000,99865,263,99451,263,99912,263,99445,263,99919,100,99392,100,99988,100,99300,100,100001,100,98595,100,100003,100,98507,100,100045,100,98168,100,100051,100,,,100086,100,,,100153,100,,
2019-06-28 09:59:41.465843623,99865,263,99451,263,99912,263,99445,263,99919,100,99392,100,99988,100,99300,100,100001,100,98595,100,100003,100,98507,100,100045,100,98168,100,100051,100,,,100086,100,,,100153,100,,
2019-06-28 09:59:50.000000000,99865,211,99451,211,99912,208,99445,208,99919,208,99392,208,99988,100,99300,100,100001,100,98595,100,100003,100,98507,100,100045,100,98168,100,100051,100,,,100086,100,,,100153,100,,
2019-06-28 09:59:58.361972176,99865,111,99734,100,99912,208,99451,211,99919,208,99445,208,99988,100,99392,208,100001,100,99300,100,100003,100,98595,100,100045,100,98507,100,100051,100,98168,100,100086,100,,,100153,100,,
2019-06-28 10:00:00.000000000,99912,182,99734,182,99919,182,99451,182,99988,182,99445,182,100001,182,99392,182,100003,100,99300,100,100045,100,98595,100,100051,100,98507,100,100086,100,98168,100,100153,100,,,100176,100,,
2019-06-28 10:00:02.974474977,99912,182,99734,182,99919,182,99451,182,99988,182,99445,182,100001,182,99392,182,100003,100,99300,100,100045,100,98595,100,100051,100,98507,100,100086,100,98168,100,100153,100,,,100176,100,,
2019-06-28 10:00:10.000000000,99912,165,99734,165,99919,165,99451,165,99988,165,99445,165,100001,165,99392,165,100003,165,99300,165,100045,100,98595,100,100051,100,98507,100,100086,100,98168,100,100153,100,,,100176,100,,
2019-06-28 10:00:20.000000000,99912,426,99734,426,99919,100,99451,100,99988,100,99445,100,100001,100,99392,100,100003,100,99300,100,100045,100,98595,100,100051,100,98507,100,100086,100,98168,100,100153,100,,,100176,100,,
2019-06-28 10:00:30.000000000,99912,211,99734,211,99919,208,99451,208,99988,208,99445,208,100001,100,99392,100,100003,100,99300,100,100045,100,98595,100,100051,100,98507,100,100086,100,98168,100,100153,100,,,100176,100,,
2019-06-28 10:00:30.837196147,99912,211,99734,211,99919,208,99577,100,99988,208,99451,208,100001,100,99445,208,100003,100,99392,100,100045,100,99300,100,100051,100,98595,100,100086,100,98507,100,100153,100,98168,100,100176,100,,
2019-06-28 10:00:40.000000000,99912,165,99734,165,99919,165,99577,165,99988,165,99451,165,100001,165,99445,165,100003,165,99392,165,100045,100,99300,100,100051,100,98595,100,100086,100,98507,100,100153,100,98168,100,100176,100,,
2019-06-28 10:00:43.617566070,99912,165,99734,165,99919,165,99609,100,99988,165,99577,165,100001,165,99451,165,100003,165,99445,165,100045,100,99392,165,100051,100,99300,100,100086,100,98595,100,100153,100,98507,100,100176,100,,
2019-06-28 10:00:50.000000000,99912,263,99734,263,99919,263,99609,263,99988,100,99577,100,100001,100,99451,100,100003,100,99445,100,100045,100,99392,100,100051,100,99300,100,100086,100,98595,100,100153,100,98507,100,100176,100,,
2019-06-28 10:01:00.000000000,99912,426,99734,426,99919,100,99609,100,99988,100,99577,100,100001,100,99451,100,100003,100,99445,100,100045,100,99392,100,100051,100,99300,100,100086,100,98595,100,100153,100,98507,100,100176,100,,
2019-06-28 10:01:10.000000000,99912,211,99734,211,99919,208,99609,208,99988,208,99577,208,100001,100,99451,100,100003,100,99445,100,100045,100,99392,100,100051,100,99300,100,100086,100,98595,100,100153,100,98507,100,100176,100,,
2019-06-28 10:01:20.000000000,99912,426,99734,426,99919,100,99609,100,99988,100,99577,100,100001,100,99451,100,100003,100,99445,100,100045,100,99392,100,100051,100,99300,100,100086,100,98595,100,100153,100,98507,100,100176,100,,
2019-06-28 10:01:23.962231389,99912,426,99734,426,99919,100,99609,100,99988,100,99577,100,100001,100,99451,100,100003,100,99445,100,100016,100,99392,100,100045,100,99300,100,100086,100,98595,100,100153,100,98507,100,100176,100,,
2019-06-28 10:01:24.859307048,99912,426,99734,426,99919,100,99609,100,99988,100,99577,100,100001,100,99451,100,100003,100,99445,100,100016,100,99392,100,100045,100,99300,100,100086,100,98595,100,100109,100,98507,100,100153,100,,
2019-06-28 10:01:30.000000000,99912,263,99734,263,99919,263,99609,263,99988,100,99577,100,100001,100,99451,100,100003,100,99445,100,100016,100,99392,100,100045,100,99300,100,100086,100,98595,100,100109,100,98507,100,100153,100,,
2019-06-28 10:01:32.376637371,99912,263,99734,263,99919,263,99609,263,99988,100,99577,100,100001,100,99451,100,100003,100,99445,100,100016,100,99392,100,100045,100,99300,100,100073,100,98595,100,100086,100,98507,100,100109,100,,
2019-06-28 10:01:40.000000000,99912,263,99734,263,99919,263,99609,263,99988,100,99577,100,100001,100,99451,100,100003,100,99445,100,100016,100,99392,100,100045,100,99300,100,100073,100,98595,100,100086,100,98507,100,100109,100,,
2019-06-28 10:01:41.793907562,99912,263,99734,263,99919,263,99720,100,99988,100,99609,263,100001,100,99577,100,100003,100,99451,100,100016,100,99445,100,100045,100,99392,100,100073,100,99300,100,100086,100,98595,100,100109,100,98507,100
2019-06-28 10:01:44.857749568,99912,263,99734,263,99919,263,99720,100,99967,100,99609,263,99988,100,99577,100,100001,100,99451,100,100003,100,99445,100,100016,100,99392,100,100045,100,99300,100,100073,100,98595,100,100086,100,98507,100
2019-06-28 10:01:50.000000000,99912,211,99734,211,99919,208,99720,208,99967,208,99609,208,99988,100,99577,100,100001,100,99451,100,100003,100,99445,100,100016,100,99392,100,100045,100,99300,100,100073,100,98595,100,100086,100,98507,100
2019-06-28 10:02:00.000000000,99912,182,99734,182,99919,182,99720,182,99967,182,99609,182,99988,182,99577,182,100001,100,99451,100,100003,100,99445,100,100016,100,99392,100,100045,100,99300,100,100073,100,98595,100,100086,100,98507,100
2019-06-28 10:02:05.958040354,99912,182,99734,182,99919,182,99720,182,99967,182,99609,182,99988,182,99577,182,100001,100,99451,100,100003,100,99445,100,100016,100,99300,100,100045,100,98595,100,100073,100,98507,100,100086,100,,
2019-06-28 10:02:09.041939316,99912,182,99734,182,99919,182,99720,182,99967,182,99609,182,99988,182,99577,182,100001,100,99451,100,100003,100,99300,100,100016,100,98595,100,100045,100,98507,100,100073,100,,,100086,100,,
2019-06-28 10:02:10.000000000,99912,182,99734,182,99919,182,99720,182,99967,182,99609,182,99988,182,99577,182,100001,100,99451,100,100003,100,99300,100,100016,100,98595,100,100045,100,98507,100,100073,100,,,100086,100,,
2019-06-28 10:02:20.000000000,99912,211,99734,211,99919,208,99720,208,99967,208,99609,208,99988,100,99577,100,100001,100,99451,100,100003,100,99300,100,100016,100,98595,100,100045,100,98507,100,100073,100,,,100086,100,,
2019-06-28 10:02:30.000000000,99912,211,99734,211,99919,208,99720,208,99967,208,99609,208,99988,100,99577,100,100001,100,99451,100,100003,100,99300,100,100016,100,98595,100,100045,100,98507,100,100073,100,,,100086,100,,
2019-06-28 10:02:35.852448784,99912,211,99734,211,99919,208,99720,208,99967,208,99609,208,99988,100,99577,100,100001,100,99451,100,100003,100,99300,100,100016,100,98595,100,100045,100,98507,100,100073,100,,,100086,100,,
2019-06-28 10:02:40.000000000,99912,182,99734,182,99919,182,99720,182,99967,182,99609,182,99988,182,99577,182,100001,100,99451,100,100003,100,99300,100,100016,100,98595,100,100045,100,98507,100,100073,100,,,100086,100,,
2019-06-28 10:02:40.255585349,99912,82,99734,182,99919,182,99720,182,99967,182,99609,182,99988,182,99577,182,100001,100,99451,100,100003,100,99300,100,100016,100,98595,100,100045,100,98507,100,100073,100,,,100086,100,,
2019-06-28 10:02:45.391907208,99919,182,99912,18,99967,182,99734,182,99988,182,99720,182,100001,100,99609,182,100003,100,99577,182,100016,100,99451,100,100045,100,99300,100,100073,100,98595,100,100086,100,98507,100,100109,200,,
2019-06-28 10:02:50.000000000,99919,426,99912,344,99967,100,99734,100,99988,100,99720,100,100001,100,99609,100,100003,100,99577,100,100016,100,99451,100,100045,100,99300,100,100073,100,98595,100,100086,100,98507,100,100109,200,,
2019-06-28 10:03:00.000000000,99919,165,99912,83,99967,165,99734,165,99988,165,99720,165,100001,165,99609,165,100003,165,99577,165,100016,100,99451,100,100045,100,99300,100,100073,100,98595,100,100086,100,98507,100,100109,200,,
2019-06-28 10:03:10.000000000,99919,426,99912,344,99967,100,99734,100,99988,100,99720,100,100001,100,99609,100,100003,100,99577,100,100016,100,99451,100,100045,100,99300,100,100073,100,98595,100,100086,100,98507,100,100109,200,,
2019-06-28 10:03:12.069753113,99919,426,99912,344,99967,100,99734,100,99988,100,99720,100,100001,100,99609,100,100003,100,99577,100,100016,100,99451,100,100045,100,99300,100,100073,100,98595,100,100086,100,98507,100,100109,200,,
2019-06-28 10:03:20.000000000,99919,211,99912,129,99967,208,99734,208,99988,208,99720,208,100001,100,99609,100,100003,100,99577,100,100016,100,99451,100,100045,100,99300,100,100073,100,98595,100,100086,100,98507,100,100109,200,,
2019-06-28 10:03:30.000000000,99919,211,99912,129,99967,208,99734,208,99988,208,99720,208,100001,100,99609,100,100003,100,99577,100,100016,100,99451,100,100045,100,99300,100,100073,100,98595,100,100086,100,98507,100,100109,200,,
2019-06-28 10:03:40.000000000,99919,263,99912,181,99967,263,99734,263,99988,100,99720,100,100001,100,99609,100,100003,100,99577,100,100016,100,99451,100,100045,100,99300,100,100073,100,98595,100,100086,100,98507,100,100109,200,,
2019-06-28 10:03:47.105628565,99919,263,99912,181,99967,263,99734,263,99988,100,99720,100,100001,100,99609,100,100003,100,99577,100,100016,100,99451,100,100045,100,99300,100,100073,100,98595,100,100086,100,98507,100,100109,200,,
2019-06-28 10:03:50.000000000,99919,165,99912,83,99967,165,99734,165,99988,165,99720,165,100001,165,99609,165,100003,165,99577,165,100016,100,99451,100,100045,100,99300,100,100073,100,98595,100,100086,100,98507,100,100109,200,,
2019-06-28 10:03:56.483562169,99919,165,99912,83,99967,165,99865,100,99988,165,99734,165,100001,165,99720,165,100003,165,99609,165,100016,100,99577,165,100045,100,99451,100,100073,100,99300,100,100086,100,98595,100,100109,200,98507,100
2019-06-28 10:04:00.000000000,99919,211,99912,129,99967,208,99865,208,99988,208,99734,208,100001,100,99720,100,100003,100,99609,100,100016,100,99577,100,100045,100,99451,100,100073,100,99300,100,100086,100,98595,100,100109,200,98507,100
2019-06-28 10:04:10.000000000,99919,182,99912,100,99967,182,99865,182,99988,182,99734,182,100001,182,99720,182,100003,100,99609,100,100016,100,99577,100,100045,100,99451,100,100073,100,99300,100,100086,100,98595,100,100109,200,98507,100
2019-06-28 10:04:12.213582813,99919,82,99912,100,99967,182,99865,182,99988,182,99734,182,100001,182,99720,182,100003,100,99609,100,100016,100,99577,100,100045,100,99451,100,100073,100,99300,100,100086,100,98595,100,100109,200,98507,100
2019-06-28 10:04:13.561822824,99919,82,99912,100,99967,182,99865,182,99988,182,99734,182,100001,182,99720,182,100003,100,99609,100,100016,100,99577,100,100045,100,99451,100,100073,100,99300,100,100086,100,98595,100,100109,200,98507,100
2019-06-28 10:04:20.000000000,99967,182,99912,100,99988,182,99865,182,100001,182,99734,182,100003,182,99720,182,100016,100,99609,100,100045,100,99577,100,100073,100,99451,100,100086,100,99300,100,100109,200,98595,100,100153,100,98507,100
2019-06-28 10:04:30.000000000,99967,165,99912,83,99988,165,99865,165,100001,165,99734,165,100003,165,99720,165,100016,165,99609,165,100045,100,99577,100,100073,100,99451,100,100086,100,99300,100,100109,200,98595,100,100153,100,98507,100
2019-06-28 10:04:34.550560438,99967,65,99912,83,99988,165,99865,165,100001,165,99734,165,100003,165,99720,165,100016,165,99609,165,100045,100,99577,100,100073,100,99451,100,100086,100,99300,100,100109,200,98595,100,100153,100,98507,100
2019-06-28 10:04:40.000000000,99988,182,99912,100,100001,182,99865,182,100003,182,99734,182,100016,182,99720,182,100045,100,99609,100,100073,100,99577,100,100086,100,99451,100,100109,200,99300,100,100153,100,98595,100,100176,100,98507,100
2019-06-28 10:04:47.292382795,99988,182,99912,100,100001,182,99865,182,100003,182,99734,182,100016,182,99720,182,100045,100,99609,100,100073,100,99577,100,100086,100,99451,100,100109,200,99300,100,100153,100,98595,100,100176,100,98507,100
2019-06-28 10:04:50.000000000,99988,182,99912,100,100001,182,99865,182,100003,182,99734,182,100016,182,99720,182,100045,100,99609,100,100073,100,99577,100,100086,100,99451,100,100109,200,99300,100,100153,100,98595,100,100176,100,98507,100
2019-06-28 10:04:51.690678803,99988,182,99921,100,100001,182,99912,100,100003,182,99865,182,100016,182,99734,182,100045,100,99720,182,100073,100,99609,100,100086,100,99577,100,100109,100,99451,100,100153,100,99300,100,100176,100,98595,100
2019-06-28 10:05:00.000000000,99988,426,99921,426,100001,100,99912,18,100003,100,99865,100,100016,100,99734,100,100045,100,99720,100,100073,100,99609,100,100086,100,99577,100,100109,100,99451,100,100153,100,99300,100,100176,100,98595,100
2019-06-28 10:05:08.769822542,99988,426,99921,426,100001,100,99912,18,100003,100,99865,100,100016,100,99734,100,100045,100,99720,100,100073,100,99609,100,100086,100,99577,100,100109,100,99451,100,100153,100,99300,100,100176,100,98595,100
2019-06-28 10:05:10.000000000,99988,211,99921,211,100001,208,99912,126,100003,208,99865,208,100016,100,99734,100,100045,100,99720,100,100073,100,99609,100,100086,100,99577,100,100109,100,99451,100,100153,100,99300,100,100176,100,98595,100
2019-06-28 10:05:20.000000000,99988,182,99921,182,100001,182,99912,100,100003,182,99865,182,100016,182,99734,182,100045,100,99720,100,100073,100,99609,100,100086,100,99577,100,100109,100,99451,100,100153,100,99300,100,100176,100,98595,100
2019-06-28 10:05:30.000000000,99988,426,99921,426,100001,100,99912,18,100003,100,99865,100,100016,100,99734,100,100045,100,99720,100,100073,100,99609,100,100086,100,99577,100,100109,100,99451,100,100153,100,99300,100,100176,100,98595,100
2019-06-28 10:05:40.000000000,99988,182,99921,182,100001,182,99912,100,100003,182,99865,182,100016,182,99734,182,100045,100,99720,100,100073,100,99609,100,100086,100,99577,100,100109,100,99451,100,100153,100,99300,100,100176,100,98595,100
2019-06-28 10:05:48.962462153,99988,82,99921,182,100001,182,99912,100,100003,182,99865,182,100016,182,99734,182,100045,100,99720,100,100073,100,99609,100,100086,100,99577,100,100109,100,99451,100,100153,100,99300,100,100176,100,98595,100
2019-06-28 10:05:50.000000000,100001,165,99921,165,100003,165,99912,83,100016,165,99865,165,100045,165,99734,165,100073,165,99720,165,100086,100,99609,100,100109,100,99577,100,100153,100,99451,100,100176,100,99300,100,100192,100,98595,100
2019-06-28 10:06:00.000000000,100001,426,99921,426,100003,100,99912,18,100016,100,99865,100,100045,100,99734,100,100073,100,99720,100,100086,100,99609,100,100109,100,99577,100,100153,100,99451,100,100176,100,99300,100,100192,100,98595,100
2019-06-28 10:06:10.000000000,100001,426,99921,426,100003,100,99912,18,100016,100,99865,100,100045,100,99734,100,100073,100,99720,100,100086,100,99609,100,100109,100,99577,100,100153,100,99451,100,100176,100,99300,100,100192,100,98595,100
2019-06-28 10:06:20.000000000,100001,182,99921,182,100003,182,99912,100,100016,182,99865,182,100045,182,99734,182,100073,100,99720,100,100086,100,99609,100,100109,100,99577,100,100153,100,99451,100,100176,100,99300,100,100192,100,98595,100
2019-06-28 10:06:21.814963027,100001,182,99921,182,100003,182,99912,100,100016,182,99865,182,100045,182,99734,182,100073,100,99720,100,100086,100,99708,100,100109,100,99609,100,100153,100,99577,100,100176,100,99451,100,100192,100,99300,100
2019-06-28 10:06:30.000000000,100001,426,99921,426,100003,100,99912,18,100016,100,99865,100,100045,100,99734,100,100073,100,99720,100,100086,100,99708,100,100109,100,99609,100,100153,100,99577,100,100176,100,99451,100,100192,100,99300,100
2019-06-28 10:06:40.000000000,100001,165,99921,165,100003,165,99912,83,100016,165,99865,165,100045,165,99734,165,100073,165,99720,165,100086,100,99708,100,100109,100,99609,100,100153,100,99577,100,100176,100,99451,100,100192,100,99300,100
2019-06-28 10:06:50.000000000,100001,426,99921,426,100003,100,99912,18,100016,100,99865,100,100045,100,99734,100,100073,100,99720,100,100086,100,99708,100,100109,100,99609,100,100153,100,99577,100,100176,100,99451,100,100192,100,99300,100
2019-06-28 10:06:56.774596285,100001,426,99921,326,100003,100,99912,18,100016,100,99865,100,100045,100,99734,100,100073,100,99720,100,100086,100,99708,100,100109,100,99609,100,100153,100,99577,100,100176,100,99451,100,100192,100,99300,100
2019-06-28 10:07:00.000000000,100001,211,99912,129,100003,208,99865,208,100016,208,99734,208,100045,100,99720,100,100073,100,99708,100,100086,100,99609,100,100109,100,99577,100,100153,100,99451,100,100176,100,99300,100,100192,100,98595,100
2019-06-28 10:07:00.276779320,100001,211,99912,129,100003,208,99865,208,100016,208,99734,208,100045,100,99720,100,100073,100,99708,100,100086,100,99609,100,100109,100,99577,100,100176,100,99451,100,100192,100,99300,100,100240,100,99128,100
2019-06-28 10:07:07.121863042,100001,211,99912,129,100003,208,99865,208,100016,208,99734,208,100045,100,99720,100,100073,100,99708,100,100086,100,99609,100,100109,100,99577,100,100176,100,99451,100,100192,100,99300,100,100240,100,99198,100
2019-06-28 10:07:10.000000000,100001,165,99912,83,100003,165,99865,165,100016,165,99734,165,100045,165,99720,165,100073,165,99708,165,100086,100,99609,100,100109,100,99577,100,100176,100,99451,100,100192,100,99300,100,100240,100,99198,100
2019-06-28 10:07:20.000000000,100001,211,99912,129,100003,208,99865,208,100016,208,99734,208,100045,100,99720,100,100073,100,99708,100,100086,100,99609,100,100109,100,99577,100,100176,100,99451,100,100192,100,99300,100,100240,100,99198,100
2019-06-28 10:07:21.185461778,100001,211,99912,129,100003,208,99865,208,100016,208,99734,208,100045,100,99720,100,100073,100,99609,100,100086,100,99577,100,100109,100,99451,100,100176,100,99314,100,100192,100,99300,100,100240,100,99198,100
2019-06-28 10:07:30.000000000,100001,165,99912,83,100003,165,99865,165,100016,165,99734,165,100045,165,99720,165,100073,165,99609,165,100086,100,99577,100,100109,100,99451,100,100176,100,99314,100,100192,100,99300,100,100240,100,99198,100
2019-06-28 10:07:40.000000000,100001,263,99912,181,100003,263,99865,263,100016,100,99734,100,100045,100,99720,100,100073,100,99609,100,100086,100,99577,100,100109,100,99451,100,100176,100,99314,100,100192,100,99300,100,100240,100,99198,100
2019-06-28 10:07:50.000000000,100001,263,99912,181,100003,263,99865,263,100016,100,99734,100,100045,100,99720,100,100073,100,99609,100,100086,100,99577,100,100109,100,99451,100,100176,100,99314,100,100192,100,99300,100,100240,100,99198,100
2019-06-28 10:07:51.998708521,100001,263,99912,181,100003,263,99865,263,100016,100,99734,100,100045,100,99720,100,100073,100,99609,100,100109,100,99577,100,100176,100,99451,100,100192,100,99314,100,100240,100,99300,100,100276,100,99198,100
2019-06-28 10:08:00.000000000,100001,263,99912,181,100003,263,99865,263,100016,100,99734,100,100045,100,99720,100,100073,100,99609,100,100109,100,99577,100,100176,100,99451,100,100192,100,99314,100,100240,100,99300,100,100276,100,99198,100
2019-06-28 10:08:10.000000000,100001,211,99912,129,100003,208,99865,208,100016,208,99734,208,100045,100,99720,100,100073,100,99609,100,100109,100,99577,100,100176,100,99451,100,100192,100,99314,100,100240,100,99300,100,100276,100,99198,100
2019-06-28 10:08:20.000000000,100001,211,99912,129,100003,208,99865,208,100016,208,99734,208,100045,100,99720,100,100073,100,99609,100,100109,100,99577,100,100176,100,99451,100,100192,100,99314,100,100240,100,99300,100,100276,100,99198,100
2019-06-28 10:08:30.000000000,100001,182,99912,100,100003,182,99865,182,100016,182,99734,182,100045,182,99720,182,100073,100,99609,100,100109,100,99577,100,100176,100,99451,100,100192,100,99314,100,100240,100,99300,100,100276,100,99198,100
