,ask_price_1,ask_size_1,bid_price_1,bid_size_1,ask_price_2,ask_size_2,bid_price_2,bid_size_2,ask_price_3,ask_size_3,bid_price_3,bid_size_3,ask_price_4,ask_size_4,bid_price_4,bid_size_4,ask_price_5,ask_size_5,bid_price_5,bid_size_5,ask_price_6,ask_size_6,bid_price_6,bid_size_6,ask_price_7,ask_size_7,bid_price_7,bid_size_7,ask_price_8,ask_size_8,bid_price_8,bid_size_8,ask_price_9,ask_size_9,bid_price_9,bid_size_9,ask_price_10,ask_size_10,bid_price_10,bid_size_10
2019-06-28 09:30:00.000000001,,,99990,100,,,99879,100,,,,,,,,,,,,,,,,,,,,,,,,,,,,,,,,
2019-06-28 09:30:00.000000002,100112,100,99990,100,,,99879,100,,,,,,,,,,,,,,,,,,,,,,,,,,,,,,,,
2019-06-28 09:30:00.000000005,100009,100,99990,100,100029,100,99879,100,100060,100,,,100112,100,,,,,,,,,,,,,,,,,,,,,,,,,,
2019-06-28 09:30:00.000000006,100009,100,99990,100,100029,100,99988,100,100060,100,99879,100,100075,100,,,100112,100,,,,,,,,,,,,,,,,,,,,,,
2019-06-28 09:30:00.000000009,100009,100,99990,100,100029,100,99988,100,100060,100,99942,100,100065,100,99879,100,100075,100,,,100112,100,,,,,,,,,,,,,,,,,,
2019-06-28 09:30:00.000000011,100009,100,99990,100,100029,100,99988,100,100060,100,99942,100,100065,100,99879,100,100075,100,,,100102,100,,,100112,100,,,,,,,,,,,,,,
2019-06-28 09:30:00.000000012,100009,100,99990,100,100029,100,99988,100,100033,100,99942,100,100060,100,99879,100,100065,100,,,100075,100,,,100102,100,,,100112,100,,,,,,,,,,
2019-06-28 09:30:00.000000013,100009,100,99990,200,100029,100,99988,100,100033,100,99942,100,100060,100,99879,100,100065,100,,,100075,100,,,100102,100,,,100112,100,,,,,,,,,,
2019-06-28 09:30:00.000000014,100009,100,99990,200,100029,100,99988,100,100033,100,99942,100,100060,100,99909,100,100065,100,99879,100,100075,100,,,100102,100,,,100112,100,,,,,,,,,,
2019-06-28 09:30:00.000000015,100009,100,99990,200,100029,100,99988,100,100033,100,99942,100,100060,100,99909,100,100065,100,99879,100,100075,100,,,100102,100,,,100112,100,,,100197,100,,,,,,
2019-06-28 09:30:00.000000016,100009,100,99990,200,100029,100,99988,100,100033,100,99942,100,100060,100,99909,100,100065,100,99879,100,100075,100,,,100086,100,,,100102,100,,,100112,100,,,100116,100,,
2019-06-28 09:30:00.000000017,100009,100,99990,200,100029,100,99988,100,100033,100,99986,100,100060,100,99962,100,100065,100,99942,100,100075,100,99909,100,100086,100,99879,100,100102,100,,,100112,100,,,100116,100,,
2019-06-28 09:30:00.000000018,100009,100,99990,200,100029,100,99988,100,100033,100,99986,100,100060,100,99962,100,100065,100,99942,100,100075,100,99909,100,100086,100,99879,100,100092,100,,,100102,100,,,100112,100,,
2019-06-28 09:30:00.000000021,100009,100,99990,200,100029,100,99988,100,100033,100,99986,100,100060,100,99962,100,100065,100,99942,100,100075,100,99910,100,100086,100,99909,100,100092,100,99879,100,100102,100,,,100112,100,,
2019-06-28 09:30:00.000000023,100009,100,99990,200,100029,100,99988,100,100033,100,99986,100,100060,100,99962,100,100065,100,99942,100,100075,100,99910,100,100086,100,99909,100,100092,100,99879,100,100102,100,,,100112,100,,
2019-06-28 09:30:00.000000024,100009,100,99990,200,100029,100,99988,100,100033,100,99986,100,100060,100,99979,100,100065,100,99962,100,100075,100,99942,100,100086,100,99910,100,100092,100,99909,100,100102,100,99879,100,100112,100,,
2019-06-28 09:30:00.000000028,100009,100,99990,200,100020,100,99988,100,100029,100,99986,100,100033,100,99979,100,100060,100,99962,100,100065,100,99942,100,100075,100,99910,100,100086,100,99909,100,100092,100,99879,100,100102,100,,
2019-06-28 09:30:00.000000030,100009,100,99990,200,100020,100,99988,100,100029,100,99986,100,100033,100,99979,100,100060,100,99962,100,100065,100,99942,100,100075,100,99921,100,100086,100,99910,100,100092,100,99909,100,100102,100,99879,100
2019-06-28 09:30:00.000000033,100002,100,99990,200,100009,100,99988,100,100020,100,99986,100,100029,100,99979,100,100033,100,99962,100,100060,100,99942,100,100063,100,99921,100,100065,100,99910,100,100075,100,99909,100,100086,100,99879,100
2019-06-28 09:30:00.000000034,100002,100,99990,200,100009,100,99988,100,100018,100,99986,100,100020,100,99979,100,100029,100,99962,100,100033,100,99942,100,100060,100,99921,100,100063,100,99910,100,100065,100,99909,100,100075,100,99879,100
2019-06-28 09:30:00.000000035,100002,100,99990,200,100009,100,99988,100,100011,100,99986,100,100018,100,99979,100,100020,100,99962,100,100029,100,99942,100,100033,100,99921,100,100060,100,99910,100,100063,100,99909,100,100065,100,99879,100
2019-06-28 09:30:00.000000042,100002,100,100000,100,100009,100,99990,200,100011,100,99988,100,100018,100,99986,100,100020,100,99979,100,100029,100,99962,100,100033,100,99942,100,100060,100,99921,100,100063,100,99910,100,100065,100,99909,100
2019-06-28 09:30:00.000000043,100002,100,100000,100,100009,100,99990,200,100011,100,99988,100,100018,100,99986,100,100019,100,99979,100,100020,100,99962,100,100029,100,99942,100,100033,100,99921,100,100060,100,99910,100,100063,100,99909,100
2019-06-28 09:30:00.000000045,100002,100,100000,100,100009,100,99990,200,100011,100,99988,100,100018,100,99986,100,100019,100,99979,100,100020,100,99962,100,100029,100,99942,100,100033,100,99921,100,100060,100,99910,100,100063,100,99909,100
2019-06-28 09:30:00.000000046,100009,100,100000,100,100011,100,99990,200,100018,100,99988,100,100019,100,99986,100,100020,100,99979,100,100029,100,99962,100,100033,100,99942,100,100060,100,99921,100,100063,100,99910,100,100065,100,99909,100
2019-06-28 09:30:00.000000047,100011,100,100000,100,100018,100,99993,100,100019,100,99990,200,100020,100,99988,100,100029,100,99986,100,100033,100,99979,100,100060,100,99962,100,100063,100,99942,100,100065,100,99921,100,100075,100,99910,100
2019-06-28 09:30:00.000000048,100011,100,100000,100,100018,100,99993,100,100019,100,99990,200,100020,100,99988,100,100029,100,99986,100,100033,100,99979,100,100060,100,99962,100,100063,100,99942,100,100065,100,99921,100,100075,100,99910,100
2019-06-28 09:30:00.000000053,100011,100,100000,100,100018,100,99993,100,100019,100,99990,200,100020,100,99988,100,100029,100,99986,100,100033,100,99979,100,100045,100,99962,100,100060,100,99942,100,100063,100,99921,100,100065,100,99910,100
2019-06-28 09:30:00.000000055,100011,100,99993,100,100018,100,99990,200,100019,100,99988,100,100020,100,99986,100,100029,100,99979,100,100033,100,99962,100,100045,100,99942,100,100060,100,99921,100,100063,100,99910,100,100065,100,99909,100
2019-06-28 09:30:00.000000060,100018,100,99993,100,100019,100,99990,200,100020,100,99988,100,100029,100,99986,100,100033,100,99979,100,100045,100,99962,100,100060,100,99942,100,100063,100,99921,100,100065,100,99910,100,100075,100,99909,100
2019-06-28 09:30:00.000000064,100018,100,99993,100,100019,100,99990,200,100020,100,99988,100,100029,100,99986,100,100033,100,99979,100,100045,100,99962,100,100060,100,99955,100,100063,100,99942,100,100065,100,99921,100,100075,100,99910,100
2019-06-28 09:30:00.000000066,100018,100,99993,100,100019,100,99990,200,100020,100,99988,100,100029,100,99986,100,100033,100,99983,100,100045,100,99979,100,100060,100,99962,100,100063,100,99955,100,100065,100,99942,100,100075,100,99921,100
2019-06-28 09:30:00.000000068,100019,100,99993,100,100020,100,99990,200,100029,100,99988,100,100033,100,99986,100,100045,100,99983,100,100060,100,99979,100,100063,100,99962,100,100065,100,99955,100,100075,100,99942,100,100086,100,99921,100
2019-06-28 09:30:00.000000070,100019,100,99993,100,100020,100,99990,200,100029,100,99988,100,100033,100,99986,100,100045,100,99983,100,100060,100,99979,100,100063,100,99962,100,100065,100,99955,100,100075,100,99942,100,100086,100,99921,100
2019-06-28 09:30:00.000000071,100019,100,99993,100,100020,100,99990,200,100029,100,99988,100,100033,100,99986,100,100045,100,99985,100,100060,100,99983,100,100063,100,99979,100,100065,100,99962,100,100075,100,99955,100,100086,100,99942,100
2019-06-28 09:30:00.000000073,100019,100,100010,100,100020,100,99993,100,100029,100,99990,200,100033,100,99988,100,100045,100,99986,100,100060,100,99985,100,100063,100,99983,100,100065,100,99979,100,100075,100,99962,100,100086,100,99955,100
2019-06-28 09:30:00.000000074,100019,100,100010,100,100020,100,99993,100,100029,100,99990,200,100033,100,99988,100,100045,100,99986,100,100060,100,99985,100,100063,100,99983,100,100065,100,99979,100,100075,100,99962,200,100086,100,99955,100
2019-06-28 09:30:00.000000075,100018,100,100010,100,100019,100,99993,100,100020,100,99990,200,100029,100,99988,100,100033,100,99986,100,100045,100,99985,100,100060,100,99983,100,100063,100,99979,100,100065,100,99962,200,100075,100,99955,100
2019-06-28 09:30:00.000000078,100018,300,100011,100,100019,100,100010,100,100020,100,99993,100,100029,100,99990,200,100033,100,99988,100,100045,100,99986,100,100060,100,99985,100,100063,100,99983,100,100065,100,99979,100,100075,100,99962,200
2019-06-28 09:30:00.000000079,100018,300,100011,100,100019,100,100010,100,100020,100,99993,100,100029,100,99990,200,100033,100,99988,100,100045,100,99986,100,100060,100,99985,100,100063,100,99983,100,100065,100,99979,100,100075,100,99962,200
2019-06-28 09:30:00.000000080,100018,300,100011,100,100019,100,100010,100,100020,100,99993,100,100029,100,99990,200,100033,100,99988,100,100045,100,99986,100,100060,100,99985,100,100063,100,99983,100,100065,100,99979,100,100075,100,99962,200
2019-06-28 09:30:00.000000083,100018,300,100010,100,100019,100,99993,100,100020,100,99990,200,100029,100,99988,100,100033,100,99986,100,100045,100,99985,100,100060,100,99983,100,100063,100,99979,100,100065,100,99962,200,100075,100,99955,100
2019-06-28 09:30:00.000000084,100018,300,100010,100,100019,100,99993,100,100020,100,99990,200,100029,100,99988,100,100033,100,99986,100,100045,100,99985,100,100060,100,99983,100,100063,100,99979,100,100065,100,99962,200,100075,100,99955,100
2019-06-28 09:30:00.000000085,100018,300,100011,100,100019,100,100010,100,100020,100,99993,100,100029,100,99990,200,100033,100,99988,100,100045,100,99986,100,100060,100,99985,100,100063,100,99983,100,100065,100,99979,100,100075,100,99962,200
2019-06-28 09:30:00.000000088,100018,300,100011,100,100019,100,100010,100,100020,100,99993,100,100029,100,99990,200,100033,100,99988,100,100045,100,99986,100,100060,100,99985,100,100063,100,99983,100,100065,100,99979,100,100075,100,99962,200
2019-06-28 09:30:00.000000089,100018,300,100011,100,100019,100,100010,100,100020,100,99993,100,100029,100,99990,200,100033,100,99988,100,100045,100,99986,100,100060,100,99985,100,100063,100,99983,100,100065,100,99979,100,100075,100,99962,200
2019-06-28 09:30:00.000000091,100018,200,100011,100,100019,100,100010,100,100020,100,99993,100,100029,100,99990,200,100033,100,99988,100,100045,100,99986,100,100060,100,99985,100,100063,100,99983,100,100065,100,99979,100,100075,100,99962,200
2019-06-28 09:30:00.000000092,100018,200,100010,100,100019,100,99993,100,100020,100,99990,200,100029,100,99988,100,100033,100,99986,100,100045,100,99985,100,100060,100,99983,100,100063,100,99979,100,100065,100,99962,200,100075,100,99955,100
2019-06-28 09:30:00.000000093,100018,200,100010,100,100019,100,99993,100,100020,100,99990,200,100029,100,99988,100,100033,100,99986,100,100045,100,99985,100,100060,100,99983,100,100063,100,99979,100,100065,100,99962,200,100075,100,99955,100
2019-06-28 09:30:02.754486552,100018,200,100010,100,100019,100,99993,100,100020,100,99990,200,100029,100,99988,100,100033,100,99986,100,100045,100,99985,100,100060,100,99983,100,100063,100,99979,100,100065,100,99962,200,100075,100,99955,100
2019-06-28 09:30:08.882384280,100018,200,100016,100,100019,100,100010,100,100020,100,99993,100,100029,100,99990,200,100033,100,99988,100,100045,100,99986,100,100060,100,99985,100,100063,100,99983,100,100065,100,99979,100,100075,100,99962,200
2019-06-28 09:30:10.000000000,100018,309,100016,209,100019,206,100010,206,100020,206,99993,206,100029,100,99990,200,100033,100,99988,100,100045,100,99986,100,100060,100,99985,100,100063,100,99983,100,100065,100,99979,100,100075,100,99962,200
2019-06-28 09:30:10.079642859,100018,309,100016,209,100019,206,100010,206,100020,206,99993,206,100029,100,99990,200,100033,100,99988,100,100045,100,99986,100,100060,100,99985,100,100063,100,99983,100,100065,100,99979,100,100075,100,99962,200
2019-06-28 09:30:20.000000000,100018,361,100016,261,100019,261,100010,261,100020,100,99993,100,100029,100,99990,200,100033,100,99988,100,100045,100,99986,100,100060,100,99985,100,100063,100,99983,100,100065,100,99979,100,100075,100,99962,200
2019-06-28 09:30:30.000000000,100018,361,100016,261,100019,261,100010,261,100020,100,99993,100,100029,100,99990,200,100033,100,99988,100,100045,100,99986,100,100060,100,99985,100,100063,100,99983,100,100065,100,99979,100,100075,100,99962,200
2019-06-28 09:30:40.000000000,100018,361,100016,261,100019,261,100010,261,100020,100,99993,100,100029,100,99990,200,100033,100,99988,100,100045,100,99986,100,100060,100,99985,100,100063,100,99983,100,100065,100,99979,100,100075,100,99962,200
2019-06-28 09:30:50.000000000,100018,280,100016,180,100019,180,100010,180,100020,180,99993,180,100029,180,99990,280,100033,100,99988,100,100045,100,99986,100,100060,100,99985,100,100063,100,99983,100,100065,100,99979,100,100075,100,99962,200
2019-06-28 09:31:00.000000000,100018,280,100016,180,100019,180,100010,180,100020,180,99993,180,100029,180,99990,280,100033,100,99988,100,100045,100,99986,100,100060,100,99985,100,100063,100,99983,100,100065,100,99979,100,100075,100,99962,200
2019-06-28 09:31:02.027890719,100018,280,100016,180,100019,180,100012,100,100020,180,100010,180,100029,180,99993,180,100033,100,99990,280,100045,100,99988,100,100060,100,99986,100,100063,100,99985,100,100065,100,99983,100,100075,100,99979,100
2019-06-28 09:31:10.000000000,100018,264,100016,164,100019,164,100012,164,100020,164,100010,164,100029,164,99993,164,100033,164,99990,264,100045,100,99988,100,100060,100,99986,100,100063,100,99985,100,100065,100,99983,100,100075,100,99979,100
2019-06-28 09:31:19.027709808,100018,164,100016,164,100019,164,100012,164,100020,164,100011,100,100029,164,100010,164,100033,164,99993,164,100045,100,99990,264,100060,100,99988,100,100063,100,99986,100,100065,100,99985,100,100075,100,99983,100
2019-06-28 09:31:20.000000000,100018,180,100016,180,100019,180,100012,180,100020,180,100011,180,100029,180,100010,180,100033,100,99993,100,100045,100,99990,200,100060,100,99988,100,100063,100,99986,100,100065,100,99985,100,100075,100,99983,100
2019-06-28 09:31:30.000000000,100018,164,100016,164,100019,164,100012,164,100020,164,100011,164,100029,164,100010,164,100033,164,99993,164,100045,100,99990,200,100060,100,99988,100,100063,100,99986,100,100065,100,99985,100,100075,100,99983,100
2019-06-28 09:31:40.000000000,100018,261,100016,261,100019,261,100012,261,100020,100,100011,100,100029,100,100010,100,100033,100,99993,100,100045,100,99990,200,100060,100,99988,100,100063,100,99986,100,100065,100,99985,100,100075,100,99983,100
2019-06-28 09:31:49.762891130,100018,261,100016,261,100019,261,100012,361,100020,100,100011,100,100029,100,100010,100,100033,100,99993,100,100045,100,99990,200,100060,100,99988,100,100063,100,99986,100,100065,100,99985,100,100075,100,99983,100
2019-06-28 09:31:50.000000000,100018,261,100016,261,100019,261,100012,361,100020,100,100011,100,100029,100,100010,100,100033,100,99993,100,100045,100,99990,200,100060,100,99988,100,100063,100,99986,100,100065,100,99985,100,100075,100,99983,100
2019-06-28 09:31:53.248556179,100018,261,100016,261,100019,261,100012,361,100020,100,100011,200,100029,100,100010,100,100033,100,99993,100,100045,100,99990,200,100060,100,99988,100,100063,100,99986,100,100065,100,99985,100,100075,100,99983,100
2019-06-28 09:32:00.000000000,100018,209,100016,209,100019,206,100012,306,100020,206,100011,306,100029,100,100010,100,100033,100,99993,100,100045,100,99990,200,100060,100,99988,100,100063,100,99986,100,100065,100,99985,100,100075,100,99983,100
2019-06-28 09:32:10.000000000,100018,180,100016,180,100019,180,100012,280,100020,180,100011,280,100029,180,100010,180,100033,100,99993,100,100045,100,99990,200,100060,100,99988,100,100063,100,99986,100,100065,100,99985,100,100075,100,99983,100
2019-06-28 09:32:15.766343184,100018,80,100016,180,100019,180,100012,280,100020,180,100011,280,100029,180,100010,180,100033,100,99993,100,100045,100,99990,200,100060,100,99988,100,100063,100,99986,100,100065,100,99985,100,100075,100,99983,100
2019-06-28 09:32:20.000000000,100019,261,100016,261,100020,261,100012,361,100029,100,100011,200,100033,100,100010,100,100045,100,99993,100,100060,100,99990,200,100063,100,99988,100,100065,100,99986,100,100075,100,99985,100,100086,100,99983,100
2019-06-28 09:32:30.000000000,100019,422,100016,422,100020,100,100012,200,100029,100,100011,200,100033,100,100010,100,100045,100,99993,100,100060,100,99990,200,100063,100,99988,100,100065,100,99986,100,100075,100,99985,100,100086,100,99983,100
2019-06-28 09:32:40.000000000,100019,164,100016,164,100020,164,100012,264,100029,164,100011,264,100033,164,100010,164,100045,164,99993,164,100060,100,99990,200,100063,100,99988,100,100065,100,99986,100,100075,100,99985,100,100086,100,99983,100
2019-06-28 09:32:40.371647943,100019,64,100016,164,100020,164,100012,264,100029,164,100011,264,100033,164,100010,164,100045,164,99993,164,100060,100,99990,200,100063,100,99988,100,100075,100,99986,100,100086,100,99985,100,100092,100,99983,100
2019-06-28 09:32:50.000000000,100020,180,100016,180,100029,180,100012,280,100033,180,100011,280,100045,180,100010,180,100060,100,99993,100,100063,100,99990,200,100075,100,99988,100,100086,100,99986,100,100092,100,99985,100,100102,200,99983,100
2019-06-28 09:33:00.000000000,100020,164,100016,164,100029,164,100012,264,100033,164,100011,264,100045,164,100010,164,100060,164,99993,164,100063,100,99990,200,100075,100,99988,100,100086,100,99986,100,100092,100,99985,100,100102,200,99983,100
2019-06-28 09:33:03.350318701,100020,164,100018,100,100029,164,100016,164,100033,164,100012,264,100045,164,100011,264,100060,164,100010,164,100063,100,99993,164,100075,100,99990,200,100086,100,99988,100,100092,100,99986,100,100102,200,99985,100
2019-06-28 09:33:10.000000000,100020,422,100018,422,100029,100,100016,100,100033,100,100012,200,100045,100,100011,200,100060,100,100010,100,100063,100,99993,100,100075,100,99990,200,100086,100,99988,100,100092,100,99986,100,100102,200,99985,100
2019-06-28 09:33:20.000000000,100020,422,100018,422,100029,100,100016,100,100033,100,100012,200,100045,100,100011,200,100060,100,100010,100,100063,100,99993,100,100075,100,99990,200,100086,100,99988,100,100092,100,99986,100,100102,200,99985,100
2019-06-28 09:33:21.454523449,100020,422,100018,422,100029,100,100016,100,100033,100,100012,200,100045,100,100011,200,100060,100,100010,100,100063,100,99993,100,100075,100,99990,200,100086,100,99988,100,100092,100,99986,100,100102,200,99985,100
2019-06-28 09:33:29.199844238,100020,422,100018,422,100029,100,100016,100,100033,100,100012,200,100045,100,100011,200,100060,100,100010,100,100063,100,99993,100,100075,100,99990,200,100086,100,99988,100,100092,100,99986,100,100102,200,99985,100
2019-06-28 09:33:30.000000000,100020,209,100018,209,100029,206,100016,206,100033,206,100012,306,100045,100,100011,200,100060,100,100010,100,100063,100,99993,100,100075,100,99990,200,100086,100,99988,100,100092,100,99986,100,100102,200,99985,100
2019-06-28 09:33:32.903154445,100020,209,100018,209,100029,206,100016,206,100033,206,100012,306,100045,100,100011,200,100060,100,100010,100,100063,100,99993,100,100075,100,99990,200,100086,100,99988,100,100092,100,99986,100,100097,100,99985,100
2019-06-28 09:33:37.073192730,100020,109,100018,209,100029,206,100016,206,100033,206,100012,306,100045,100,100011,200,100060,100,100010,100,100063,100,99993,100,100075,100,99990,200,100086,100,99988,100,100092,100,99986,100,100097,100,99985,100
2019-06-28 09:33:40.000000000,100029,209,100018,209,100033,206,100016,206,100045,206,100012,306,100060,100,100011,200,100063,100,100010,100,100075,100,99993,100,100086,100,99990,200,100092,100,99988,100,100097,100,99986,100,100102,200,99985,100
2019-06-28 09:33:50.000000000,100029,209,100018,209,100033,206,100016,206,100045,206,100012,306,100060,100,100011,200,100063,100,100010,100,100075,100,99993,100,100086,100,99990,200,100092,100,99988,100,100097,100,99986,100,100102,200,99985,100
2019-06-28 09:34:00.000000000,100029,164,100018,164,100033,164,100016,164,100045,164,100012,264,100060,164,100011,264,100063,164,100010,164,100075,100,99993,100,100086,100,99990,200,100092,100,99988,100,100097,100,99986,100,100102,200,99985,100
2019-06-28 09:34:10.000000000,100029,422,100018,422,100033,100,100016,100,100045,100,100012,200,100060,100,100011,200,100063,100,100010,100,100075,100,99993,100,100086,100,99990,200,100092,100,99988,100,100097,100,99986,100,100102,200,99985,100
2019-06-28 09:34:20.000000000,100029,261,100018,261,100033,261,100016,261,100045,100,100012,200,100060,100,100011,200,100063,100,100010,100,100075,100,99993,100,100086,100,99990,200,100092,100,99988,100,100097,100,99986,100,100102,200,99985,100
2019-06-28 09:34:30.000000000,100029,209,100018,209,100033,206,100016,206,100045,206,100012,306,100060,100,100011,200,100063,100,100010,100,100075,100,99993,100,100086,100,99990,200,100092,100,99988,100,100097,100,99986,100,100102,200,99985,100
2019-06-28 09:34:36.662590102,100029,209,100018,209,100033,206,100016,206,100045,206,100012,306,100060,100,100011,200,100063,100,100010,100,100075,100,99993,100,100086,100,99990,200,100092,100,99988,100,100097,100,99986,100,100102,200,99985,100
2019-06-28 09:34:40.000000000,100029,164,100018,164,100033,164,100016,164,100045,164,100012,264,100060,164,100011,264,100063,164,100010,164,100075,100,99993,100,100086,100,99990,200,100092,100,99988,100,100097,100,99986,100,100102,200,99985,100
2019-06-28 09:34:50.000000000,100029,422,100018,422,100033,100,100016,100,100045,100,100012,200,100060,100,100011,200,100063,100,100010,100,100075,100,99993,100,100086,100,99990,200,100092,100,99988,100,100097,100,99986,100,100102,200,99985,100
2019-06-28 09:35:00.000000000,100029,209,100018,209,100033,206,100016,206,100045,206,100012,306,100060,100,100011,200,100063,100,100010,100,100075,100,99993,100,100086,100,99990,200,100092,100,99988,100,100097,100,99986,100,100102,200,99985,100
2019-06-28 09:35:02.900408809,100029,209,100018,209,100033,206,100016,206,100045,206,100012,306,100060,100,100011,200,100063,100,100010,100,100075,100,99993,100,100086,100,99990,200,100092,100,99988,100,100097,100,99986,100,100102,200,99985,100
2019-06-28 09:35:10.000000000,100029,180,100018,180,100033,180,100016,180,100045,180,100012,280,100060,180,100011,280,100063,100,100010,100,100075,100,99993,100,100086,100,99990,200,100092,100,99988,100,100097,100,99986,100,100102,200,99985,100
2019-06-28 09:35:10.137586361,100029,180,100019,100,100033,180,100018,180,100045,180,100016,180,100060,180,100012,280,100063,100,100011,280,100075,100,100010,100,100086,100,99993,100,100092,100,99990,200,100097,100,99988,100,100102,200,99986,100
2019-06-28 09:35:17.211724874,100029,180,100019,100,100033,180,100018,180,100045,180,100016,180,100060,180,100012,280,100063,100,100011,280,100075,100,100010,100,100086,100,99993,100,100092,100,99990,200,100097,100,99988,100,100102,200,99986,100
2019-06-28 09:35:20.000000000,100029,180,100019,180,100033,180,100018,180,100045,180,100016,180,100060,180,100012,280,100063,100,100011,200,100075,100,100010,100,100086,100,99993,100,100092,100,99990,200,100097,100,99988,100,100102,200,99986,100
2019-06-28 09:35:24.649780020,100029,80,100019,180,100033,180,100018,180,100045,180,100016,180,100060,180,100012,280,100063,100,100011,200,100075,100,100010,100,100086,100,99993,100,100092,100,99990,200,100097,100,99988,100,100102,200,99986,100
2019-06-28 09:35:30.000000000,100033,261,100019,261,100045,261,100018,261,100060,100,100016,100,100063,100,100012,200,100075,100,100011,200,100086,100,100010,100,100092,100,99993,100,100097,100,99990,200,100102,200,99988,100,100116,100,99986,100
2019-06-28 09:35:35.841124513,100033,261,100019,261,100045,261,100018,261,100060,100,100016,100,100063,100,100012,200,100075,100,100011,200,100086,100,100010,100,100092,100,99993,100,100097,100,99990,200,100102,200,99988,100,100116,100,99986,100
2019-06-28 09:35:40.000000000,100033,180,100019,180,100045,180,100018,180,100060,180,100016,180,100063,180,100012,280,100075,100,100011,200,100086,100,100010,100,100092,100,99993,100,100097,100,99990,200,100102,200,99988,100,100116,100,99986,100
2019-06-28 09:35:48.453483263,100033,80,100019,180,100045,180,100018,180,100060,80,100016,180,100063,180,100012,280,100075,100,100011,200,100086,100,100010,100,100092,100,99993,100,100097,100,99990,200,100102,200,99988,100,100116,100,99986,100
2019-06-28 09:35:50.000000000,100045,261,100019,261,100063,261,100018,261,100075,100,100016,100,100086,100,100012,200,100092,100,100011,200,100097,100,100010,100,100102,200,99993,100,100116,100,99990,200,100129,100,99988,100,100136,100,99986,100
2019-06-28 09:35:56.626769686,100045,161,100019,261,100063,261,100018,261,100075,100,100016,100,100086,100,100012,200,100092,100,100011,200,100097,100,100010,100,100102,100,99993,100,100116,100,99990,200,100129,100,99988,100,100136,100,99986,100
2019-06-28 09:36:00.000000000,100063,422,100019,422,100075,100,100018,100,100086,100,100016,100,100092,100,100012,200,100097,100,100011,200,100102,100,100010,100,100116,100,99993,100,100129,100,99990,200,100136,100,99988,100,100139,100,99986,100
2019-06-28 09:36:10.000000000,100063,180,100019,180,100075,180,100018,180,100086,180,100016,180,100092,180,100012,280,100097,100,100011,200,100102,100,100010,100,100116,100,99993,100,100129,100,99990,200,100136,100,99988,100,100139,100,99986,100
2019-06-28 09:36:20.000000000,100063,164,100019,164,100075,164,100018,164,100086,164,100016,164,100092,164,100012,264,100097,164,100011,264,100102,100,100010,100,100116,100,99993,100,100129,100,99990,200,100136,100,99988,100,100139,100,99986,100
2019-06-28 09:36:30.000000000,100063,261,100019,261,100075,261,100018,261,100086,100,100016,100,100092,100,100012,200,100097,100,100011,200,100102,100,100010,100,100116,100,99993,100,100129,100,99990,200,100136,100,99988,100,100139,100,99986,100
2019-06-28 09:36:32.401241039,100063,161,100019,261,100075,261,100018,261,100086,100,100016,100,100092,100,100012,200,100097,100,100011,200,100102,100,100010,100,100116,100,99993,100,100129,100,99990,200,100136,100,99988,100,100139,100,99986,100
2019-06-28 09:36:40.000000000,100075,422,100019,422,100086,100,100018,100,100092,100,100016,100,100097,100,100012,200,100102,100,100011,200,100116,100,100010,100,100129,100,99993,100,100136,100,99990,200,100139,100,99988,100,100172,100,99986,100
2019-06-28 09:36:50.000000000,100075,180,100019,180,100086,180,100018,180,100092,180,100016,180,100097,180,100012,280,100102,100,100011,200,100116,100,100010,100,100129,100,99993,100,100136,100,99990,200,100139,100,99988,100,100172,100,99986,100
2019-06-28 09:37:00.000000000,100075,180,100019,180,100086,180,100018,180,100092,180,100016,180,100097,180,100012,280,100102,100,100011,200,100116,100,100010,100,100129,100,99993,100,100136,100,99990,200,100139,100,99988,100,100172,100,99986,100
2019-06-28 09:37:10.000000000,100075,180,100019,180,100086,180,100018,180,100092,180,100016,180,100097,180,100012,280,100102,100,100011,200,100116,100,100010,100,100129,100,99993,100,100136,100,99990,200,100139,100,99988,100,100172,100,99986,100
2019-06-28 09:37:11.083864433,100075,80,100019,180,100086,180,100018,180,100092,180,100016,180,100097,180,100012,280,100102,100,100011,200,100129,100,100010,100,100136,100,99993,100,100139,100,99990,200,100172,100,99988,100,100183,100,99986,100
2019-06-28 09:37:20.000000000,100086,209,100019,209,100092,206,100018,206,100097,206,100016,206,100102,100,100012,200,100129,100,100011,200,100136,100,100010,100,100139,100,99993,100,100172,100,99990,200,100183,100,99988,100,100197,100,99986,100
2019-06-28 09:37:30.000000000,100086,261,100019,261,100092,261,100018,261,100097,100,100016,100,100102,100,100012,200,100129,100,100011,200,100136,100,100010,100,100139,100,99993,100,100172,100,99990,200,100183,100,99988,100,100197,100,99986,100
2019-06-28 09:37:33.572089140,100086,161,100019,261,100092,261,100018,261,100102,100,100016,100,100129,100,100012,200,100136,100,100011,200,100139,100,100010,100,100172,100,99993,100,100183,100,99990,200,100197,100,99988,100,100202,100,99986,100
2019-06-28 09:37:40.000000000,100092,422,100019,422,100102,100,100018,100,100129,100,100016,100,100136,100,100012,200,100139,100,100011,200,100172,100,100010,100,100183,100,99993,100,100197,100,99990,200,100202,100,99988,100,100205,100,99986,100
2019-06-28 09:37:44.213605394,100092,422,100075,100,100102,100,100019,422,100129,100,100018,100,100136,100,100016,100,100139,100,100012,200,100172,100,100011,200,100183,100,100010,100,100197,100,99993,100,100202,100,99990,200,100205,100,99988,100
2019-06-28 09:37:50.000000000,100092,422,100075,422,100102,100,100019,100,100129,100,100018,100,100136,100,100016,100,100139,100,100012,200,100172,100,100011,200,100183,100,100010,100,100197,100,99993,100,100202,100,99990,200,100205,100,99988,100
2019-06-28 09:38:00.000000000,100092,180,100075,180,100102,180,100019,180,100129,180,100018,180,100136,180,100016,180,100139,100,100012,200,100172,100,100011,200,100183,100,100010,100,100197,100,99993,100,100202,100,99990,200,100205,100,99988,100
2019-06-28 09:38:09.217732872,100092,180,100075,180,100102,180,100019,180,100129,180,100018,180,100136,180,100016,180,100139,100,100012,200,100172,100,100011,200,100183,100,100010,100,100197,100,99993,100,100202,100,99990,200,100205,100,99988,100
2019-06-28 09:38:10.000000000,100092,164,100075,164,100102,164,100019,164,100129,164,100018,164,100136,164,100016,164,100139,164,100012,264,100172,100,100011,200,100183,100,100010,100,100197,100,99993,100,100202,100,99990,200,100205,100,99988,100
2019-06-28 09:38:20.000000000,100092,261,100075,261,100102,261,100019,261,100129,100,100018,100,100136,100,100016,100,100139,100,100012,200,100172,100,100011,200,100183,100,100010,100,100197,100,99993,100,100202,100,99990,200,100205,100,99988,100
2019-06-28 09:38:20.906988972,100092,161,100075,261,100102,261,100019,261,100129,100,100018,100,100136,100,100016,100,100139,100,100012,200,100172,100,100011,200,100183,100,100010,100,100197,100,99993,100,100202,100,99990,200,100205,100,99988,100
2019-06-28 09:38:30.000000000,100102,261,100075,261,100129,261,100019,261,100136,100,100018,100,100139,100,100016,100,100172,100,100012,200,100183,100,100011,200,100197,100,100010,100,100202,100,99993,100,100205,100,99990,200,100208,100,99988,100
2019-06-28 09:38:33.289758610,100102,161,100075,261,100129,261,100019,261,100136,100,100018,100,100139,100,100016,100,100172,100,100012,200,100183,100,100011,200,100197,100,100010,100,100202,100,99993,100,100205,100,99990,200,100208,100,99988,100
2019-06-28 09:38:40.000000000,100129,261,100075,261,100136,261,100019,261,100139,100,100018,100,100172,100,100016,100,100183,100,100012,200,100197,100,100011,200,100202,100,100010,100,100205,100,99993,100,100208,100,99990,200,100442,100,99988,100
2019-06-28 09:38:47.557474145,100129,261,100075,261,100136,261,100019,261,100139,100,100018,100,100172,100,100016,100,100183,100,100012,200,100197,100,100011,200,100202,100,100010,100,100208,100,99993,100,100442,100,99990,200,100500,100,99988,100
2019-06-28 09:38:50.000000000,100129,164,100075,164,100136,164,100019,164,100139,164,100018,164,100172,164,100016,164,100183,164,100012,264,100197,100,100011,200,100202,100,100010,100,100208,100,99993,100,100442,100,99990,200,100500,100,99988,100
2019-06-28 09:39:00.000000000,100129,261,100075,261,100136,261,100019,261,100139,100,100018,100,100172,100,100016,100,100183,100,100012,200,100197,100,100011,200,100202,100,100010,100,100208,100,99993,100,100442,100,99990,200,100500,100,99988,100
2019-06-28 09:39:10.000000000,100129,422,100075,422,100136,100,100019,100,100139,100,100018,100,100172,100,100016,100,100183,100,100012,200,100197,100,100011,200,100202,100,100010,100,100208,100,99993,100,100442,100,99990,200,100500,100,99988,100
2019-06-28 09:39:20.000000000,100129,209,100075,209,100136,206,100019,206,100139,206,100018,206,100172,100,100016,100,100183,100,100012,200,100197,100,100011,200,100202,100,100010,100,100208,100,99993,100,100442,100,99990,200,100500,100,99988,100
2019-06-28 09:39:30.000000000,100129,422,100075,422,100136,100,100019,100,100139,100,100018,100,100172,100,100016,100,100183,100,100012,200,100197,100,100011,200,100202,100,100010,100,100208,100,99993,100,100442,100,99990,200,100500,100,99988,100
2019-06-28 09:39:40.000000000,100129,180,100075,180,100136,180,100019,180,100139,180,100018,180,100172,180,100016,180,100183,100,100012,200,100197,100,100011,200,100202,100,100010,100,100208,100,99993,100,100442,100,99990,200,100500,100,99988,100
2019-06-28 09:39:50.000000000,100129,261,100075,261,100136,261,100019,261,100139,100,100018,100,100172,100,100016,100,100183,100,100012,200,100197,100,100011,200,100202,100,100010,100,100208,100,99993,100,100442,100,99990,200,100500,100,99988,100
2019-06-28 09:39:55.542667736,100129,161,100075,261,100136,261,100019,261,100139,100,100018,100,100172,100,100016,100,100183,100,100012,200,100197,100,100011,200,100202,100,100010,100,100208,100,99993,100,100442,100,99990,200,100500,100,99988,100
2019-06-28 09:40:00.000000000,100136,180,100075,180,100139,180,100019,180,100172,180,100018,180,100183,180,100016,180,100197,100,100012,200,100202,100,100011,200,100208,100,100010,100,100442,100,99993,100,100500,100,99990,200,100584,100,99988,100
2019-06-28 09:40:05.716629652,100136,80,100075,180,100139,180,100019,180,100172,180,100018,180,100183,180,100016,180,100197,100,100012,200,100202,100,100011,200,100208,100,100010,100,100442,100,99993,100,100500,100,99990,200,100584,100,99988,100
2019-06-28 09:40:06.921987234,100136,80,100075,180,100139,180,100019,180,100172,180,100018,180,100183,180,100016,180,100197,100,100012,200,100202,100,100011,200,100208,100,100010,100,100385,100,99993,100,100442,100,99990,100,100500,100,99988,100
2019-06-28 09:40:10.000000000,100139,422,100075,422,100172,100,100019,100,100183,100,100018,100,100197,100,100016,100,100202,100,100012,200,100208,100,100011,200,100385,100,100010,100,100442,100,99993,100,100500,100,99990,100,100584,100,99988,100
2019-06-28 09:40:20.000000000,100139,422,100075,422,100172,100,100019,100,100183,100,100018,100,100197,100,100016,100,100202,100,100012,200,100208,100,100011,200,100385,100,100010,100,100442,100,99993,100,100500,100,99990,100,100584,100,99988,100
2019-06-28 09:40:26.490314799,100139,322,100075,422,100172,100,100019,100,100183,100,100018,100,100197,100,100016,100,100202,100,100012,200,100208,100,100011,200,100385,100,100010,100,100442,100,99990,100,100500,100,99988,100,100584,100,99986,100
2019-06-28 09:40:30.000000000,100172,164,100075,164,100183,164,100019,164,100197,164,100018,164,100202,164,100016,164,100208,164,100012,264,100385,100,100011,200,100442,100,100010,100,100500,100,99990,100,100584,100,99988,100,100988,100,99986,100
2019-06-28 09:40:33.404561278,100172,164,100075,164,100183,164,100019,164,100197,164,100018,164,100202,164,100016,164,100208,164,100012,264,100385,100,100011,200,100442,100,100010,100,100500,100,99990,100,100584,100,99988,100,100622,100,99986,100
2019-06-28 09:40:35.096638343,100172,164,100136,100,100183,164,100075,164,100197,164,100019,164,100202,164,100018,164,100208,164,100016,164,100385,100,100012,264,100442,100,100011,200,100500,100,100010,100,100584,100,99990,100,100622,100,99988,100
2019-06-28 09:40:37.492523779,100172,164,100136,100,100183,164,100075,164,100197,164,100019,164,100202,164,100018,164,100208,164,100016,164,100385,100,100012,264,100442,100,100011,200,100500,100,100010,100,100584,100,99990,100,100622,100,99988,100
2019-06-28 09:40:40.000000000,100172,209,100136,209,100183,206,100075,206,100197,206,100019,206,100202,100,100018,100,100208,100,100016,100,100385,100,100012,200,100442,100,100011,200,100500,100,100010,100,100584,100,99990,100,100622,100,99988,100
2019-06-28 09:40:50.000000000,100172,261,100136,261,100183,261,100075,261,100197,100,100019,100,100202,100,100018,100,100208,100,100016,100,100385,100,100012,200,100442,100,100011,200,100500,100,100010,100,100584,100,99990,100,100622,100,99988,100
2019-06-28 09:40:52.246404002,100172,161,100136,261,100183,261,100075,261,100197,100,100019,100,100202,100,100018,100,100208,100,100016,100,100385,100,100012,200,100442,100,100011,200,100500,100,100010,100,100584,100,99990,100,100622,100,99988,100
2019-06-28 09:40:53.543591164,100172,161,100136,261,100183,261,100075,261,100197,100,100019,100,100202,100,100018,100,100208,100,100016,100,100385,100,100012,200,100442,100,100011,200,100500,100,100010,100,100584,100,99990,100,100622,100,99988,100
2019-06-28 09:41:00.000000000,100183,209,100136,209,100197,206,100075,206,100202,206,100019,206,100208,100,100018,100,100385,100,100016,100,100442,100,100012,200,100500,100,100011,200,100584,100,100010,100,100622,100,99990,100,100664,100,99988,100
2019-06-28 09:41:08.167729545,100183,209,100136,209,100197,206,100075,206,100202,206,100019,206,100208,100,100018,100,100385,100,100016,100,100442,100,100012,100,100483,100,100011,200,100500,100,100010,100,100584,100,99990,100,100622,100,99988,100
2019-06-28 09:41:09.481589310,100183,109,100136,209,100197,206,100075,206,100202,206,100019,206,100208,100,100018,100,100385,100,100016,100,100442,100,100012,100,100483,100,100011,200,100500,100,100010,100,100584,100,99990,100,100622,100,99988,100
2019-06-28 09:41:10.000000000,100197,261,100136,261,100202,261,100075,261,100208,100,100019,100,100385,100,100018,100,100442,100,100016,100,100483,100,100012,100,100500,100,100011,200,100584,100,100010,100,100622,100,99990,100,100664,100,99988,100
2019-06-28 09:41:14.839514152,100197,261,100172,100,100202,261,100136,261,100208,100,100075,261,100385,100,100019,100,100442,100,100018,100,100483,100,100016,100,100500,100,100012,100,100584,100,100011,200,100622,100,100010,100,100664,100,99990,100
2019-06-28 09:41:16.089100215,100197,261,100172,100,100202,261,100136,261,100208,100,100075,261,100385,100,100019,100,100442,100,100018,100,100483,100,100016,100,100500,100,100012,100,100584,100,100011,200,100622,100,100010,100,100664,100,99990,100
2019-06-28 09:41:20.000000000,100197,209,100172,209,100202,206,100136,206,100208,206,100075,206,100385,100,100019,100,100442,100,100018,100,100483,100,100016,100,100500,100,100012,100,100584,100,100011,200,100622,100,100010,100,100664,100,99990,100
2019-06-28 09:41:30.000000000,100197,261,100172,261,100202,261,100136,261,100208,100,100075,100,100385,100,100019,100,100442,100,100018,100,100483,100,100016,100,100500,100,100012,100,100584,100,100011,200,100622,100,100010,100,100664,100,99990,100
2019-06-28 09:41:35.789464443,100197,261,100172,361,100202,261,100136,261,100208,100,100075,100,100385,100,100019,100,100442,100,100018,100,100483,100,100016,100,100500,100,100012,100,100584,100,100011,200,100622,100,100010,100,100664,100,99990,100
2019-06-28 09:41:40.000000000,100197,180,100172,280,100202,180,100136,180,100208,180,100075,180,100385,180,100019,180,100442,100,100018,100,100483,100,100016,100,100500,100,100012,100,100584,100,100011,200,100622,100,100010,100,100664,100,99990,100
2019-06-28 09:41:43.703480956,100197,180,100172,180,100202,180,100136,180,100208,180,100075,180,100385,180,100019,180,100442,100,100018,100,100483,100,100016,100,100500,100,100012,100,100584,100,100011,200,100622,100,100010,100,100664,100,99990,100
2019-06-28 09:41:50.000000000,100197,422,100172,422,100202,100,100136,100,100208,100,100075,100,100385,100,100019,100,100442,100,100018,100,100483,100,100016,100,100500,100,100012,100,100584,100,100011,200,100622,100,100010,100,100664,100,99990,100
2019-06-28 09:42:00.000000000,100197,261,100172,261,100202,261,100136,261,100208,100,100075,100,100385,100,100019,100,100442,100,100018,100,100483,100,100016,100,100500,100,100012,100,100584,100,100011,200,100622,100,100010,100,100664,100,99990,100
2019-06-28 09:42:05.451546040,100197,261,100172,261,100202,261,100136,261,100208,100,100075,100,100385,100,100019,100,100442,100,100018,100,100483,100,100016,100,100500,100,100012,100,100584,100,100011,200,100622,100,100010,100,100664,100,99990,100
2019-06-28 09:42:10.000000000,100197,164,100172,164,100202,164,100136,164,100208,164,100075,164,100385,164,100019,164,100442,164,100018,164,100483,100,100016,100,100500,100,100012,100,100584,100,100011,200,100622,100,100010,100,100664,100,99990,100
2019-06-28 09:42:10.691569012,100197,164,100172,164,100202,164,100136,164,100208,164,100075,164,100385,164,100019,164,100442,164,100018,164,100483,100,100016,100,100500,100,100012,100,100584,100,100011,200,100622,100,100010,100,100664,100,100009,100
2019-06-28 09:42:13.806583568,100197,164,100172,164,100202,164,100136,164,100208,164,100075,164,100385,164,100019,164,100442,164,100018,164,100483,100,100016,100,100500,100,100012,100,100584,100,100011,200,100622,100,100010,100,100664,100,100009,100
2019-06-28 09:42:20.000000000,100197,261,100172,261,100202,261,100136,261,100208,100,100075,100,100385,100,100019,100,100442,100,100018,100,100483,100,100016,100,100500,100,100012,100,100584,100,100011,200,100622,100,100010,100,100664,100,100009,100
2019-06-28 09:42:30.000000000,100197,422,100172,422,100202,100,100136,100,100208,100,100075,100,100385,100,100019,100,100442,100,100018,100,100483,100,100016,100,100500,100,100012,100,100584,100,100011,200,100622,100,100010,100,100664,100,100009,100
2019-06-28 09:42:32.508735351,100182,100,100172,422,100197,422,100136,100,100202,100,100075,100,100208,100,100019,100,100385,100,100018,100,100442,100,100016,100,100483,100,100012,100,100500,100,100011,200,100584,100,100010,100,100622,100,100009,100
2019-06-28 09:42:40.000000000,100182,180,100172,180,100197,180,100136,180,100202,180,100075,180,100208,180,100019,180,100385,100,100018,100,100442,100,100016,100,100483,100,100012,100,100500,100,100011,200,100584,100,100010,100,100622,100,100009,100
2019-06-28 09:42:50.000000000,100182,422,100172,422,100197,100,100136,100,100202,100,100075,100,100208,100,100019,100,100385,100,100018,100,100442,100,100016,100,100483,100,100012,100,100500,100,100011,200,100584,100,100010,100,100622,100,100009,100
2019-06-28 09:43:00.000000000,100182,209,100172,209,100197,206,100136,206,100202,206,100075,206,100208,100,100019,100,100385,100,100018,100,100442,100,100016,100,100483,100,100012,100,100500,100,100011,200,100584,100,100010,100,100622,100,100009,100
2019-06-28 09:43:10.000000000,100182,209,100172,209,100197,206,100136,206,100202,206,100075,206,100208,100,100019,100,100385,100,100018,100,100442,100,100016,100,100483,100,100012,100,100500,100,100011,200,100584,100,100010,100,100622,100,100009,100
2019-06-28 09:43:15.982867525,100182,209,100172,109,100197,206,100136,206,100202,206,100075,206,100208,100,100019,100,100385,100,100018,100,100442,100,100016,100,100483,100,100012,100,100500,100,100011,200,100584,100,100010,100,100622,100,100009,100
2019-06-28 09:43:20.000000000,100182,164,100136,164,100197,164,100075,164,100202,164,100019,164,100208,164,100018,164,100385,164,100016,164,100442,100,100012,100,100483,100,100011,200,100500,100,100010,100,100584,100,100009,100,100622,100,99990,100
2019-06-28 09:43:30.000000000,100182,209,100136,209,100197,206,100075,206,100202,206,100019,206,100208,100,100018,100,100385,100,100016,100,100442,100,100012,100,100483,100,100011,200,100500,100,100010,100,100584,100,100009,100,100622,100,99990,100
2019-06-28 09:43:40.000000000,100182,422,100136,422,100197,100,100075,100,100202,100,100019,100,100208,100,100018,100,100385,100,100016,100,100442,100,100012,100,100483,100,100011,200,100500,100,100010,100,100584,100,100009,100,100622,100,99990,100
2019-06-28 09:43:41.234338952,100182,422,100136,422,100197,100,100075,100,100202,100,100019,100,100208,100,100018,100,100385,100,100016,100,100442,100,100012,100,100483,100,100011,200,100500,100,100010,100,100584,100,99990,100,100622,100,99988,100
2019-06-28 09:43:41.603528094,100182,422,100136,422,100197,100,100075,100,100202,100,100019,100,100208,100,100018,100,100385,100,100016,100,100442,100,100012,100,100483,100,100011,200,100500,100,100010,100,100584,100,99990,100,100622,100,99988,100
2019-06-28 09:43:50.000000000,100182,261,100136,261,100197,261,100075,261,100202,100,100019,100,100208,100,100018,100,100385,100,100016,100,100442,100,100012,100,100483,100,100011,200,100500,100,100010,100,100584,100,99990,100,100622,100,99988,100
2019-06-28 09:43:52.245597600,100182,261,100136,161,100197,261,100075,261,100202,100,100019,100,100208,100,100018,100,100385,100,100016,100,100442,100,100012,100,100483,100,100011,200,100500,100,100010,100,100584,100,99990,100,100622,100,99988,100
2019-06-28 09:43:56.172760138,100182,261,100136,161,100197,261,100075,261,100202,100,100019,100,100208,100,100018,100,100385,100,100016,100,100442,100,100012,100,100483,100,100011,200,100500,100,100010,100,100584,100,99990,100,100622,100,99988,100
2019-06-28 09:43:58.178284577,100182,261,100136,61,100197,261,100075,261,100202,100,100019,100,100208,100,100018,100,100385,100,100016,100,100442,100,100012,100,100483,100,100011,200,100500,100,100010,100,100584,100,99990,100,100622,100,99988,100
2019-06-28 09:44:00.000000000,100182,422,100075,422,100197,100,100019,100,100202,100,100018,100,100208,100,100016,100,100385,100,100012,100,100442,100,100011,200,100483,100,100010,100,100500,100,99990,100,100584,100,99988,100,100622,100,99985,100
2019-06-28 09:44:10.000000000,100182,180,100075,180,100197,180,100019,180,100202,180,100018,180,100208,180,100016,180,100385,100,100012,100,100442,100,100011,200,100483,100,100010,100,100500,100,99990,100,100584,100,99988,100,100622,100,99985,100
2019-06-28 09:44:10.128293531,100182,180,100075,180,100197,180,100019,180,100202,180,100018,180,100208,180,100016,180,100385,100,100012,100,100442,100,100011,200,100483,100,100010,100,100500,100,99990,100,100584,100,99988,100,100622,100,99985,100
2019-06-28 09:44:20.000000000,100182,164,100075,164,100197,164,100019,164,100202,164,100018,164,100208,164,100016,164,100385,164,100012,164,100442,100,100011,200,100483,100,100010,100,100500,100,99990,100,100584,100,99988,100,100622,100,99985,100
2019-06-28 09:44:30.000000000,100182,209,100075,209,100197,206,100019,206,100202,206,100018,206,100208,100,100016,100,100385,100,100012,100,100442,100,100011,200,100483,100,100010,100,100500,100,99990,100,100584,100,99988,100,100622,100,99985,100
2019-06-28 09:44:34.341010191,100182,209,100075,209,100197,206,100019,206,100202,206,100018,206,100208,100,100012,100,100385,100,100011,200,100442,100,100010,100,100483,100,99990,100,100500,100,99988,100,100584,100,99985,100,100622,100,99983,100
2019-06-28 09:44:37.506833553,100182,209,100075,109,100197,206,100019,206,100202,206,100018,206,100208,100,100012,100,100385,100,100011,200,100442,100,100010,100,100483,100,99990,100,100500,100,99988,100,100584,100,99985,100,100622,100,99983,100
2019-06-28 09:44:37.947403259,100182,209,100075,9,100197,206,100019,206,100202,206,100018,206,100208,100,100012,100,100385,100,100011,200,100442,100,100010,100,100483,100,99990,100,100500,100,99988,100,100584,100,99985,100,100622,100,99983,100
2019-06-28 09:44:39.048438201,100182,209,100075,9,100197,206,100019,206,100202,206,100018,206,100208,100,100012,100,100385,100,100011,200,100442,100,100010,100,100483,100,99990,100,100500,100,99988,100,100584,100,99985,100,100622,100,99983,100
2019-06-28 09:44:40.000000000,100182,180,100019,180,100197,180,100018,180,100202,180,100012,180,100208,180,100011,280,100385,100,100010,100,100442,100,99990,100,100483,100,99988,100,100500,100,99985,100,100584,100,99983,100,100622,100,99955,100
2019-06-28 09:44:50.000000000,100182,422,100019,422,100197,100,100018,100,100202,100,100012,100,100208,100,100011,200,100385,100,100010,100,100442,100,99990,100,100483,100,99988,100,100500,100,99985,100,100584,100,99983,100,100622,100,99955,100
2019-06-28 09:44:57.259570476,100182,422,100019,422,100197,100,100018,100,100202,100,100012,100,100208,100,100011,100,100385,100,100010,100,100442,100,99990,100,100483,100,99988,100,100500,100,99985,100,100584,100,99983,100,100622,100,99955,100
2019-06-28 09:45:00.000000000,100182,422,100019,422,100197,100,100018,100,100202,100,100012,100,100208,100,100011,100,100385,100,100010,100,100442,100,99990,100,100483,100,99988,100,100500,100,99985,100,100584,100,99983,100,100622,100,99955,100
2019-06-28 09:45:10.000000000,100182,180,100019,180,100197,180,100018,180,100202,180,100012,180,100208,180,100011,180,100385,100,100010,100,100442,100,99990,100,100483,100,99988,100,100500,100,99985,100,100584,100,99983,100,100622,100,99955,100
2019-06-28 09:45:20.000000000,100182,209,100019,209,100197,206,100018,206,100202,206,100012,206,100208,100,100011,100,100385,100,100010,100,100442,100,99990,100,100483,100,99988,100,100500,100,99985,100,100584,100,99983,100,100622,100,99955,100
2019-06-28 09:45:20.140971680,100075,100,100019,209,100182,209,100018,206,100197,206,100012,206,100202,206,100011,100,100208,100,100010,100,100385,100,99990,100,100442,100,99988,100,100483,100,99985,100,100500,100,99983,100,100584,100,99955,100
2019-06-28 09:45:30.000000000,100075,209,100019,209,100182,206,100018,206,100197,206,100012,206,100202,100,100011,100,100208,100,100010,100,100385,100,99990,100,100442,100,99988,100,100483,100,99985,100,100500,100,99983,100,100584,100,99955,100
2019-06-28 09:45:40.000000000,100075,180,100019,180,100182,180,100018,180,100197,180,100012,180,100202,180,100011,180,100208,100,100010,100,100385,100,99990,100,100442,100,99988,100,100483,100,99985,100,100500,100,99983,100,100584,100,99955,100
2019-06-28 09:45:50.000000000,100075,164,100019,164,100182,164,100018,164,100197,164,100012,164,100202,164,100011,164,100208,164,100010,164,100385,100,99990,100,100442,100,99988,100,100483,100,99985,100,100500,100,99983,100,100584,100,99955,100
2019-06-28 09:45:59.549953513,100075,264,100019,164,100182,164,100018,164,100197,164,100012,164,100202,164,100011,164,100208,164,100010,164,100385,100,99990,100,100442,100,99988,100,100483,100,99985,100,100500,100,99983,100,100584,100,99955,100
2019-06-28 09:46:00.000000000,100075,522,100019,422,100182,100,100018,100,100197,100,100012,100,100202,100,100011,100,100208,100,100010,100,100385,100,99990,100,100442,100,99988,100,100483,100,99985,100,100500,100,99983,100,100584,100,99955,100
2019-06-28 09:46:04.023584441,100075,522,100019,322,100182,100,100018,100,100197,100,100012,100,100202,100,100011,100,100208,100,100010,100,100385,100,99990,100,100442,100,99988,100,100483,100,99985,100,100584,100,99983,100,100622,100,99955,100
2019-06-28 09:46:10.000000000,100075,361,100018,261,100182,261,100012,261,100197,100,100011,100,100202,100,100010,100,100208,100,99990,100,100385,100,99988,100,100442,100,99985,100,100483,100,99983,100,100584,100,99955,100,100622,100,99909,100
2019-06-28 09:46:13.282225320,100075,361,100018,161,100182,261,100012,261,100197,100,100011,100,100202,100,100010,100,100208,100,99990,100,100385,100,99988,100,100442,100,99985,100,100483,100,99983,100,100584,100,99955,100,100622,100,99909,100
2019-06-28 09:46:20.000000000,100075,309,100012,209,100182,206,100011,206,100197,206,100010,206,100202,100,99990,100,100208,100,99988,100,100385,100,99985,100,100442,100,99983,100,100483,100,99955,100,100584,100,99909,100,100622,100,99879,100
2019-06-28 09:46:30.000000000,100075,280,100012,180,100182,180,100011,180,100197,180,100010,180,100202,180,99990,180,100208,100,99988,100,100385,100,99985,100,100442,100,99983,100,100483,100,99955,100,100584,100,99909,100,100622,100,99879,100
2019-06-28 09:46:34.287629648,100075,280,100012,180,100182,180,100011,180,100197,180,100010,180,100202,180,99990,180,100208,100,99988,100,100385,100,99985,100,100483,100,99983,100,100584,100,99955,100,100622,100,99909,100,100746,100,99879,100
2019-06-28 09:46:40.000000000,100075,280,100012,180,100182,180,100011,180,100197,180,100010,180,100202,180,99990,180,100208,100,99988,100,100385,100,99985,100,100483,100,99983,100,100584,100,99955,100,100622,100,99909,100,100746,100,99879,100
2019-06-28 09:46:46.258787369,100075,280,100012,180,100182,180,100011,180,100197,80,100010,180,100202,180,99990,180,100208,100,99988,100,100385,100,99985,100,100483,100,99983,100,100584,100,99955,100,100622,100,99909,100,100746,100,99879,100
2019-06-28 09:46:50.000000000,100075,264,100012,164,100182,164,100011,164,100202,164,100010,164,100208,164,99990,164,100385,164,99988,164,100483,100,99985,100,100584,100,99983,100,100622,100,99955,100,100746,100,99909,100,100988,100,99879,100
2019-06-28 09:46:51.698229714,100019,100,100012,164,100075,264,100011,164,100182,164,100010,164,100202,164,99990,164,100208,164,99988,164,100385,164,99985,100,100483,100,99983,100,100584,100,99955,100,100622,100,99909,100,100746,100,99879,100
2019-06-28 09:46:54.616707554,100019,100,100012,64,100075,264,100011,164,100182,164,100010,164,100202,164,99990,164,100208,164,99988,164,100385,164,99985,100,100483,100,99983,100,100584,100,99955,100,100622,100,99909,100,100746,100,99879,100
2019-06-28 09:46:57.426903553,100019,100,100012,64,100075,264,100011,164,100182,164,100010,164,100202,164,99990,164,100208,164,99988,164,100385,164,99985,100,100483,100,99983,100,100584,100,99955,100,100622,100,99909,100,100746,100,99863,100
2019-06-28 09:46:58.189192024,100018,100,100012,64,100019,100,100011,164,100075,164,100010,164,100182,164,99990,164,100202,164,99988,164,100208,164,99985,100,100385,164,99983,100,100483,100,99955,100,100584,100,99909,100,100622,100,99863,100
2019-06-28 09:47:00.000000000,100018,422,100011,422,100019,100,100010,100,100075,100,99990,100,100182,100,99988,100,100202,100,99985,100,100208,100,99983,100,100385,100,99955,100,100483,100,99909,100,100584,100,99863,100,100622,100,99821,100
2019-06-28 09:47:10.000000000,100018,209,100011,209,100019,206,100010,206,100075,206,99990,206,100182,100,99988,100,100202,100,99985,100,100208,100,99983,100,100385,100,99955,100,100483,100,99909,100,100584,100,99863,100,100622,100,99821,100
2019-06-28 09:47:14.667662336,100018,309,100011,209,100019,206,100010,206,100075,206,99990,206,100182,100,99988,100,100202,100,99985,100,100208,100,99983,100,100385,100,99955,100,100483,100,99909,100,100584,100,99863,100,100622,100,99821,100
2019-06-28 09:47:17.724226408,100018,309,100011,209,100019,206,100010,206,100075,206,99990,206,100182,100,99988,100,100202,100,99985,100,100208,100,99983,100,100385,100,99955,100,100483,100,99909,100,100584,100,99863,100,100622,100,99821,100
2019-06-28 09:47:20.000000000,100018,522,100011,422,100019,100,100010,100,100075,100,99990,100,100182,100,99988,100,100202,100,99985,100,100208,100,99983,100,100385,100,99955,100,100483,100,99909,100,100584,100,99863,100,100622,100,99821,100
2019-06-28 09:47:30.000000000,100018,264,100011,164,100019,164,100010,164,100075,164,99990,164,100182,164,99988,164,100202,164,99985,164,100208,100,99983,100,100385,100,99955,100,100483,100,99909,100,100584,100,99863,100,100622,100,99821,100
2019-06-28 09:47:38.414544344,100018,264,100011,64,100019,164,100010,164,100075,164,99990,164,100182,164,99988,164,100202,164,99985,164,100208,100,99983,100,100385,100,99955,100,100483,100,99909,100,100584,100,99863,100,100622,100,99821,100
2019-06-28 09:47:40.000000000,100018,361,100010,261,100019,261,99990,261,100075,100,99988,100,100182,100,99985,100,100202,100,99983,100,100208,100,99955,100,100385,100,99909,100,100483,100,99863,100,100584,100,99821,100,100622,100,99787,100
2019-06-28 09:47:40.399998780,100018,361,100010,261,100019,261,99990,261,100075,100,99988,100,100182,100,99985,100,100202,100,99983,100,100208,100,99955,100,100385,100,99909,100,100483,100,99863,100,100584,100,99821,100,100622,100,99787,100
2019-06-28 09:47:46.576129948,100018,361,100010,161,100019,261,99990,261,100075,100,99988,100,100182,100,99985,100,100202,100,99983,100,100208,100,99955,100,100385,100,99909,100,100483,100,99863,100,100584,100,99821,100,100622,100,99787,100
2019-06-28 09:47:50.000000000,100018,522,99990,422,100019,100,99988,100,100075,100,99985,100,100182,100,99983,100,100202,100,99955,100,100208,100,99909,100,100385,100,99863,100,100483,100,99821,100,100584,100,99787,100,100622,100,99769,100
2019-06-28 09:47:55.478045307,100018,522,99990,422,100019,100,99988,100,100075,100,99985,100,100182,100,99983,100,100202,100,99955,100,100208,100,99909,100,100385,100,99821,100,100483,100,99787,100,100584,100,99769,100,100622,100,99623,100
2019-06-28 09:47:55.940119845,100018,522,99990,322,100019,100,99988,100,100075,100,99985,100,100182,100,99983,100,100202,100,99955,100,100208,100,99909,100,100385,100,99821,100,100483,100,99787,100,100584,100,99769,100,100622,100,99623,100
2019-06-28 09:48:00.000000000,100018,280,99988,180,100019,180,99985,180,100075,180,99983,180,100182,180,99955,180,100202,100,99909,100,100208,100,99821,100,100385,100,99787,100,100483,100,99769,100,100584,100,99623,100,100622,100,99606,100
2019-06-28 09:48:00.906961278,100018,280,99988,80,100019,180,99985,180,100075,180,99983,180,100182,180,99955,180,100202,100,99909,100,100208,100,99821,100,100385,100,99787,100,100483,100,99769,100,100584,100,99623,100,100622,100,99606,100
2019-06-28 09:48:10.000000000,100018,280,99985,180,100019,180,99983,180,100075,180,99955,180,100182,180,99909,180,100202,100,99821,100,100208,100,99787,100,100385,100,99769,100,100483,100,99623,100,100584,100,99606,100,100622,100,99095,100
2019-06-28 09:48:20.000000000,100018,522,99985,422,100019,100,99983,100,100075,100,99955,100,100182,100,99909,100,100202,100,99821,100,100208,100,99787,100,100385,100,99769,100,100483,100,99623,100,100584,100,99606,100,100622,100,99095,100
2019-06-28 09:48:29.652802565,100018,522,99985,322,100019,100,99983,100,100075,100,99955,100,100182,100,99909,100,100202,100,99821,100,100208,100,99787,100,100385,100,99769,100,100483,100,99623,100,100584,100,99606,100,100622,100,99095,100
2019-06-28 09:48:30.000000000,100018,309,99983,209,100019,206,99955,206,100075,206,99909,206,100182,100,99821,100,100202,100,99787,100,100208,100,99769,100,100385,100,99623,100,100483,100,99606,100,100584,100,99095,100,100622,100,98956,100
2019-06-28 09:48:40.000000000,100018,522,99983,422,100019,100,99955,100,100075,100,99909,100,100182,100,99821,100,100202,100,99787,100,100208,100,99769,100,100385,100,99623,100,100483,100,99606,100,100584,100,99095,100,100622,100,98956,100
2019-06-28 09:48:41.163876817,100018,522,99983,422,100019,100,99955,100,100075,100,99909,100,100182,100,99821,100,100202,100,99787,100,100208,100,99769,100,100385,100,99623,100,100483,100,99606,100,100584,100,99095,100,100622,100,98956,100
2019-06-28 09:48:50.000000000,100018,361,99983,261,100019,261,99955,261,100075,100,99909,100,100182,100,99821,100,100202,100,99787,100,100208,100,99769,100,100385,100,99623,100,100483,100,99606,100,100584,100,99095,100,100622,100,98956,100
2019-06-28 09:48:54.246856357,100018,361,99983,261,100019,261,99955,261,100075,100,99909,100,100182,100,99821,100,100202,100,99787,100,100208,100,99769,100,100385,100,99623,100,100483,100,99606,100,100622,100,99095,100,100988,100,98956,100
2019-06-28 09:49:00.000000000,100018,309,99983,209,100019,206,99955,206,100075,206,99909,206,100182,100,99821,100,100202,100,99787,100,100208,100,99769,100,100385,100,99623,100,100483,100,99606,100,100622,100,99095,100,100988,100,98956,100
2019-06-28 09:49:03.622906477,100018,309,99983,209,100019,206,99955,206,100075,206,99909,206,100182,100,99821,100,100208,100,99787,100,100385,100,99769,100,100483,100,99623,100,100622,100,99606,100,100988,100,99095,100,,,98957,100
2019-06-28 09:49:10.000000000,100018,264,99983,164,100019,164,99955,164,100075,164,99909,164,100182,164,99821,164,100208,164,99787,164,100385,100,99769,100,100483,100,99623,100,100622,100,99606,100,100988,100,99095,100,,,98957,100
2019-06-28 09:49:18.000353269,100018,264,99983,164,100019,164,99955,164,100075,164,99909,164,100182,164,99821,164,100208,164,99787,164,100385,100,99769,100,100483,100,99623,100,100622,100,99606,100,100988,100,99095,100,,,98957,100
2019-06-28 09:49:20.000000000,100018,309,99983,209,100019,206,99955,206,100075,206,99909,206,100182,100,99821,100,100208,100,99787,100,100385,100,99769,100,100483,100,99623,100,100622,100,99606,100,100988,100,99095,100,,,98957,100
2019-06-28 09:49:30.000000000,100018,264,99983,164,100019,164,99955,164,100075,164,99909,164,100182,164,99821,164,100208,164,99787,164,100385,100,99769,100,100483,100,99623,100,100622,100,99606,100,100988,100,99095,100,,,98957,100
2019-06-28 09:49:32.565441970,100018,264,99983,164,100019,164,99955,164,100075,164,99909,164,100182,164,99821,164,100208,164,99787,164,100385,100,99769,100,100483,100,99623,100,100622,100,99606,100,100988,100,99095,100,,,99073,100
2019-06-28 09:49:33.976410223,100018,264,99983,64,100019,164,99955,164,100075,164,99909,164,100182,164,99821,164,100208,164,99787,164,100385,100,99769,100,100483,100,99623,100,100622,100,99095,100,100988,100,99073,100,,,98957,100
2019-06-28 09:49:40.000000000,100018,264,99955,164,100019,164,99909,164,100075,164,99821,164,100182,164,99787,164,100208,164,99769,164,100385,100,99623,100,100483,100,99095,100,100622,100,99073,100,100988,100,98957,100,,,98956,100
2019-06-28 09:49:48.550901368,100018,264,99955,164,100019,164,99909,164,100075,164,99821,164,100182,164,99787,164,100208,164,99769,164,100385,100,99623,100,100483,100,99115,100,100622,100,99095,100,100988,100,99073,100,,,98957,100
2019-06-28 09:49:50.000000000,100018,522,99955,422,100019,100,99909,100,100075,100,99821,100,100182,100,99787,100,100208,100,99769,100,100385,100,99623,100,100483,100,99115,100,100622,100,99095,100,100988,100,99073,100,,,98957,100
2019-06-28 09:49:53.701262493,100018,522,99955,322,100019,100,99909,100,100075,100,99821,100,100182,100,99787,100,100208,100,99623,100,100385,100,99115,100,100483,100,99095,100,100622,100,99073,100,100988,100,98957,100,,,98956,100
2019-06-28 09:50:00.000000000,100018,522,99909,422,100019,100,99821,100,100075,100,99787,100,100182,100,99623,100,100208,100,99115,100,100385,100,99095,100,100483,100,99073,100,100622,100,98957,100,100988,100,98956,100,,,98920,100
2019-06-28 09:50:10.000000000,100018,280,99909,180,100019,180,99821,180,100075,180,99787,180,100182,180,99623,180,100208,100,99115,100,100385,100,99095,100,100483,100,99073,100,100622,100,98957,100,100988,100,98956,100,,,98920,100
2019-06-28 09:50:15.124444761,100018,280,99909,80,100019,180,99821,180,100075,180,99787,180,100182,180,99623,180,100208,100,99115,100,100385,100,99095,100,100483,100,99073,100,100988,100,98957,100,,,98956,100,,,98920,100
2019-06-28 09:50:20.000000000,100018,280,99821,180,100019,180,99787,180,100075,180,99623,180,100182,180,99115,180,100208,100,99095,100,100385,100,99073,100,100483,100,98957,100,100988,100,98956,100,,,98920,100,,,98841,100
2019-06-28 09:50:22.073288825,100018,280,99821,80,100019,180,99787,180,100075,180,99623,180,100182,180,99115,180,100208,100,99095,100,100385,100,99073,100,100483,100,98957,100,100988,100,98920,100,,,98841,100,,,98822,100
2019-06-28 09:50:22.991361189,100018,280,99821,80,100019,180,99787,180,100075,180,99623,180,100182,180,99115,180,100208,100,99095,100,100385,100,99073,100,100483,100,98957,100,100988,100,98920,100,,,98841,100,,,98822,100
2019-06-28 09:50:27.089026461,99821,20,99787,180,100018,280,99623,180,100019,180,99115,180,100075,180,99095,100,100182,180,99073,100,100208,100,98920,100,100385,100,98841,100,100483,100,98822,100,100988,100,98754,100,,,98688,100
2019-06-28 09:50:30.000000000,99821,100,99787,180,100018,280,99623,180,100019,180,99115,180,100075,180,99095,180,100182,100,99073,100,100208,100,98920,100,100385,100,98841,100,100483,100,98822,100,100988,100,98754,100,,,98688,100
2019-06-28 09:50:31.983361688,99821,100,99787,180,100018,280,99623,180,100019,80,99115,180,100075,180,99095,180,100182,100,99073,100,100208,100,98920,100,100385,100,98841,100,100483,100,98822,100,100988,100,98754,100,,,98688,100
2019-06-28 09:50:40.000000000,99821,181,99787,261,100018,361,99623,261,100075,100,99115,100,100182,100,99095,100,100208,100,99073,100,100385,100,98920,100,100483,100,98841,100,100988,100,98822,100,,,98754,100,,,98688,100
2019-06-28 09:50:41.138969546,99821,181,99787,161,100018,361,99623,261,100075,100,99095,100,100182,100,99073,100,100208,100,98920,100,100385,100,98841,100,100483,100,98822,100,100988,100,98754,100,,,98688,100,,,98662,100
2019-06-28 09:50:50.000000000,99821,100,99623,180,100018,280,99095,180,100075,180,99073,180,100182,180,98920,180,100208,100,98841,100,100385,100,98822,100,100483,100,98754,100,100988,100,98688,100,,,98662,100,,,98579,100
2019-06-28 09:50:51.978175775,99820,100,99623,180,99821,100,99095,180,100018,280,99073,180,100075,180,98920,180,100182,180,98841,100,100208,100,98822,100,100385,100,98754,100,100483,100,98688,100,100988,100,98662,100,,,98579,100
2019-06-28 09:50:55.968507498,99820,100,99623,180,99821,100,99095,180,100018,280,99073,180,100075,180,98920,180,100182,180,98841,100,100208,100,98822,100,100385,100,98806,100,100483,100,98754,100,100988,100,98688,100,,,98662,100
2019-06-28 09:51:00.000000000,99820,422,99623,422,99821,20,99095,100,100018,200,99073,100,100075,100,98920,100,100182,100,98841,100,100208,100,98822,100,100385,100,98806,100,100483,100,98754,100,100988,100,98688,100,,,98662,100
2019-06-28 09:51:10.000000000,99820,180,99623,180,99821,100,99095,180,100018,280,99073,180,100075,180,98920,180,100182,100,98841,100,100208,100,98822,100,100385,100,98806,100,100483,100,98754,100,100988,100,98688,100,,,98662,100
2019-06-28 09:51:20.000000000,99820,261,99623,261,99821,181,99095,261,100018,200,99073,100,100075,100,98920,100,100182,100,98841,100,100208,100,98822,100,100385,100,98806,100,100483,100,98754,100,100988,100,98688,100,,,98662,100
2019-06-28 09:51:30.000000000,99820,422,99623,422,99821,20,99095,100,100018,200,99073,100,100075,100,98920,100,100182,100,98841,100,100208,100,98822,100,100385,100,98806,100,100483,100,98754,100,100988,100,98688,100,,,98662,100
2019-06-28 09:51:31.832087434,99820,422,99623,322,99821,20,99095,100,100018,200,99073,100,100075,100,98920,100,100182,100,98841,100,100385,100,98822,100,100483,100,98806,100,100988,100,98754,100,,,98688,100,,,98662,100
2019-06-28 09:51:40.000000000,99820,422,99095,422,99821,20,99073,100,100018,200,98920,100,100075,100,98841,100,100182,100,98822,100,100385,100,98806,100,100483,100,98754,100,100988,100,98688,100,,,98662,100,,,98579,100
2019-06-28 09:51:50.000000000,99820,209,99095,209,99821,126,99073,206,100018,306,98920,206,100075,100,98841,100,100182,100,98822,100,100385,100,98806,100,100483,100,98754,100,100988,100,98688,100,,,98662,100,,,98579,100
2019-06-28 09:51:52.554627127,99425,100,99095,209,99820,209,99073,206,99821,126,98920,206,100018,306,98841,100,100075,100,98822,100,100182,100,98806,100,100385,100,98754,100,100988,100,98688,100,,,98662,100,,,98579,100
2019-06-28 09:52:00.000000000,99425,164,99095,164,99820,164,99073,164,99821,84,98920,164,100018,264,98841,164,100075,164,98822,164,100182,100,98806,100,100385,100,98754,100,100988,100,98688,100,,,98662,100,,,98579,100
2019-06-28 09:52:10.000000000,99425,422,99095,422,99820,100,99073,100,99821,20,98920,100,100018,200,98841,100,100075,100,98822,100,100182,100,98806,100,100385,100,98754,100,100988,100,98688,100,,,98662,100,,,98579,100
2019-06-28 09:52:20.000000000,99425,164,99095,164,99820,164,99073,164,99821,84,98920,164,100018,264,98841,164,100075,164,98822,164,100182,100,98806,100,100385,100,98754,100,100988,100,98688,100,,,98662,100,,,98579,100
2019-06-28 09:52:21.190371905,99425,164,99142,100,99820,164,99095,164,99821,84,99073,164,100018,264,98920,164,100075,164,98841,164,100182,100,98822,164,100385,100,98806,100,100988,100,98754,100,,,98688,100,,,98662,100
2019-06-28 09:52:30.000000000,99425,261,99142,261,99820,261,99095,261,99821,20,99073,100,100018,200,98920,100,100075,100,98841,100,100182,100,98822,100,100385,100,98806,100,100988,100,98754,100,,,98688,100,,,98662,100
2019-06-28 09:52:40.000000000,99425,422,99142,422,99820,100,99095,100,99821,20,99073,100,100018,200,98920,100,100075,100,98841,100,100182,100,98822,100,100385,100,98806,100,100988,100,98754,100,,,98688,100,,,98662,100
2019-06-28 09:52:50.000000000,99425,180,99142,180,99820,180,99095,180,99821,100,99073,180,100018,280,98920,180,100075,100,98841,100,100182,100,98822,100,100385,100,98806,100,100988,100,98754,100,,,98688,100,,,98662,100
2019-06-28 09:52:56.894412441,99425,180,99142,180,99820,180,99095,180,99821,100,99073,180,100007,100,98920,180,100018,280,98841,100,100075,100,98822,100,100182,100,98806,100,100385,100,98754,100,100988,100,98688,100,,,98662,100
2019-06-28 09:52:58.726480701,99425,80,99142,180,99820,180,99095,180,99821,100,99073,180,100007,100,98920,180,100018,280,98841,100,100075,100,98822,100,100182,100,98806,100,100385,100,98754,100,100988,100,98688,100,,,98662,100
2019-06-28 09:53:00.000000000,99820,164,99142,164,99821,84,99095,164,100007,164,99073,164,100018,264,98920,164,100075,164,98841,164,100182,100,98822,100,100385,100,98806,100,100988,100,98754,100,,,98688,100,,,98662,100
2019-06-28 09:53:10.000000000,99820,422,99142,422,99821,20,99095,100,100007,100,99073,100,100018,200,98920,100,100075,100,98841,100,100182,100,98822,100,100385,100,98806,100,100988,100,98754,100,,,98688,100,,,98662,100
2019-06-28 09:53:20.000000000,99820,209,99142,209,99821,126,99095,206,100007,206,99073,206,100018,200,98920,100,100075,100,98841,100,100182,100,98822,100,100385,100,98806,100,100988,100,98754,100,,,98688,100,,,98662,100
2019-06-28 09:53:30.000000000,99820,180,99142,180,99821,100,99095,180,100007,180,99073,180,100018,280,98920,180,100075,100,98841,100,100182,100,98822,100,100385,100,98806,100,100988,100,98754,100,,,98688,100,,,98662,100
2019-06-28 09:53:31.789073561,99820,80,99142,180,99821,100,99095,80,100007,180,99073,180,100018,280,98920,180,100075,100,98841,100,100182,100,98822,100,100385,100,98806,100,100988,100,98754,100,,,98688,100,,,98662,100
2019-06-28 09:53:38.078377617,99821,100,99820,20,100007,80,99142,180,100018,280,99095,80,100075,100,99073,180,100182,100,98920,180,100385,100,98841,100,100988,100,98822,100,,,98806,100,,,98754,100,,,98688,100
2019-06-28 09:53:40.000000000,99821,129,99820,129,100018,306,99142,206,100075,206,99073,206,100182,100,98920,100,100385,100,98841,100,100988,100,98822,100,,,98806,100,,,98754,100,,,98688,100,,,98662,100
2019-06-28 09:53:50.000000000,99821,100,99820,100,100018,280,99142,180,100075,180,99073,180,100182,180,98920,180,100385,100,98841,100,100988,100,98822,100,,,98806,100,,,98754,100,,,98688,100,,,98662,100
2019-06-28 09:54:00.000000000,99821,84,99820,84,100018,264,99142,164,100075,164,99073,164,100182,164,98920,164,100385,164,98841,164,100988,100,98822,100,,,98806,100,,,98754,100,,,98688,100,,,98662,100
2019-06-28 09:54:02.649615580,99821,84,99820,184,100018,264,99142,164,100075,164,99073,164,100182,164,98920,164,100385,164,98841,164,100988,100,98822,100,,,98806,100,,,98754,100,,,98688,100,,,98662,100
2019-06-28 09:54:10.000000000,99821,342,99820,442,100018,200,99142,100,100075,100,99073,100,100182,100,98920,100,100385,100,98841,100,100988,100,98822,100,,,98806,100,,,98754,100,,,98688,100,,,98662,100
2019-06-28 09:54:20.000000000,99821,129,99820,229,100018,306,99142,206,100075,206,99073,206,100182,100,98920,100,100385,100,98841,100,100988,100,98822,100,,,98806,100,,,98754,100,,,98688,100,,,98662,100
2019-06-28 09:54:30.000000000,99821,129,99820,229,100018,306,99142,206,100075,206,99073,206,100182,100,98920,100,100385,100,98841,100,100988,100,98822,100,,,98806,100,,,98754,100,,,98688,100,,,98662,100
2019-06-28 09:54:40.000000000,99821,181,99820,281,100018,361,99142,261,100075,100,99073,100,100182,100,98920,100,100385,100,98841,100,100988,100,98822,100,,,98806,100,,,98754,100,,,98688,100,,,98662,100
2019-06-28 09:54:50.000000000,99821,181,99820,281,100018,361,99142,261,100075,100,99073,100,100182,100,98920,100,100385,100,98841,100,100988,100,98822,100,,,98806,100,,,98754,100,,,98688,100,,,98662,100
2019-06-28 09:54:59.753476014,99821,181,99820,181,100018,361,99142,261,100075,100,99073,100,100182,100,98920,100,100385,100,98841,100,100988,100,98822,100,,,98806,100,,,98754,100,,,98688,100,,,98662,100
2019-06-28 09:55:00.000000000,99821,84,99820,84,100018,264,99142,164,100075,164,99073,164,100182,164,98920,164,100385,164,98841,164,100988,100,98822,100,,,98806,100,,,98754,100,,,98688,100,,,98662,100
2019-06-28 09:55:06.131156017,99821,84,99820,84,100018,264,99704,100,100075,164,99142,164,100182,164,99073,164,100385,164,98920,164,100988,100,98841,164,,,98822,100,,,98806,100,,,98754,100,,,98688,100
2019-06-28 09:55:10.000000000,99821,342,99820,342,100018,200,99704,100,100075,100,99142,100,100182,100,99073,100,100385,100,98920,100,100988,100,98841,100,,,98822,100,,,98806,100,,,98754,100,,,98688,100
2019-06-28 09:55:11.204335391,99821,342,99820,342,100018,200,99746,100,100075,100,99704,100,100182,100,99142,100,100385,100,99073,100,100988,100,98920,100,,,98841,100,,,98822,100,,,98806,100,,,98754,100
2019-06-28 09:55:20.000000000,99821,129,99820,129,100018,306,99746,206,100075,206,99704,206,100182,100,99142,100,100385,100,99073,100,100988,100,98920,100,,,98841,100,,,98822,100,,,98806,100,,,98754,100
2019-06-28 09:55:30.000000000,99821,342,99820,342,100018,200,99746,100,100075,100,99704,100,100182,100,99142,100,100385,100,99073,100,100988,100,98920,100,,,98841,100,,,98822,100,,,98806,100,,,98754,100
2019-06-28 09:55:39.149819776,99821,342,99820,242,100018,200,99746,100,100075,100,99704,100,100182,100,99142,100,100385,100,99073,100,100988,100,98920,100,,,98841,100,,,98822,100,,,98806,100,,,98754,100
2019-06-28 09:55:40.000000000,99821,100,99746,180,100018,280,99704,180,100075,180,99142,180,100182,180,99073,180,100385,100,98920,100,100988,100,98841,100,,,98822,100,,,98806,100,,,98754,100,,,98688,100
2019-06-28 09:55:47.315475476,99820,100,99746,180,99821,100,99704,180,100018,280,99142,180,100075,180,99073,180,100182,180,98920,100,100385,100,98841,100,100988,100,98822,100,,,98806,100,,,98754,100,,,98688,100
2019-06-28 09:55:48.319046858,99820,100,99746,80,99821,100,99704,180,100018,280,99142,180,100075,180,99073,180,100182,180,98920,100,100385,100,98841,100,100988,100,98822,100,,,98806,100,,,98754,100,,,98688,100
2019-06-28 09:55:50.000000000,99820,164,99704,164,99821,84,99142,164,100018,264,99073,164,100075,164,98920,164,100182,164,98841,164,100385,100,98822,100,100988,100,98806,100,,,98754,100,,,98688,100,,,98662,100
2019-06-28 09:56:00.000000000,99820,180,99704,180,99821,100,99142,180,100018,280,99073,180,100075,180,98920,180,100182,100,98841,100,100385,100,98822,100,100988,100,98806,100,,,98754,100,,,98688,100,,,98662,100
2019-06-28 09:56:10.000000000,99820,180,99704,180,99821,100,99142,180,100018,280,99073,180,100075,180,98920,180,100182,100,98841,100,100385,100,98822,100,100988,100,98806,100,,,98754,100,,,98688,100,,,98662,100
2019-06-28 09:56:17.479412400,99820,180,99704,80,99821,100,99142,180,100018,280,99073,180,100075,180,98920,180,100182,100,98841,100,100385,100,98822,100,100988,100,98806,100,,,98754,100,,,98688,100,,,98662,100
2019-06-28 09:56:20.000000000,99820,422,99142,422,99821,20,99073,100,100018,200,98920,100,100075,100,98841,100,100182,100,98822,100,100385,100,98806,100,100988,100,98754,100,,,98688,100,,,98662,100,,,98579,100
2019-06-28 09:56:30.000000000,99820,422,99142,422,99821,20,99073,100,100018,200,98920,100,100075,100,98841,100,100182,100,98822,100,100385,100,98806,100,100988,100,98754,100,,,98688,100,,,98662,100,,,98579,100
2019-06-28 09:56:40.000000000,99820,422,99142,422,99821,20,99073,100,100018,200,98920,100,100075,100,98841,100,100182,100,98822,100,100385,100,98806,100,100988,100,98754,100,,,98688,100,,,98662,100,,,98579,100
2019-06-28 09:56:50.000000000,99820,180,99142,180,99821,100,99073,180,100018,280,98920,180,100075,180,98841,180,100182,100,98822,100,100385,100,98806,100,100988,100,98754,100,,,98688,100,,,98662,100,,,98579,100
2019-06-28 09:57:00.000000000,99820,261,99142,261,99821,181,99073,261,100018,200,98920,100,100075,100,98841,100,100182,100,98822,100,100385,100,98806,100,100988,100,98754,100,,,98688,100,,,98662,100,,,98579,100
2019-06-28 09:57:05.555613244,99597,100,99142,261,99820,261,99073,261,99821,181,98920,100,100018,200,98841,100,100075,100,98822,100,100182,100,98806,100,100385,100,98754,100,,,98688,100,,,98662,100,,,98579,100
2019-06-28 09:57:10.000000000,99597,261,99142,261,99820,261,99073,261,99821,20,98920,100,100018,200,98841,100,100075,100,98822,100,100182,100,98806,100,100385,100,98754,100,,,98688,100,,,98662,100,,,98579,100
2019-06-28 09:57:14.400623350,99146,100,99142,261,99597,261,99073,261,99820,261,98920,100,99821,20,98841,100,100018,200,98822,100,100075,100,98806,100,100182,100,98754,100,100385,100,98688,100,,,98662,100,,,98579,100
2019-06-28 09:57:17.349250678,99146,100,99142,261,99458,100,99073,261,99597,261,98920,100,99820,261,98841,100,99821,20,98822,100,100018,200,98806,100,100075,100,98754,100,100182,100,98688,100,100385,100,98662,100,,,98579,100
2019-06-28 09:57:20.000000000,99146,422,99142,422,99458,100,99073,100,99597,100,98920,100,99820,100,98841,100,99821,20,98822,100,100018,200,98806,100,100075,100,98754,100,100182,100,98688,100,100385,100,98662,100,,,98579,100
2019-06-28 09:57:30.000000000,99146,422,99142,422,99458,100,99073,100,99597,100,98920,100,99820,100,98841,100,99821,20,98822,100,100018,200,98806,100,100075,100,98754,100,100182,100,98688,100,100385,100,98662,100,,,98579,100
2019-06-28 09:57:40.000000000,99146,180,99142,180,99458,180,99073,180,99597,180,98920,180,99820,180,98841,180,99821,20,98822,100,100018,200,98806,100,100075,100,98754,100,100182,100,98688,100,100385,100,98662,100,,,98579,100
2019-06-28 09:57:50.000000000,99146,261,99142,261,99458,261,99073,261,99597,100,98920,100,99820,100,98841,100,99821,20,98822,100,100018,200,98806,100,100075,100,98754,100,100182,100,98688,100,100385,100,98662,100,,,98579,100
2019-06-28 09:57:59.513160877,99146,261,99142,261,99458,261,99073,161,99498,100,98920,100,99597,100,98841,100,99820,100,98822,100,99821,20,98806,100,100018,200,98754,100,100075,100,98688,100,100182,100,98662,100,100385,100,98579,100
2019-06-28 09:58:00.000000000,99146,261,99142,261,99458,261,98920,261,99498,100,98841,100,99597,100,98822,100,99820,100,98806,100,99821,20,98754,100,100018,200,98688,100,100075,100,98662,100,100182,100,98579,100,100385,100,,
2019-06-28 09:58:10.000000000,99146,209,99142,209,99458,206,98920,206,99498,206,98841,206,99597,100,98822,100,99820,100,98806,100,99821,20,98754,100,100018,200,98688,100,100075,100,98662,100,100182,100,98579,100,100385,100,,
2019-06-28 09:58:10.958834029,99146,209,99142,209,99339,100,98920,206,99458,206,98841,206,99498,206,98822,100,99597,100,98806,100,99820,100,98688,100,99821,20,98662,100,100018,200,98579,100,100075,100,,,100182,100,,
2019-06-28 09:58:20.000000000,99146,180,99142,180,99339,180,98920,180,99458,180,98841,180,99498,180,98822,180,99597,100,98806,100,99820,100,98688,100,99821,20,98662,100,100018,200,98579,100,100075,100,,,100182,100,,
2019-06-28 09:58:30.000000000,99146,164,99142,164,99339,164,98920,164,99458,164,98841,164,99498,164,98822,164,99597,164,98806,164,99820,100,98688,100,99821,20,98662,100,100018,200,98579,100,100075,100,,,100182,100,,
2019-06-28 09:58:32.583370114,99146,164,99142,164,99339,164,98920,164,99458,64,98841,164,99498,164,98822,164,99594,100,98806,164,99597,164,98688,100,99820,100,98662,100,99821,20,98579,100,100018,200,,,100075,100,,
2019-06-28 09:58:38.011815741,99146,164,99142,164,99339,164,98920,164,99458,64,98841,164,99498,164,98822,164,99519,100,98806,164,99594,100,98688,100,99597,164,98662,100,99820,100,98579,100,99821,20,,,100018,200,,
2019-06-28 09:58:40.000000000,99146,261,99142,261,99339,261,98920,261,99498,100,98841,100,99519,100,98822,100,99594,100,98806,100,99597,100,98688,100,99820,100,98662,100,99821,20,98579,100,100018,200,,,100075,100,,
2019-06-28 09:58:46.035080528,99146,261,99142,261,99339,261,98920,261,99498,100,98841,100,99519,100,98822,100,99524,100,98806,100,99594,100,98688,100,99597,100,98662,100,99820,100,98579,100,99821,20,,,100018,200,,
2019-06-28 09:58:50.000000000,99146,180,99142,180,99339,180,98920,180,99498,180,98841,180,99519,180,98822,180,99524,100,98806,100,99594,100,98688,100,99597,100,98662,100,99820,100,98579,100,99821,20,,,100018,200,,
2019-06-28 09:59:00.000000000,99146,180,99142,180,99339,180,98920,180,99498,180,98841,180,99519,180,98822,180,99524,100,98806,100,99594,100,98688,100,99597,100,98662,100,99820,100,98579,100,99821,20,,,100018,200,,
2019-06-28 09:59:10.000000000,99146,180,99142,180,99339,180,98920,180,99498,180,98841,180,99519,180,98822,180,99524,100,98806,100,99594,100,98688,100,99597,100,98662,100,99820,100,98579,100,99821,20,,,100018,200,,
2019-06-28 09:59:11.719833416,99146,80,99142,180,99339,180,98920,180,99498,180,98841,180,99519,180,98822,180,99524,100,98806,100,99594,100,98688,100,99597,100,98662,100,99820,100,98579,100,99821,20,,,100018,200,,
2019-06-28 09:59:20.000000000,99339,422,99142,422,99498,100,98920,100,99519,100,98841,100,99524,100,98822,100,99594,100,98806,100,99597,100,98688,100,99820,100,98662,100,99821,20,98579,100,100018,200,,,100075,100,,
2019-06-28 09:59:27.469985077,99339,322,99142,422,99498,100,98920,100,99519,100,98841,100,99524,100,98822,100,99594,100,98806,100,99597,100,98688,100,99820,100,98662,100,99821,20,98579,100,100018,200,,,100075,100,,
2019-06-28 09:59:30.000000000,99498,261,99142,261,99519,261,98920,261,99524,100,98841,100,99594,100,98822,100,99597,100,98806,100,99820,100,98688,100,99821,20,98662,100,100018,200,98579,100,100075,100,,,100182,100,,
2019-06-28 09:59:40.000000000,99498,164,99142,164,99519,164,98920,164,99524,164,98841,164,99594,164,98822,164,99597,164,98806,164,99820,100,98688,100,99821,20,98662,100,100018,200,98579,100,100075,100,,,100182,100,,
2019-06-28 09:59:50.000000000,99498,261,99142,261,99519,261,98920,261,99524,100,98841,100,99594,100,98822,100,99597,100,98806,100,99820,100,98688,100,99821,20,98662,100,100018,200,98579,100,100075,100,,,100182,100,,
2019-06-28 09:59:50.729576660,99498,261,99142,261,99519,261,98920,261,99524,100,98841,100,99575,100,98822,100,99594,100,98806,100,99597,100,98688,100,99820,100,98662,100,99821,20,98579,100,100018,200,,,100075,100,,
2019-06-28 09:59:52.294917992,99498,161,99142,261,99519,261,98920,261,99524,100,98841,100,99575,100,98822,100,99594,100,98806,100,99597,100,98688,100,99820,100,98662,100,99821,20,98579,100,99860,100,,,100018,200,,
2019-06-28 09:59:54.043697908,99498,161,99146,100,99519,261,99142,261,99524,100,98920,261,99575,100,98841,100,99594,100,98822,100,99597,100,98806,100,99820,100,98688,100,99821,20,98662,100,99860,100,98579,100,100018,200,,
2019-06-28 09:59:56.753705013,99498,161,99146,100,99519,261,99142,261,99524,100,98920,261,99575,100,98841,100,99594,100,98806,100,99597,100,98688,100,99651,100,98662,100,99820,100,98579,100,99821,20,,,99860,100,,
2019-06-28 10:00:00.000000000,99519,180,99146,180,99524,180,99142,180,99575,180,98920,180,99594,180,98841,180,99597,100,98806,100,99651,100,98688,100,99820,100,98662,100,99821,20,98579,100,99860,100,,,100018,200,,
2019-06-28 10:00:10.000000000,99519,209,99146,209,99524,206,99142,206,99575,206,98920,206,99594,100,98841,100,99597,100,98806,100,99651,100,98688,100,99820,100,98662,100,99821,20,98579,100,99860,100,,,100018,200,,
2019-06-28 10:00:11.989808347,99519,109,99146,209,99524,206,99142,206,99575,206,98920,106,99594,100,98841,100,99597,100,98806,100,99651,100,98688,100,99820,100,98662,100,99821,20,98579,100,99860,100,,,100018,200,,
2019-06-28 10:00:13.393768403,99519,109,99339,100,99524,206,99146,209,99575,206,99142,206,99594,100,98920,106,99597,100,98841,100,99651,100,98806,100,99820,100,98688,100,99821,20,98662,100,99860,100,98579,100,100018,200,,
2019-06-28 10:00:15.299416372,99519,9,99339,100,99524,206,99146,209,99575,206,99142,206,99594,100,98920,106,99597,100,98841,100,99651,100,98806,100,99820,100,98688,100,99821,20,98662,100,99860,100,98579,100,100018,200,,
2019-06-28 10:00:20.000000000,99524,180,99339,180,99575,180,99146,180,99594,180,99142,180,99597,180,98841,180,99651,100,98806,100,99820,100,98688,100,99821,20,98662,100,99860,100,98579,100,100018,200,,,100075,100,,
2019-06-28 10:00:24.074794257,99524,80,99339,180,99575,180,99146,180,99594,180,99142,180,99597,180,98841,180,99651,100,98806,100,99820,100,98688,100,99821,20,98662,100,99860,100,98579,100,100018,200,,,100075,100,,
2019-06-28 10:00:30.000000000,99575,164,99339,164,99594,164,99146,164,99597,164,99142,164,99651,164,98841,164,99820,164,98806,164,99821,20,98688,100,99860,100,98662,100,100018,200,98579,100,100075,100,,,100182,100,,
2019-06-28 10:00:40.000000000,99575,180,99339,180,99594,180,99146,180,99597,180,99142,180,99651,180,98841,180,99820,100,98806,100,99821,20,98688,100,99860,100,98662,100,100018,200,98579,100,100075,100,,,100182,100,,
2019-06-28 10:00:50.000000000,99575,422,99339,422,99594,100,99146,100,99597,100,99142,100,99651,100,98841,100,99820,100,98806,100,99821,20,98688,100,99860,100,98662,100,100018,200,98579,100,100075,100,,,100182,100,,
2019-06-28 10:01:00.000000000,99575,209,99339,209,99594,206,99146,206,99597,206,99142,206,99651,100,98841,100,99820,100,98806,100,99821,20,98688,100,99860,100,98662,100,100018,200,98579,100,100075,100,,,100182,100,,
2019-06-28 10:01:10.000000000,99575,422,99339,422,99594,100,99146,100,99597,100,99142,100,99651,100,98841,100,99820,100,98806,100,99821,20,98688,100,99860,100,98662,100,100018,200,98579,100,100075,100,,,100182,100,,
2019-06-28 10:01:13.911506695,99575,422,99339,422,99594,100,99146,100,99597,100,99142,100,99651,100,98841,100,99794,100,98806,100,99820,100,98688,100,99821,20,98662,100,99860,100,98579,100,100018,200,,,100075,100,,
2019-06-28 10:01:20.000000000,99575,180,99339,180,99594,180,99146,180,99597,180,99142,180,99651,180,98841,180,99794,100,98806,100,99820,100,98688,100,99821,20,98662,100,99860,100,98579,100,100018,200,,,100075,100,,
2019-06-28 10:01:21.678762195,99575,180,99339,180,99594,180,99146,180,99597,180,99142,180,99651,180,98841,180,99734,100,98806,100,99794,100,98662,100,99820,100,98579,100,99821,20,,,99860,100,,,100018,200,,
2019-06-28 10:01:28.439472086,99575,80,99339,180,99594,180,99146,180,99597,180,99142,180,99651,180,98841,180,99734,100,98806,100,99794,100,98662,100,99820,100,98579,100,99821,20,,,99860,100,,,100018,200,,
2019-06-28 10:01:28.749870489,99575,80,99339,180,99594,180,99146,180,99597,180,99142,180,99651,180,98841,180,99734,100,98806,100,99794,100,98662,100,99820,100,98579,100,99821,20,,,99860,100,,,99964,100,,
2019-06-28 10:01:30.000000000,99594,209,99339,209,99597,206,99146,206,99651,206,99142,206,99734,100,98841,100,99794,100,98806,100,99820,100,98662,100,99821,20,98579,100,99860,100,,,99964,100,,,100018,200,,
2019-06-28 10:01:37.530317584,99594,209,99339,209,99597,206,99146,206,99651,206,99142,206,99734,100,98841,100,99794,100,98806,100,99820,100,98662,100,99821,20,98579,100,99860,100,,,99908,100,,,99964,100,,
2019-06-28 10:01:38.486818236,99594,209,99524,100,99597,206,99339,209,99651,206,99146,206,99734,100,99142,206,99794,100,98841,100,99820,100,98806,100,99821,20,98662,100,99860,100,98579,100,99908,100,,,99964,100,,
2019-06-28 10:01:40.000000000,99594,261,99524,261,99597,261,99339,261,99651,100,99146,100,99734,100,99142,100,99794,100,98841,100,99820,100,98806,100,99821,20,98662,100,99860,100,98579,100,99908,100,,,99964,100,,
2019-06-28 10:01:50.000000000,99594,209,99524,209,99597,206,99339,206,99651,206,99146,206,99734,100,99142,100,99794,100,98841,100,99820,100,98806,100,99821,20,98662,100,99860,100,98579,100,99908,100,,,99964,100,,
2019-06-28 10:01:57.431625194,99594,209,99524,209,99597,106,99339,206,99650,100,99146,206,99651,206,99142,100,99734,100,98841,100,99794,100,98806,100,99820,100,98662,100,99821,20,98579,100,99860,100,,,99908,100,,
2019-06-28 10:02:00.000000000,99594,261,99524,261,99650,261,99339,261,99651,100,99146,100,99734,100,99142,100,99794,100,98841,100,99820,100,98806,100,99821,20,98662,100,99860,100,98579,100,99908,100,,,99964,100,,
2019-06-28 10:02:10.000000000,99594,180,99524,180,99650,180,99339,180,99651,180,99146,180,99734,180,99142,180,99794,100,98841,100,99820,100,98806,100,99821,20,98662,100,99860,100,98579,100,99908,100,,,99964,100,,
2019-06-28 10:02:10.902141871,99594,180,99524,280,99650,180,99339,180,99651,180,99146,180,99734,180,99142,180,99794,100,98841,100,99820,100,98806,100,99821,20,98662,100,99860,100,98579,100,99908,100,,,99964,100,,
2019-06-28 10:02:20.000000000,99594,209,99524,309,99650,206,99339,206,99651,206,99146,206,99734,100,99142,100,99794,100,98841,100,99820,100,98806,100,99821,20,98662,100,99860,100,98579,100,99908,100,,,99964,100,,
2019-06-28 10:02:25.180850349,99594,209,99524,309,99650,206,99339,206,99651,206,99146,206,99734,100,99142,100,99794,100,98841,100,99820,100,98806,100,99821,20,98662,100,99860,100,98579,100,99908,100,,,99964,100,,
2019-06-28 10:02:30.000000000,99594,422,99524,522,99650,100,99339,100,99651,100,99146,100,99734,100,99142,100,99794,100,98841,100,99820,100,98806,100,99821,20,98662,100,99860,100,98579,100,99908,100,,,99964,100,,
2019-06-28 10:02:40.000000000,99594,180,99524,280,99650,180,99339,180,99651,180,99146,180,99734,180,99142,180,99794,100,98841,100,99820,100,98806,100,99821,20,98662,100,99860,100,98579,100,99908,100,,,99964,100,,
2019-06-28 10:02:50.000000000,99594,164,99524,264,99650,164,99339,164,99651,164,99146,164,99734,164,99142,164,99794,164,98841,164,99820,100,98806,100,99821,20,98662,100,99860,100,98579,100,99908,100,,,99964,100,,
2019-06-28 10:02:51.241209168,99594,64,99524,264,99650,164,99339,164,99651,164,99146,164,99734,164,99142,164,99794,164,98841,164,99820,100,98806,100,99821,20,98662,100,99908,100,98579,100,99964,100,,,100017,100,,
2019-06-28 10:03:00.000000000,99650,164,99524,264,99651,164,99339,164,99734,164,99146,164,99794,164,99142,164,99820,164,98841,164,99821,20,98806,100,99908,100,98662,100,99964,100,98579,100,100017,100,,,100018,200,,
2019-06-28 10:03:01.256771282,99650,164,99524,264,99651,164,99433,100,99734,164,99339,164,99794,164,99146,164,99820,164,99142,164,99821,20,98841,164,99964,100,98806,100,100017,100,98662,100,100018,200,98579,100,100075,100,,
2019-06-28 10:03:08.358803168,99650,164,99640,100,99651,164,99524,264,99734,164,99433,100,99794,164,99339,164,99820,164,99146,164,99821,20,99142,164,99964,100,98841,164,100017,100,98806,100,100018,200,98662,100,100075,100,98579,100
2019-06-28 10:03:08.469576633,99650,64,99640,100,99651,164,99524,264,99734,164,99433,100,99794,164,99339,164,99820,164,99146,164,99821,20,99142,164,99964,100,98841,164,100017,100,98806,100,100018,200,98662,100,100075,100,98579,100
2019-06-28 10:03:10.000000000,99651,164,99640,164,99734,164,99524,264,99794,164,99433,164,99820,164,99339,164,99821,84,99146,164,99964,100,99142,100,100017,100,98841,100,100018,200,98806,100,100075,100,98662,100,100182,100,98579,100
2019-06-28 10:03:15.406165560,99651,164,99640,164,99734,164,99524,264,99755,100,99433,164,99794,164,99339,164,99820,164,99146,164,99821,84,99142,100,99964,100,98841,100,100017,100,98806,100,100018,200,98662,100,100075,100,98579,100
2019-06-28 10:03:20.000000000,99651,261,99640,261,99734,261,99524,361,99755,100,99433,100,99794,100,99339,100,99820,100,99146,100,99821,20,99142,100,99964,100,98841,100,100017,100,98806,100,100018,200,98662,100,100075,100,98579,100
2019-06-28 10:03:30.000000000,99651,164,99640,164,99734,164,99524,264,99755,164,99433,164,99794,164,99339,164,99820,164,99146,164,99821,20,99142,100,99964,100,98841,100,100017,100,98806,100,100018,200,98662,100,100075,100,98579,100
2019-06-28 10:03:33.375846355,99734,164,99651,36,99755,164,99640,164,99794,164,99524,264,99820,164,99433,164,99821,20,99339,164,99964,100,99146,164,100017,100,99142,100,100018,200,98841,100,100075,100,98806,100,100182,100,98662,100
2019-06-28 10:03:40.000000000,99734,180,99651,116,99755,180,99640,180,99794,180,99524,280,99820,180,99433,180,99821,20,99339,100,99964,100,99146,100,100017,100,99142,100,100018,200,98841,100,100075,100,98806,100,100182,100,98662,100
2019-06-28 10:03:46.108075934,99734,80,99651,116,99755,180,99640,180,99794,180,99524,280,99820,180,99433,180,99964,100,99339,100,100017,100,99146,100,100018,200,99142,100,100075,100,98841,100,100182,100,98806,100,100385,100,98662,100
2019-06-28 10:03:50.000000000,99755,422,99651,358,99794,100,99640,100,99820,100,99524,200,99964,100,99433,100,100017,100,99339,100,100018,200,99146,100,100075,100,99142,100,100182,100,98841,100,100385,100,98806,100,,,98662,100
2019-06-28 10:03:56.939458714,99755,422,99651,358,99794,100,99640,100,99820,100,99524,200,99964,100,99433,100,100017,100,99339,100,100018,200,99146,100,100075,100,99142,100,100131,100,98841,100,100182,100,98806,100,100385,100,98662,100
2019-06-28 10:04:00.000000000,99755,209,99651,145,99794,206,99640,206,99820,206,99524,306,99964,100,99433,100,100017,100,99339,100,100018,200,99146,100,100075,100,99142,100,100131,100,98841,100,100182,100,98806,100,100385,100,98662,100
2019-06-28 10:04:01.151765056,99755,209,99651,145,99794,206,99640,206,99820,206,99524,306,99964,100,99433,100,100017,100,99339,100,100018,200,99146,100,100075,100,99142,100,100101,100,98841,100,100131,100,98806,100,100182,100,98662,100
2019-06-28 10:04:06.212685904,99755,109,99651,145,99794,206,99640,206,99820,206,99524,306,99964,100,99433,100,100017,100,99339,100,100018,200,99146,100,100075,100,99142,100,100101,100,98841,100,100131,100,98806,100,100182,100,98662,100
2019-06-28 10:04:10.000000000,99794,422,99651,358,99820,100,99640,100,99964,100,99524,200,100017,100,99433,100,100018,200,99339,100,100075,100,99146,100,100101,100,99142,100,100131,100,98841,100,100182,100,98806,100,100385,100,98662,100
2019-06-28 10:04:14.060764660,99794,422,99651,358,99820,100,99640,100,99964,100,99524,200,100017,100,99433,100,100018,200,99339,100,100075,100,99146,100,100101,100,99142,100,100182,100,98841,100,100261,100,98806,100,100385,100,98662,100
2019-06-28 10:04:20.000000000,99794,261,99651,197,99820,261,99640,261,99964,100,99524,200,100017,100,99433,100,100018,200,99339,100,100075,100,99146,100,100101,100,99142,100,100182,100,98841,100,100261,100,98806,100,100385,100,98662,100
2019-06-28 10:04:22.693301568,99794,161,99651,197,99820,261,99640,261,99964,100,99524,200,100017,100,99433,100,100018,200,99339,100,100075,100,99146,100,100101,100,99142,100,100182,100,98841,100,100261,100,98806,100,100385,100,98662,100
2019-06-28 10:04:22.837900322,99794,61,99651,197,99820,261,99640,261,99964,100,99524,200,100017,100,99433,100,100018,200,99339,100,100075,100,99146,100,100101,100,99142,100,100182,100,98841,100,100261,100,98806,100,100385,100,98662,100
2019-06-28 10:04:30.000000000,99820,422,99651,358,99964,100,99640,100,100017,100,99524,200,100018,200,99433,100,100075,100,99339,100,100101,100,99146,100,100182,100,99142,100,100261,100,98841,100,100385,100,98806,100,,,98662,100
2019-06-28 10:04:40.000000000,99820,209,99651,145,99964,206,99640,206,100017,206,99524,306,100018,200,99433,100,100075,100,99339,100,100101,100,99146,100,100182,100,99142,100,100261,100,98841,100,100385,100,98806,100,,,98662,100
2019-06-28 10:04:40.269903731,99820,209,99651,145,99964,206,99640,206,100017,206,99524,306,100018,200,99433,100,100075,100,99339,100,100182,100,99146,100,100223,100,99142,100,100261,100,98841,100,100385,100,98806,100,,,98662,100
2019-06-28 10:04:50.000000000,99820,261,99651,197,99964,261,99640,261,100017,100,99524,200,100018,200,99433,100,100075,100,99339,100,100182,100,99146,100,100223,100,99142,100,100261,100,98841,100,100385,100,98806,100,,,98662,100
2019-06-28 10:05:00.000000000,99820,164,99651,100,99964,164,99640,164,100017,164,99524,264,100018,264,99433,164,100075,164,99339,164,100182,100,99146,100,100223,100,99142,100,100261,100,98841,100,100385,100,98806,100,,,98662,100
2019-06-28 10:05:03.502825985,99820,164,99651,100,99964,164,99640,164,100017,164,99524,264,100018,264,99433,164,100075,164,99339,164,100172,100,99146,100,100182,100,99142,100,100223,100,98841,100,100261,100,98806,100,100385,100,98662,100
2019-06-28 10:05:05.645958560,99820,164,99651,64,99964,164,99640,164,100017,164,99524,264,100018,264,99433,164,100075,164,99339,164,100172,100,99146,100,100182,100,99142,100,100223,100,98841,100,100233,100,98806,100,100261,100,98662,100
2019-06-28 10:05:10.000000000,99820,422,99640,422,99964,100,99524,200,100017,100,99433,100,100018,200,99339,100,100075,100,99146,100,100172,100,99142,100,100182,100,98841,100,100223,100,98806,100,100233,100,98662,100,100261,100,98579,100
2019-06-28 10:05:17.984490859,99820,322,99640,422,99964,100,99524,200,100017,100,99433,100,100018,200,99339,100,100075,100,99146,100,100172,100,99142,100,100182,100,98841,100,100223,100,98806,100,100233,100,98662,100,100261,100,98579,100
2019-06-28 10:05:20.000000000,99964,164,99640,164,100017,164,99524,264,100018,264,99433,164,100075,164,99339,164,100172,164,99146,164,100182,100,99142,100,100223,100,98841,100,100233,100,98806,100,100261,100,98662,100,100385,100,98579,100
2019-06-28 10:05:30.000000000,99964,422,99640,422,100017,100,99524,200,100018,200,99433,100,100075,100,99339,100,100172,100,99146,100,100182,100,99142,100,100223,100,98841,100,100233,100,98806,100,100261,100,98662,100,100385,100,98579,100
2019-06-28 10:05:40.000000000,99964,180,99640,180,100017,180,99524,280,100018,280,99433,180,100075,180,99339,180,100172,100,99146,100,100182,100,99142,100,100223,100,98841,100,100233,100,98806,100,100261,100,98662,100,100385,100,98579,100
2019-06-28 10:05:50.000000000,99964,180,99640,180,100017,180,99524,280,100018,280,99433,180,100075,180,99339,180,100172,100,99146,100,100182,100,99142,100,100223,100,98841,100,100233,100,98806,100,100261,100,98662,100,100385,100,98579,100
2019-06-28 10:06:00.000000000,99964,180,99640,180,100017,180,99524,280,100018,280,99433,180,100075,180,99339,180,100172,100,99146,100,100182,100,99142,100,100223,100,98841,100,100233,100,98806,100,100261,100,98662,100,100385,100,98579,100
2019-06-28 10:06:06.324860741,99964,180,99640,180,100017,180,99524,280,100018,280,99433,180,100075,180,99339,180,100172,100,99146,100,100182,100,99142,100,100223,100,98841,100,100233,100,98806,100,100261,100,98662,100,100385,100,98579,100
2019-06-28 10:06:10.000000000,99964,209,99640,209,100017,206,99524,306,100018,306,99433,206,100075,100,99339,100,100172,100,99146,100,100182,100,99142,100,100223,100,98841,100,100233,100,98806,100,100261,100,98662,100,100385,100,98579,100
2019-06-28 10:06:20.000000000,99964,261,99640,261,100017,261,99524,361,100018,200,99433,100,100075,100,99339,100,100172,100,99146,100,100182,100,99142,100,100223,100,98841,100,100233,100,98806,100,100261,100,98662,100,100385,100,98579,100
2019-06-28 10:06:30.000000000,99964,180,99640,180,100017,180,99524,280,100018,280,99433,180,100075,180,99339,180,100172,100,99146,100,100182,100,99142,100,100223,100,98841,100,100233,100,98806,100,100261,100,98662,100,100385,100,98579,100
2019-06-28 10:06:37.865987065,99964,180,99640,180,100017,180,99524,280,100018,280,99433,180,100075,180,99339,180,100076,100,99146,100,100172,100,99142,100,100182,100,98841,100,100223,100,98806,100,100233,100,98662,100,100261,100,98579,100
2019-06-28 10:06:40.000000000,99964,422,99640,422,100017,100,99524,200,100018,200,99433,100,100075,100,99339,100,100076,100,99146,100,100172,100,99142,100,100182,100,98841,100,100223,100,98806,100,100233,100,98662,100,100261,100,98579,100
2019-06-28 10:06:44.529794335,99964,422,99640,422,100017,100,99524,200,100018,200,99433,100,100075,100,99339,100,100076,100,99146,100,100172,100,99142,100,100182,100,98841,100,100197,100,98806,100,100223,100,98662,100,100233,100,98579,100
2019-06-28 10:06:50.000000000,99964,209,99640,209,100017,206,99524,306,100018,306,99433,206,100075,100,99339,100,100076,100,99146,100,100172,100,99142,100,100182,100,98841,100,100197,100,98806,100,100223,100,98662,100,100233,100,98579,100
2019-06-28 10:06:50.360600803,99964,109,99640,209,100017,206,99524,306,100018,306,99433,206,100075,100,99339,100,100076,100,99146,100,100172,100,99142,100,100182,100,98841,100,100223,100,98806,100,100233,100,98662,100,100261,100,98579,100
