,ask_price_1,ask_size_1,bid_price_1,bid_size_1,ask_price_2,ask_size_2,bid_price_2,bid_size_2,ask_price_3,ask_size_3,bid_price_3,bid_size_3,ask_price_4,ask_size_4,bid_price_4,bid_size_4,ask_price_5,ask_size_5,bid_price_5,bid_size_5,ask_price_6,ask_size_6,bid_price_6,bid_size_6,ask_price_7,ask_size_7,bid_price_7,bid_size_7,ask_price_8,ask_size_8,bid_price_8,bid_size_8,ask_price_9,ask_size_9,bid_price_9,bid_size_9,ask_price_10,ask_size_10,bid_price_10,bid_size_10
2019-06-28 09:30:00.000000001,100027,100,,,,,,,,,,,,,,,,,,,,,,,,,,,,,,,,,,,,,,
2019-06-28 09:30:00.000000002,100007,100,99984,100,100027,100,99868,100,,,,,,,,,,,,,,,,,,,,,,,,,,,,,,,,
2019-06-28 09:30:00.000000005,100007,100,99984,100,100027,100,99964,100,,,99868,100,,,,,,,,,,,,,,,,,,,,,,,,,,,,
2019-06-28 09:30:00.000000008,100007,100,99984,100,100027,100,99964,100,100070,100,99868,100,100107,100,,,,,,,,,,,,,,,,,,,,,,,,,,
2019-06-28 09:30:00.000000009,100007,100,99984,100,100027,100,99973,100,100070,100,99964,100,100107,100,99868,100,,,,,,,,,,,,,,,,,,,,,,,,
2019-06-28 09:30:00.000000014,100007,100,99984,100,100027,100,99973,100,100069,100,99964,100,100070,100,99868,100,100107,100,,,,,,,,,,,,,,,,,,,,,,
2019-06-28 09:30:00.000000015,100027,100,100006,100,100069,100,99984,100,100070,100,99973,100,100088,100,99964,100,100107,100,99868,100,,,,,,,,,,,,,,,,,,,,
2019-06-28 09:30:00.000000018,100027,100,100006,100,100069,100,99984,100,100070,100,99973,100,100088,100,99964,100,100104,100,99868,100,100107,100,,,,,,,,,,,,,,,,,,
2019-06-28 09:30:00.000000021,100027,100,99984,100,100069,100,99973,100,100070,100,99964,100,100088,100,99868,100,100104,100,,,100107,100,,,,,,,,,,,,,,,,,,
2019-06-28 09:30:00.000000022,100012,100,100006,100,100027,100,99984,100,100069,100,99973,100,100070,100,99964,100,100088,100,99868,100,100104,100,,,100107,100,,,,,,,,,,,,,,
2019-06-28 09:30:00.000000028,100012,100,100006,100,100027,100,99984,100,100039,100,99973,100,100051,100,99964,100,100069,100,99868,100,100070,100,,,100088,100,,,100104,100,,,100107,100,,,,,,
2019-06-28 09:30:00.000000030,100012,100,99984,100,100027,100,99973,100,100039,100,99964,100,100046,100,99868,100,100051,100,,,100069,100,,,100070,100,,,100088,100,,,100104,100,,,100107,100,,
2019-06-28 09:30:00.000000033,100006,100,99985,100,100012,100,99984,100,100027,100,99973,100,100039,100,99964,100,100046,100,99868,100,100051,100,,,100069,100,,,100070,100,,,100088,100,,,100104,100,,
2019-06-28 09:30:00.000000036,100006,100,99985,100,100012,100,99984,100,100027,100,99973,100,100034,100,99964,100,100039,100,99868,100,100046,100,,,100051,100,,,100069,100,,,100070,100,,,100088,100,,
2019-06-28 09:30:00.000000039,100006,100,99985,100,100012,100,99984,100,100027,100,99973,100,100034,100,99964,100,100039,100,99868,100,100046,100,,,100050,100,,,100051,100,,,100069,100,,,100070,100,,
2019-06-28 09:30:00.000000042,100006,100,99985,100,100012,100,99984,100,100027,100,99973,100,100034,100,99964,100,100039,100,99868,100,100046,100,,,100050,100,,,100051,100,,,100069,100,,,100070,100,,
2019-06-28 09:30:00.000000043,100006,100,99985,100,100012,100,99984,100,100027,100,99973,100,100034,100,99964,100,100039,100,99928,100,100046,100,99868,100,100050,100,,,100051,100,,,100069,100,,,100070,100,,
2019-06-28 09:30:00.000000044,100006,100,99985,100,100012,100,99984,100,100027,100,99973,100,100033,100,99964,100,100034,100,99928,100,100039,100,99868,100,100046,100,,,100050,100,,,100051,100,,,100069,100,,
2019-06-28 09:30:00.000000046,100006,100,99984,100,100012,100,99973,100,100027,100,99964,100,100033,100,99928,100,100034,100,99868,100,100039,100,,,100046,100,,,100050,100,,,100051,100,,,100069,100,,
2019-06-28 09:30:00.000000048,100005,100,99995,100,100006,100,99985,100,100012,100,99984,100,100027,100,99973,100,100033,100,99964,100,100034,100,99928,100,100039,100,99868,100,100046,100,,,100050,100,,,100051,100,,
2019-06-28 09:30:00.000000050,100006,100,99995,100,100012,100,99985,100,100027,100,99984,100,100033,100,99973,100,100034,100,99964,100,100039,100,99928,100,100046,100,99888,100,100050,100,99868,100,100051,100,,,100069,100,,
2019-06-28 09:30:00.000000052,100006,100,99995,100,100012,100,99985,100,100027,100,99984,100,100033,100,99973,100,100034,100,99964,100,100039,100,99928,100,100044,100,99888,100,100046,100,99868,100,100050,100,,,100051,100,,
2019-06-28 09:30:00.000000053,100006,100,99995,100,100012,100,99985,100,100027,100,99984,100,100033,100,99973,100,100034,100,99964,100,100039,100,99928,100,100044,100,99888,100,100046,100,99868,100,100050,100,,,100051,100,,
2019-06-28 09:30:00.000000056,100006,100,99995,100,100012,100,99985,100,100027,100,99984,100,100033,100,99973,100,100034,100,99964,100,100039,100,99928,100,100044,100,99888,100,100046,100,99868,100,100050,100,,,100051,100,,
2019-06-28 09:30:00.000000057,100012,100,99995,100,100027,100,99985,100,100033,100,99984,100,100034,100,99973,100,100039,100,99964,100,100044,100,99928,100,100046,100,99888,100,100050,100,99868,100,100051,100,,,100069,100,,
2019-06-28 09:30:00.000000060,100012,100,99995,100,100027,100,99985,100,100033,100,99984,100,100034,100,99973,100,100039,100,99964,100,100044,100,99928,100,100046,100,99888,100,100050,100,99868,100,100051,100,,,100069,100,,
2019-06-28 09:30:00.000000061,100006,100,99995,100,100012,100,99985,100,100027,100,99984,100,100033,100,99973,100,100034,100,99964,100,100039,100,99928,100,100044,100,99888,100,100046,100,99868,100,100050,100,,,100051,100,,
2019-06-28 09:30:00.000000062,100006,100,99995,100,100012,100,99985,100,100027,100,99984,100,100033,100,99973,100,100034,100,99964,100,100039,100,99928,100,100044,100,99890,100,100046,100,99888,100,100050,100,99868,100,100051,100,,
2019-06-28 09:30:00.000000067,100006,100,99995,100,100012,100,99985,100,100027,100,99984,100,100033,100,99973,100,100034,100,99969,100,100039,100,99964,100,100044,100,99928,100,100046,100,99890,100,100050,100,99888,100,100051,100,99868,100
2019-06-28 09:30:00.000000068,100006,100,99995,100,100012,100,99986,100,100027,100,99985,200,100033,100,99984,100,100034,100,99973,100,100039,100,99969,100,100044,100,99964,100,100046,100,99928,100,100050,100,99890,100,100051,100,99888,100
2019-06-28 09:30:00.000000069,100006,100,99995,100,100012,100,99993,100,100027,100,99986,100,100033,100,99985,200,100034,100,99984,100,100039,100,99979,100,100044,100,99973,100,100046,100,99969,100,100050,100,99964,100,100051,100,99928,100
2019-06-28 09:30:00.000000071,100012,100,100006,100,100027,100,99995,100,100033,100,99993,100,100034,100,99986,100,100039,100,99985,200,100044,100,99984,100,100046,100,99979,100,100050,100,99973,100,100051,100,99969,100,100069,100,99964,100
2019-06-28 09:30:00.000000075,100012,100,99995,100,100027,100,99993,100,100033,100,99986,100,100034,100,99985,200,100039,100,99984,100,100044,100,99979,100,100046,100,99973,100,100050,100,99969,100,100051,100,99964,100,100069,100,99928,100
2019-06-28 09:30:00.000000078,100012,100,99995,100,100027,100,99993,100,100033,100,99986,100,100034,100,99985,200,100039,100,99984,100,100044,100,99979,100,100046,100,99973,100,100050,100,99969,100,100051,100,99964,100,100069,100,99928,100
2019-06-28 09:30:00.000000079,100012,100,99995,100,100027,100,99993,100,100033,100,99986,100,100034,100,99985,200,100039,100,99984,100,100044,100,99982,100,100046,100,99979,100,100050,100,99973,100,100051,100,99969,100,100069,100,99964,100
2019-06-28 09:30:00.000000082,100012,100,100006,100,100027,100,99995,100,100033,100,99993,100,100034,100,99986,100,100039,100,99985,200,100044,100,99984,100,100046,100,99982,100,100050,100,99979,100,100051,100,99973,100,100069,100,99969,100
2019-06-28 09:30:00.000000086,100012,100,99995,100,100014,100,99993,100,100027,100,99986,100,100033,100,99985,200,100034,100,99984,100,100039,100,99982,100,100044,100,99979,100,100046,100,99973,100,100050,100,99969,100,100051,100,99964,100
2019-06-28 09:30:00.000000088,100014,100,99995,100,100027,100,99993,100,100033,100,99986,100,100034,100,99985,200,100039,100,99984,100,100044,100,99982,100,100046,100,99979,100,100050,100,99973,100,100051,100,99969,100,100069,100,99964,100
2019-06-28 09:30:00.000000089,100014,100,99995,100,100027,100,99993,100,100033,100,99986,100,100034,100,99985,200,100039,100,99984,100,100044,100,99982,100,100046,100,99979,100,100050,100,99973,100,100051,100,99969,100,100069,100,99964,100
2019-06-28 09:30:00.000000092,100027,100,99995,100,100033,100,99993,100,100034,100,99986,100,100039,100,99985,200,100044,100,99984,100,100046,100,99982,100,100050,100,99979,100,100051,100,99973,100,100069,100,99969,100,100070,100,99964,100
2019-06-28 09:30:00.000000093,100033,100,99995,100,100034,100,99993,100,100039,100,99986,100,100044,100,99985,200,100046,100,99984,100,100050,100,99982,100,100051,100,99979,100,100069,100,99973,100,100070,100,99969,100,100072,100,99964,100
2019-06-28 09:30:00.000000095,100033,100,99995,100,100034,100,99993,100,100039,100,99986,100,100044,100,99985,200,100046,100,99984,100,100050,100,99982,100,100051,100,99979,100,100069,100,99973,100,100070,100,99969,100,100072,100,99964,100
2019-06-28 09:30:00.000000096,100033,100,99995,100,100034,100,99993,100,100039,100,99986,100,100044,100,99985,200,100046,100,99984,100,100050,100,99982,100,100051,100,99979,100,100069,100,99973,100,100070,100,99969,100,100072,100,99964,100
2019-06-28 09:30:10.000000000,100033,289,99995,289,100034,289,99993,289,100039,100,99986,100,100044,100,99985,200,100046,100,99984,100,100050,100,99982,100,100051,100,99979,100,100069,100,99973,100,100070,100,99969,100,100072,100,99964,100
2019-06-28 09:30:20.000000000,100033,289,99995,289,100034,289,99993,289,100039,100,99986,100,100044,100,99985,200,100046,100,99984,100,100050,100,99982,100,100051,100,99979,100,100069,100,99973,100,100070,100,99969,100,100072,100,99964,100
2019-06-28 09:30:30.000000000,100033,289,99995,289,100034,289,99993,289,100039,100,99986,100,100044,100,99985,200,100046,100,99984,100,100050,100,99982,100,100051,100,99979,100,100069,100,99973,100,100070,100,99969,100,100072,100,99964,100
2019-06-28 09:30:33.984295041,100033,189,99995,289,100034,289,99993,289,100039,100,99986,100,100044,100,99985,200,100050,100,99984,100,100051,100,99982,100,100069,100,99979,100,100070,100,99973,100,100072,100,99969,100,100088,100,99964,100
2019-06-28 09:30:40.000000000,100034,176,99995,176,100039,176,99993,176,100044,176,99986,176,100050,176,99985,276,100051,176,99984,176,100069,100,99982,100,100070,100,99979,100,100072,100,99973,100,100088,100,99969,100,100089,100,99964,100
2019-06-28 09:30:40.430250312,100034,76,99995,176,100039,176,99993,176,100044,176,99986,176,100050,176,99985,276,100051,176,99984,176,100069,100,99982,100,100070,100,99979,100,100072,100,99973,100,100088,100,99969,100,100089,100,99964,100
2019-06-28 09:30:50.000000000,100039,229,99995,229,100044,225,99993,225,100050,225,99986,225,100051,100,99985,200,100069,100,99984,100,100070,100,99982,100,100072,100,99979,100,100088,100,99973,100,100089,100,99969,100,100094,100,99964,100
2019-06-28 09:30:51.723043063,100039,229,99995,229,100044,225,99993,225,100050,225,99986,225,100051,100,99985,200,100069,100,99984,100,100072,100,99982,100,100088,100,99979,100,100089,100,99973,100,100094,100,99969,100,100104,100,99964,100
2019-06-28 09:31:00.000000000,100039,229,99995,229,100044,225,99993,225,100050,225,99986,225,100051,100,99985,200,100069,100,99984,100,100072,100,99982,100,100088,100,99979,100,100089,100,99973,100,100094,100,99969,100,100104,100,99964,100
2019-06-28 09:31:01.907348372,100039,229,99995,229,100044,225,99993,225,100050,225,99986,225,100051,100,99985,200,100069,100,99984,100,100072,100,99982,100,100088,100,99979,100,100089,100,99973,100,100094,100,99969,100,100104,100,99964,100
2019-06-28 09:31:07.580172024,100039,229,100033,100,100044,225,99995,229,100050,225,99993,225,100051,100,99986,225,100069,100,99985,200,100072,100,99984,100,100088,100,99982,100,100089,100,99979,100,100094,100,99973,100,100104,100,99969,100
2019-06-28 09:31:10.000000000,100039,194,100033,194,100044,194,99995,194,100050,194,99993,194,100051,194,99986,194,100069,100,99985,200,100072,100,99984,100,100088,100,99982,100,100089,100,99979,100,100094,100,99973,100,100104,100,99969,100
2019-06-28 09:31:17.820708859,100039,94,100033,194,100044,194,99995,194,100050,194,99993,194,100051,194,99986,194,100069,100,99985,200,100072,100,99984,100,100088,100,99982,100,100089,100,99979,100,100094,100,99973,100,100104,100,99969,100
2019-06-28 09:31:20.000000000,100044,194,100033,194,100050,194,99995,194,100051,194,99993,194,100069,194,99986,194,100072,100,99985,200,100088,100,99984,100,100089,100,99982,100,100094,100,99979,100,100104,100,99973,100,100107,100,99969,100
2019-06-28 09:31:30.000000000,100044,229,100033,229,100050,225,99995,225,100051,225,99993,225,100069,100,99986,100,100072,100,99985,200,100088,100,99984,100,100089,100,99982,100,100094,100,99979,100,100104,100,99973,100,100107,100,99969,100
2019-06-28 09:31:40.000000000,100044,289,100033,289,100050,289,99995,289,100051,100,99993,100,100069,100,99986,100,100072,100,99985,200,100088,100,99984,100,100089,100,99982,100,100094,100,99979,100,100104,100,99973,100,100107,100,99969,100
2019-06-28 09:31:47.478569970,100044,289,100034,100,100050,289,100033,289,100051,100,99995,289,100069,100,99993,100,100072,100,99986,100,100088,100,99985,200,100089,100,99984,100,100094,100,99982,100,100104,100,99979,100,100107,100,99973,100
2019-06-28 09:31:50.000000000,100044,176,100034,176,100050,176,100033,176,100051,176,99995,176,100069,176,99993,176,100072,176,99986,176,100088,100,99985,200,100089,100,99984,100,100094,100,99982,100,100104,100,99979,100,100107,100,99973,100
2019-06-28 09:32:00.000000000,100044,176,100034,176,100050,176,100033,176,100051,176,99995,176,100069,176,99993,176,100072,176,99986,176,100088,100,99985,200,100089,100,99984,100,100094,100,99982,100,100104,100,99979,100,100107,100,99973,100
2019-06-28 09:32:10.000000000,100044,194,100034,194,100050,194,100033,194,100051,194,99995,194,100069,194,99993,194,100072,100,99986,100,100088,100,99985,200,100089,100,99984,100,100094,100,99982,100,100104,100,99979,100,100107,100,99973,100
2019-06-28 09:32:10.508263908,100044,94,100034,194,100050,194,100033,194,100051,194,99995,194,100069,194,99993,194,100072,100,99986,100,100088,100,99985,200,100089,100,99984,100,100094,100,99982,100,100104,100,99979,100,100107,100,99973,100
2019-06-28 09:32:16.521805644,100044,94,100039,100,100050,194,100034,194,100051,194,100033,194,100069,194,99995,194,100072,100,99993,194,100088,100,99986,100,100089,100,99985,200,100094,100,99984,100,100104,100,99982,100,100107,100,99979,100
2019-06-28 09:32:20.000000000,100050,176,100039,176,100051,176,100034,176,100069,176,100033,176,100072,176,99995,176,100088,176,99993,176,100089,100,99986,100,100094,100,99985,200,100104,100,99984,100,100107,100,99982,100,100128,100,99979,100
2019-06-28 09:32:30.000000000,100050,478,100039,478,100051,100,100034,100,100069,100,100033,100,100072,100,99995,100,100088,100,99993,100,100089,100,99986,100,100094,100,99985,200,100104,100,99984,100,100107,100,99982,100,100128,100,99979,100
2019-06-28 09:32:30.098781446,100050,378,100039,478,100051,100,100034,100,100069,100,100033,100,100072,100,99995,100,100088,100,99993,100,100089,100,99986,100,100094,100,99985,200,100104,100,99982,100,100107,100,99979,100,100128,100,99973,100
2019-06-28 09:32:40.000000000,100051,194,100039,194,100069,194,100034,194,100072,194,100033,194,100088,194,99995,194,100089,100,99993,100,100094,100,99986,100,100104,100,99985,200,100107,100,99982,100,100128,100,99979,100,100129,100,99973,100
2019-06-28 09:32:50.000000000,100051,176,100039,176,100069,176,100034,176,100072,176,100033,176,100088,176,99995,176,100089,176,99993,176,100094,100,99986,100,100104,100,99985,200,100107,100,99982,100,100128,100,99979,100,100129,100,99973,100
2019-06-28 09:33:00.000000000,100051,478,100039,478,100069,100,100034,100,100072,100,100033,100,100088,100,99995,100,100089,100,99993,100,100094,100,99986,100,100104,100,99985,200,100107,100,99982,100,100128,100,99979,100,100129,100,99973,100
2019-06-28 09:33:05.886221533,100051,378,100039,478,100069,100,100034,100,100072,100,100033,100,100088,100,99995,100,100089,100,99993,100,100094,100,99986,100,100104,100,99985,200,100107,100,99982,100,100128,100,99979,100,100129,100,99973,100
2019-06-28 09:33:06.163411027,100051,378,100039,478,100069,100,100034,100,100072,100,100033,100,100088,100,99995,100,100089,100,99993,100,100094,100,99986,100,100104,100,99985,200,100107,100,99982,100,100129,100,99979,100,100148,100,99973,100
2019-06-28 09:33:10.000000000,100069,176,100039,176,100072,176,100034,176,100088,176,100033,176,100089,176,99995,176,100094,176,99993,176,100104,100,99986,100,100107,100,99985,200,100129,100,99982,100,100148,100,99979,100,100197,100,99973,100
2019-06-28 09:33:20.000000000,100069,176,100039,176,100072,176,100034,176,100088,176,100033,176,100089,176,99995,176,100094,176,99993,176,100104,100,99986,100,100107,100,99985,200,100129,100,99982,100,100148,100,99979,100,100197,100,99973,100
2019-06-28 09:33:30.000000000,100069,194,100039,194,100072,194,100034,194,100088,194,100033,194,100089,194,99995,194,100094,100,99993,100,100104,100,99986,100,100107,100,99985,200,100129,100,99982,100,100148,100,99979,100,100197,100,99973,100
2019-06-28 09:33:36.490337487,100069,194,100039,194,100072,194,100034,194,100088,194,100033,194,100089,194,99995,194,100094,100,99993,100,100104,100,99986,100,100107,100,99985,200,100129,100,99982,100,100197,100,99979,100,100329,100,99973,100
2019-06-28 09:33:40.000000000,100069,194,100039,194,100072,194,100034,194,100088,194,100033,194,100089,194,99995,194,100094,100,99993,100,100104,100,99986,100,100107,100,99985,200,100129,100,99982,100,100197,100,99979,100,100329,100,99973,100
2019-06-28 09:33:50.000000000,100069,289,100039,289,100072,289,100034,289,100088,100,100033,100,100089,100,99995,100,100094,100,99993,100,100104,100,99986,100,100107,100,99985,200,100129,100,99982,100,100197,100,99979,100,100329,100,99973,100
2019-06-28 09:34:00.000000000,100069,194,100039,194,100072,194,100034,194,100088,194,100033,194,100089,194,99995,194,100094,100,99993,100,100104,100,99986,100,100107,100,99985,200,100129,100,99982,100,100197,100,99979,100,100329,100,99973,100
2019-06-28 09:34:02.695302594,100069,194,100039,94,100072,194,100034,194,100088,194,100033,194,100089,194,99995,194,100094,100,99993,100,100104,100,99986,100,100107,100,99985,200,100129,100,99982,100,100197,100,99979,100,100329,100,99973,100
2019-06-28 09:34:10.000000000,100069,176,100034,176,100072,176,100033,176,100088,176,99995,176,100089,176,99993,176,100094,176,99986,176,100104,100,99985,200,100107,100,99982,100,100129,100,99979,100,100197,100,99973,100,100329,100,99969,100
2019-06-28 09:34:20.000000000,100069,289,100034,289,100072,289,100033,289,100088,100,99995,100,100089,100,99993,100,100094,100,99986,100,100104,100,99985,200,100107,100,99982,100,100129,100,99979,100,100197,100,99973,100,100329,100,99969,100
2019-06-28 09:34:30.000000000,100069,478,100034,478,100072,100,100033,100,100088,100,99995,100,100089,100,99993,100,100094,100,99986,100,100104,100,99985,200,100107,100,99982,100,100129,100,99979,100,100197,100,99973,100,100329,100,99969,100
2019-06-28 09:34:40.000000000,100069,478,100034,478,100072,100,100033,100,100088,100,99995,100,100089,100,99993,100,100094,100,99986,100,100104,100,99985,200,100107,100,99982,100,100129,100,99979,100,100197,100,99973,100,100329,100,99969,100
2019-06-28 09:34:41.903091442,100069,478,100034,478,100072,100,100033,100,100089,100,99995,100,100094,100,99993,100,100104,100,99988,100,100107,100,99986,100,100129,100,99985,200,100197,100,99982,100,100329,100,99979,100,100396,100,99973,100
2019-06-28 09:34:50.000000000,100069,194,100034,194,100072,194,100033,194,100089,194,99995,194,100094,194,99993,194,100104,100,99988,100,100107,100,99986,100,100129,100,99985,200,100197,100,99982,100,100329,100,99979,100,100396,100,99973,100
2019-06-28 09:35:00.000000000,100069,289,100034,289,100072,289,100033,289,100089,100,99995,100,100094,100,99993,100,100104,100,99988,100,100107,100,99986,100,100129,100,99985,200,100197,100,99982,100,100329,100,99979,100,100396,100,99973,100
2019-06-28 09:35:10.000000000,100069,176,100034,176,100072,176,100033,176,100089,176,99995,176,100094,176,99993,176,100104,176,99988,176,100107,100,99986,100,100129,100,99985,200,100197,100,99982,100,100329,100,99979,100,100396,100,99973,100
2019-06-28 09:35:20.000000000,100069,478,100034,478,100072,100,100033,100,100089,100,99995,100,100094,100,99993,100,100104,100,99988,100,100107,100,99986,100,100129,100,99985,200,100197,100,99982,100,100329,100,99979,100,100396,100,99973,100
2019-06-28 09:35:30.000000000,100069,176,100034,176,100072,176,100033,176,100089,176,99995,176,100094,176,99993,176,100104,176,99988,176,100107,100,99986,100,100129,100,99985,200,100197,100,99982,100,100329,100,99979,100,100396,100,99973,100
2019-06-28 09:35:40.000000000,100069,478,100034,478,100072,100,100033,100,100089,100,99995,100,100094,100,99993,100,100104,100,99988,100,100107,100,99986,100,100129,100,99985,200,100197,100,99982,100,100329,100,99979,100,100396,100,99973,100
2019-06-28 09:35:50.000000000,100069,289,100034,289,100072,289,100033,289,100089,100,99995,100,100094,100,99993,100,100104,100,99988,100,100107,100,99986,100,100129,100,99985,200,100197,100,99982,100,100329,100,99979,100,100396,100,99973,100
2019-06-28 09:36:00.000000000,100069,194,100034,194,100072,194,100033,194,100089,194,99995,194,100094,194,99993,194,100104,100,99988,100,100107,100,99986,100,100129,100,99985,200,100197,100,99982,100,100329,100,99979,100,100396,100,99973,100
2019-06-28 09:36:10.000000000,100069,229,100034,229,100072,225,100033,225,100089,225,99995,225,100094,100,99993,100,100104,100,99988,100,100107,100,99986,100,100129,100,99985,200,100197,100,99982,100,100329,100,99979,100,100396,100,99973,100
2019-06-28 09:36:20.000000000,100069,194,100034,194,100072,194,100033,194,100089,194,99995,194,100094,194,99993,194,100104,100,99988,100,100107,100,99986,100,100129,100,99985,200,100197,100,99982,100,100329,100,99979,100,100396,100,99973,100
2019-06-28 09:36:23.100186910,100069,194,100034,194,100071,100,100033,194,100072,194,99995,194,100089,194,99993,194,100094,194,99988,100,100104,100,99986,100,100107,100,99985,200,100129,100,99982,100,100197,100,99979,100,100329,100,99973,100
2019-06-28 09:36:30.000000000,100069,289,100034,289,100071,289,100033,289,100072,100,99995,100,100089,100,99993,100,100094,100,99988,100,100104,100,99986,100,100107,100,99985,200,100129,100,99982,100,100197,100,99979,100,100329,100,99973,100
2019-06-28 09:36:40.000000000,100069,289,100034,289,100071,289,100033,289,100072,100,99995,100,100089,100,99993,100,100094,100,99988,100,100104,100,99986,100,100107,100,99985,200,100129,100,99982,100,100197,100,99979,100,100329,100,99973,100
2019-06-28 09:36:50.000000000,100069,478,100034,478,100071,100,100033,100,100072,100,99995,100,100089,100,99993,100,100094,100,99988,100,100104,100,99986,100,100107,100,99985,200,100129,100,99982,100,100197,100,99979,100,100329,100,99973,100
2019-06-28 09:36:57.125822093,100050,100,100034,478,100069,478,100033,100,100071,100,99995,100,100072,100,99993,100,100089,100,99988,100,100094,100,99986,100,100104,100,99985,200,100107,100,99982,100,100129,100,99979,100,100197,100,99973,100
2019-06-28 09:37:00.000000000,100050,229,100034,229,100069,225,100033,225,100071,225,99995,225,100072,100,99993,100,100089,100,99988,100,100094,100,99986,100,100104,100,99985,200,100107,100,99982,100,100129,100,99979,100,100197,100,99973,100
2019-06-28 09:37:10.000000000,100050,289,100034,289,100069,289,100033,289,100071,100,99995,100,100072,100,99993,100,100089,100,99988,100,100094,100,99986,100,100104,100,99985,200,100107,100,99982,100,100129,100,99979,100,100197,100,99973,100
2019-06-28 09:37:20.000000000,100050,176,100034,176,100069,176,100033,176,100071,176,99995,176,100072,176,99993,176,100089,176,99988,176,100094,100,99986,100,100104,100,99985,200,100107,100,99982,100,100129,100,99979,100,100197,100,99973,100
2019-06-28 09:37:30.000000000,100050,289,100034,289,100069,289,100033,289,100071,100,99995,100,100072,100,99993,100,100089,100,99988,100,100094,100,99986,100,100104,100,99985,200,100107,100,99982,100,100129,100,99979,100,100197,100,99973,100
2019-06-28 09:37:39.646989630,100050,189,100034,289,100069,289,100033,289,100071,100,99995,100,100072,100,99993,100,100089,100,99988,100,100094,100,99986,100,100104,100,99985,200,100107,100,99982,100,100129,100,99979,100,100197,100,99973,100
2019-06-28 09:37:40.000000000,100069,194,100034,194,100071,194,100033,194,100072,194,99995,194,100089,194,99993,194,100094,100,99988,100,100104,100,99986,100,100107,100,99985,200,100129,100,99982,100,100197,100,99979,100,100329,100,99973,100
2019-06-28 09:37:44.585809881,100069,194,100034,194,100071,194,100033,194,100072,194,99995,194,100089,194,99993,194,100094,100,99988,100,100104,100,99986,100,100107,100,99985,200,100129,100,99982,100,100197,100,99979,100,100329,100,99973,100
2019-06-28 09:37:46.741599586,100069,194,100034,94,100071,194,100033,194,100072,194,99995,194,100089,194,99993,194,100094,100,99988,100,100104,100,99986,100,100107,100,99985,200,100129,100,99982,100,100197,100,99979,100,100329,100,99973,100
2019-06-28 09:37:50.000000000,100069,478,100033,478,100071,100,99995,100,100072,100,99993,100,100089,100,99988,100,100094,100,99986,100,100104,100,99985,200,100107,100,99982,100,100129,100,99979,100,100197,100,99973,100,100329,100,99969,100
2019-06-28 09:38:00.000000000,100069,194,100033,194,100071,194,99995,194,100072,194,99993,194,100089,194,99988,194,100094,100,99986,100,100104,100,99985,200,100107,100,99982,100,100129,100,99979,100,100197,100,99973,100,100329,100,99969,100
2019-06-28 09:38:10.000000000,100069,229,100033,229,100071,225,99995,225,100072,225,99993,225,100089,100,99988,100,100094,100,99986,100,100104,100,99985,200,100107,100,99982,100,100129,100,99979,100,100197,100,99973,100,100329,100,99969,100
2019-06-28 09:38:11.786351362,100069,229,100033,229,100071,225,99995,225,100072,225,99993,225,100089,100,99988,100,100094,100,99986,100,100104,100,99985,200,100107,100,99982,100,100129,100,99979,100,100197,100,99973,100,100329,100,99969,100
2019-06-28 09:38:12.615384967,100069,229,100033,229,100071,225,99995,225,100072,225,99993,225,100089,100,99988,100,100094,100,99986,100,100104,100,99985,200,100107,100,99982,100,100129,100,99979,100,100197,100,99973,100,100329,100,99969,100
2019-06-28 09:38:20.000000000,100069,194,100033,194,100071,194,99995,194,100072,194,99993,194,100089,194,99988,194,100094,100,99986,100,100104,100,99985,200,100107,100,99982,100,100129,100,99979,100,100197,100,99973,100,100329,100,99969,100
2019-06-28 09:38:30.000000000,100069,289,100033,289,100071,289,99995,289,100072,100,99993,100,100089,100,99988,100,100094,100,99986,100,100104,100,99985,200,100107,100,99982,100,100129,100,99979,100,100197,100,99973,100,100329,100,99969,100
2019-06-28 09:38:40.000000000,100069,176,100033,176,100071,176,99995,176,100072,176,99993,176,100089,176,99988,176,100094,176,99986,176,100104,100,99985,200,100107,100,99982,100,100129,100,99979,100,100197,100,99973,100,100329,100,99969,100
2019-06-28 09:38:50.000000000,100069,194,100033,194,100071,194,99995,194,100072,194,99993,194,100089,194,99988,194,100094,100,99986,100,100104,100,99985,200,100107,100,99982,100,100129,100,99979,100,100197,100,99973,100,100329,100,99969,100
2019-06-28 09:38:57.480341089,100049,100,100033,194,100069,194,99995,194,100071,194,99993,194,100072,194,99988,194,100089,194,99986,100,100094,100,99985,100,100104,100,99982,100,100107,100,99979,100,100129,100,99973,100,100197,100,99969,100
2019-06-28 09:39:00.000000000,100049,229,100033,229,100069,225,99995,225,100071,225,99993,225,100072,100,99988,100,100089,100,99986,100,100094,100,99985,100,100104,100,99982,100,100107,100,99979,100,100129,100,99973,100,100197,100,99969,100
2019-06-28 09:39:02.125758078,100049,229,100033,229,100069,225,99995,125,100071,225,99993,225,100072,100,99988,100,100089,100,99986,100,100094,100,99985,100,100104,100,99982,100,100107,100,99979,100,100129,100,99973,100,100197,100,99969,100
2019-06-28 09:39:10.000000000,100049,229,100033,229,100069,225,99993,225,100071,225,99988,225,100072,100,99986,100,100089,100,99985,100,100094,100,99982,100,100104,100,99979,100,100107,100,99973,100,100129,100,99969,100,100197,100,99928,100
2019-06-28 09:39:20.000000000,100049,229,100033,229,100069,225,99993,225,100071,225,99988,225,100072,100,99986,100,100089,100,99985,100,100094,100,99982,100,100104,100,99979,100,100107,100,99973,100,100129,100,99969,100,100197,100,99928,100
2019-06-28 09:39:30.000000000,100049,289,100033,289,100069,289,99993,289,100071,100,99988,100,100072,100,99986,100,100089,100,99985,100,100094,100,99982,100,100104,100,99979,100,100107,100,99973,100,100129,100,99969,100,100197,100,99928,100
2019-06-28 09:39:40.000000000,100049,176,100033,176,100069,176,99993,176,100071,176,99988,176,100072,176,99986,176,100089,176,99985,176,100094,100,99982,100,100104,100,99979,100,100107,100,99973,100,100129,100,99969,100,100197,100,99928,100
2019-06-28 09:39:43.659526245,100049,176,100033,76,100069,176,99993,176,100071,176,99988,176,100072,176,99986,176,100089,176,99985,176,100094,100,99982,100,100104,100,99979,100,100107,100,99973,100,100129,100,99969,100,100197,100,99928,100
2019-06-28 09:39:50.000000000,100049,176,99993,176,100069,176,99988,176,100071,176,99986,176,100072,176,99985,176,100089,176,99982,176,100094,100,99979,100,100104,100,99973,100,100107,100,99969,100,100129,100,99928,100,100197,100,99904,100
2019-06-28 09:39:52.928848756,100034,100,99993,176,100049,176,99988,176,100069,176,99986,176,100071,176,99985,176,100072,176,99982,176,100089,176,99979,100,100094,100,99973,100,100104,100,99969,100,100107,100,99928,100,100129,100,99904,100
2019-06-28 09:40:00.000000000,100034,229,99993,229,100049,225,99988,225,100069,225,99986,225,100071,100,99985,100,100072,100,99982,100,100089,100,99979,100,100094,100,99973,100,100104,100,99969,100,100107,100,99928,100,100129,100,99904,100
2019-06-28 09:40:10.000000000,100034,229,99993,229,100049,225,99988,225,100069,225,99986,225,100071,100,99985,100,100072,100,99982,100,100089,100,99979,100,100094,100,99973,100,100104,100,99969,100,100107,100,99928,100,100129,100,99904,100
2019-06-28 09:40:14.256780086,100034,229,99993,229,100049,225,99988,225,100069,225,99986,225,100071,100,99985,100,100072,100,99982,100,100089,100,99979,100,100094,100,99973,100,100104,100,99969,100,100107,100,99928,100,100129,100,99904,100
2019-06-28 09:40:20.000000000,100034,289,99993,289,100049,289,99988,289,100069,100,99986,100,100071,100,99985,100,100072,100,99982,100,100089,100,99979,100,100094,100,99973,100,100104,100,99969,100,100107,100,99928,100,100129,100,99904,100
2019-06-28 09:40:25.358864178,100034,289,99993,289,100049,289,99988,289,100069,100,99986,100,100071,100,99985,100,100072,100,99982,100,100089,100,99979,100,100094,100,99973,100,100104,100,99969,100,100107,100,99928,100,100129,100,99904,100
2019-06-28 09:40:30.000000000,100034,289,99993,289,100049,289,99988,289,100069,100,99986,100,100071,100,99985,100,100072,100,99982,100,100089,100,99979,100,100094,100,99973,100,100104,100,99969,100,100107,100,99928,100,100129,100,99904,100
2019-06-28 09:40:40.000000000,100034,176,99993,176,100049,176,99988,176,100069,176,99986,176,100071,176,99985,176,100072,176,99982,176,100089,100,99979,100,100094,100,99973,100,100104,100,99969,100,100107,100,99928,100,100129,100,99904,100
2019-06-28 09:40:42.185174620,100034,276,99993,176,100049,176,99988,176,100069,176,99986,176,100071,176,99985,176,100072,176,99982,176,100089,100,99979,100,100094,100,99973,100,100104,100,99969,100,100107,100,99928,100,100129,100,99904,100
2019-06-28 09:40:50.000000000,100034,329,99993,229,100049,225,99988,225,100069,225,99986,225,100071,100,99985,100,100072,100,99982,100,100089,100,99979,100,100094,100,99973,100,100104,100,99969,100,100107,100,99928,100,100129,100,99904,100
2019-06-28 09:41:00.000000000,100034,294,99993,194,100049,194,99988,194,100069,194,99986,194,100071,194,99985,194,100072,100,99982,100,100089,100,99979,100,100094,100,99973,100,100104,100,99969,100,100107,100,99928,100,100129,100,99904,100
2019-06-28 09:41:06.758904212,100034,294,99993,194,100049,194,99988,194,100069,194,99986,194,100071,194,99985,194,100072,100,99982,100,100089,100,99979,100,100094,100,99973,100,100104,100,99969,100,100107,100,99928,100,100129,100,99904,100
2019-06-28 09:41:10.000000000,100034,329,99993,229,100049,225,99988,225,100069,225,99986,225,100071,100,99985,100,100072,100,99982,100,100089,100,99979,100,100094,100,99973,100,100104,100,99969,100,100107,100,99928,100,100129,100,99904,100
2019-06-28 09:41:14.620625762,100034,329,99993,229,100049,225,99988,225,100069,225,99986,225,100071,100,99985,100,100072,100,99982,100,100089,100,99979,100,100094,100,99973,100,100104,100,99969,100,100107,100,99904,100,100129,100,99890,100
2019-06-28 09:41:20.000000000,100034,578,99993,478,100049,100,99988,100,100069,100,99986,100,100071,100,99985,100,100072,100,99982,100,100089,100,99979,100,100094,100,99973,100,100104,100,99969,100,100107,100,99904,100,100129,100,99890,100
2019-06-28 09:41:30.000000000,100034,389,99993,289,100049,289,99988,289,100069,100,99986,100,100071,100,99985,100,100072,100,99982,100,100089,100,99979,100,100094,100,99973,100,100104,100,99969,100,100107,100,99904,100,100129,100,99890,100
2019-06-28 09:41:40.000000000,100034,389,99993,289,100049,289,99988,289,100069,100,99986,100,100071,100,99985,100,100072,100,99982,100,100089,100,99979,100,100094,100,99973,100,100104,100,99969,100,100107,100,99904,100,100129,100,99890,100
2019-06-28 09:41:41.428036077,100034,289,99993,289,100049,289,99988,289,100069,100,99986,100,100071,100,99985,100,100072,100,99982,100,100089,100,99979,100,100094,100,99973,100,100104,100,99969,100,100107,100,99904,100,100129,100,99890,100
2019-06-28 09:41:44.326790017,100034,289,99993,289,100049,289,99988,289,100069,100,99986,100,100071,100,99985,100,100072,100,99982,100,100089,100,99979,100,100094,100,99973,100,100104,100,99969,100,100107,100,99904,100,100129,100,99890,100
2019-06-28 09:41:46.984478073,100034,289,99993,189,100049,289,99988,289,100069,100,99986,100,100071,100,99985,100,100072,100,99982,100,100089,100,99979,100,100094,100,99973,100,100104,100,99969,100,100107,100,99904,100,100129,100,99890,100
2019-06-28 09:41:50.000000000,100034,478,99988,478,100049,100,99986,100,100069,100,99985,100,100071,100,99982,100,100072,100,99979,100,100089,100,99973,100,100094,100,99969,100,100104,100,99904,100,100107,100,99890,100,100129,100,99888,200
2019-06-28 09:42:00.000000000,100034,478,99988,478,100049,100,99986,100,100069,100,99985,100,100071,100,99982,100,100072,100,99979,100,100089,100,99973,100,100094,100,99969,100,100104,100,99904,100,100107,100,99890,100,100129,100,99888,200
2019-06-28 09:42:06.155544187,100034,478,99988,378,100049,100,99986,100,100069,100,99985,100,100071,100,99982,100,100072,100,99979,100,100089,100,99973,100,100094,100,99969,100,100104,100,99904,100,100107,100,99890,100,100129,100,99888,200
2019-06-28 09:42:06.668284197,100034,478,99988,278,100049,100,99986,100,100069,100,99985,100,100071,100,99982,100,100089,100,99979,100,100094,100,99973,100,100104,100,99969,100,100107,100,99904,100,100129,100,99890,100,100197,100,99888,200
2019-06-28 09:42:08.535019892,100034,478,99988,178,100049,100,99986,100,100069,100,99985,100,100071,100,99982,100,100089,100,99979,100,100094,100,99973,100,100104,100,99969,100,100107,100,99904,100,100129,100,99890,100,100197,100,99888,200
2019-06-28 09:42:10.000000000,100034,194,99986,194,100049,194,99985,194,100069,194,99982,194,100071,194,99979,194,100089,100,99973,100,100094,100,99969,100,100104,100,99904,100,100107,100,99890,100,100129,100,99888,200,100197,100,99868,100
2019-06-28 09:42:17.223220449,100034,194,99986,94,100049,194,99985,194,100069,194,99982,194,100071,194,99979,194,100089,100,99973,100,100094,100,99969,100,100104,100,99904,100,100107,100,99890,100,100129,100,99888,200,100197,100,99868,100
2019-06-28 09:42:20.000000000,100034,176,99985,176,100049,176,99982,176,100069,176,99979,176,100071,176,99973,176,100089,176,99969,176,100094,100,99904,100,100104,100,99890,100,100107,100,99888,200,100129,100,99868,100,100197,100,99749,100
2019-06-28 09:42:20.744923083,99988,100,99985,176,100034,176,99982,176,100049,176,99979,176,100069,176,99973,176,100071,176,99969,176,100089,176,99904,100,100094,100,99890,100,100104,100,99888,200,100107,100,99868,100,100129,100,99749,100
2019-06-28 09:42:30.000000000,99988,229,99985,229,100034,225,99982,225,100049,225,99979,225,100069,100,99973,100,100071,100,99969,100,100089,100,99904,100,100094,100,99890,100,100104,100,99888,200,100107,100,99868,100,100129,100,99749,100
2019-06-28 09:42:35.807729123,99988,229,99985,129,100034,225,99982,225,100049,225,99979,225,100069,100,99973,100,100071,100,99969,100,100089,100,99904,100,100094,100,99890,100,100104,100,99888,200,100107,100,99868,100,100129,100,99749,100
2019-06-28 09:42:40.000000000,99988,289,99982,289,100034,289,99979,289,100049,100,99973,100,100069,100,99969,100,100071,100,99904,100,100089,100,99890,100,100094,100,99888,200,100104,100,99868,100,100107,100,99749,100,100129,100,99500,100
2019-06-28 09:42:50.000000000,99988,229,99982,229,100034,225,99979,225,100049,225,99973,225,100069,100,99969,100,100071,100,99904,100,100089,100,99890,100,100094,100,99888,200,100104,100,99868,100,100107,100,99749,100,100129,100,99500,100
2019-06-28 09:42:59.191152934,99988,229,99982,129,100034,225,99979,225,100049,225,99973,225,100069,100,99969,100,100071,100,99904,100,100089,100,99890,100,100094,100,99888,200,100104,100,99868,100,100107,100,99749,100,100129,100,99500,100
2019-06-28 09:43:00.000000000,99988,478,99979,478,100034,100,99973,100,100049,100,99969,100,100069,100,99904,100,100071,100,99890,100,100089,100,99888,200,100094,100,99868,100,100104,100,99749,100,100107,100,99500,100,100129,100,99466,100
2019-06-28 09:43:10.000000000,99988,194,99979,194,100034,194,99973,194,100049,194,99969,194,100069,194,99904,194,100071,100,99890,100,100089,100,99888,200,100094,100,99868,100,100104,100,99749,100,100107,100,99500,100,100129,100,99466,100
2019-06-28 09:43:20.000000000,99988,229,99979,229,100034,225,99973,225,100049,225,99969,225,100069,100,99904,100,100071,100,99890,100,100089,100,99888,200,100094,100,99868,100,100104,100,99749,100,100107,100,99500,100,100129,100,99466,100
2019-06-28 09:43:21.044762863,99988,229,99979,229,100034,225,99973,225,100049,225,99969,225,100069,100,99904,100,100071,100,99890,100,100089,100,99888,200,100094,100,99868,100,100104,100,99749,100,100107,100,99613,100,100129,100,99466,100
2019-06-28 09:43:30.000000000,99988,194,99979,194,100034,194,99973,194,100049,194,99969,194,100069,194,99904,194,100071,100,99890,100,100089,100,99888,200,100094,100,99868,100,100104,100,99749,100,100107,100,99613,100,100129,100,99466,100
2019-06-28 09:43:30.468778134,99985,100,99979,194,99988,194,99973,194,100034,194,99969,194,100049,194,99904,194,100069,194,99890,100,100071,100,99888,200,100089,100,99868,100,100094,100,99749,100,100104,100,99613,100,100107,100,99466,100
2019-06-28 09:43:34.104829226,99985,100,99979,194,99988,194,99973,194,100034,194,99969,194,100049,194,99904,194,100069,194,99890,100,100071,100,99888,200,100089,100,99868,100,100094,100,99749,100,100104,100,99613,100,100107,100,99466,100
2019-06-28 09:43:40.000000000,99985,289,99979,289,99988,289,99973,289,100034,100,99969,100,100049,100,99904,100,100069,100,99890,100,100071,100,99888,200,100089,100,99868,100,100094,100,99749,100,100104,100,99613,100,100107,100,99466,100
2019-06-28 09:43:50.000000000,99985,289,99979,289,99988,289,99973,289,100034,100,99969,100,100049,100,99904,100,100069,100,99890,100,100071,100,99888,200,100089,100,99868,100,100094,100,99749,100,100104,100,99613,100,100107,100,99466,100
2019-06-28 09:43:58.016523768,99985,289,99979,189,99988,289,99973,289,100034,100,99969,100,100049,100,99904,100,100069,100,99890,100,100089,100,99888,200,100094,100,99868,100,100104,100,99749,100,100107,100,99613,100,100197,100,99466,100
2019-06-28 09:43:58.176228837,99985,289,99979,189,99988,289,99973,289,100034,100,99969,100,100049,100,99904,100,100069,100,99890,100,100089,100,99888,200,100094,100,99868,100,100104,100,99749,100,100107,100,99613,100,100197,100,99466,100
2019-06-28 09:43:58.926600154,99982,100,99979,189,99985,289,99973,289,99988,289,99969,100,100049,100,99904,100,100069,100,99890,100,100089,100,99888,200,100094,100,99868,100,100104,100,99749,100,100107,100,99613,100,100197,100,99466,100
2019-06-28 09:44:00.000000000,99982,478,99973,478,99985,100,99969,100,99988,100,99904,100,100049,100,99890,100,100069,100,99888,200,100089,100,99868,100,100094,100,99749,100,100104,100,99613,100,100107,100,99466,100,100197,100,99462,100
2019-06-28 09:44:10.000000000,99982,176,99973,176,99985,176,99969,176,99988,176,99904,176,100049,176,99890,176,100069,176,99888,276,100089,100,99868,100,100094,100,99749,100,100104,100,99613,100,100107,100,99466,100,100197,100,99462,100
2019-06-28 09:44:14.667988859,99982,176,99973,176,99985,176,99969,176,99988,176,99904,176,100049,176,99890,176,100069,176,99888,276,100089,100,99868,100,100094,100,99749,100,100104,100,99613,100,100107,100,99466,100,100197,100,99462,100
2019-06-28 09:44:16.301541637,99982,176,99973,176,99985,176,99969,176,99988,176,99904,176,100049,176,99890,176,100069,176,99888,276,100089,100,99868,100,100094,100,99749,100,100104,100,99613,100,100107,100,99466,100,100197,100,99462,100
2019-06-28 09:44:20.000000000,99982,229,99973,229,99985,225,99969,225,99988,225,99904,225,100049,100,99890,100,100069,100,99888,200,100089,100,99868,100,100094,100,99749,100,100104,100,99613,100,100107,100,99466,100,100197,100,99462,100
2019-06-28 09:44:30.000000000,99982,194,99973,194,99985,194,99969,194,99988,194,99904,194,100049,194,99890,194,100069,100,99888,200,100089,100,99868,100,100094,100,99749,100,100104,100,99613,100,100107,100,99466,100,100197,100,99462,100
2019-06-28 09:44:31.465976262,99982,194,99973,94,99985,194,99969,194,99988,194,99904,194,100049,194,99890,194,100069,100,99888,200,100089,100,99868,100,100094,100,99749,100,100104,100,99613,100,100107,100,99466,100,100197,100,99462,100
2019-06-28 09:44:37.388614418,99979,100,99973,94,99982,94,99969,194,99985,194,99904,194,99988,194,99890,194,100049,194,99888,200,100069,100,99868,100,100089,100,99749,100,100094,100,99613,100,100104,100,99466,100,100107,100,99462,100
2019-06-28 09:44:40.000000000,99979,229,99969,229,99985,225,99904,225,99988,225,99890,225,100049,100,99888,200,100069,100,99868,100,100089,100,99749,100,100094,100,99613,100,100104,100,99466,100,100107,100,99462,100,100197,100,99357,100
2019-06-28 09:44:48.545231213,99979,229,99969,229,99985,225,99904,225,99988,225,99890,225,100049,100,99888,200,100069,100,99868,100,100089,100,99749,100,100094,100,99613,100,100104,100,99466,100,100107,100,99462,100,100197,100,99368,100
2019-06-28 09:44:48.826483561,99979,229,99969,229,99985,225,99904,225,99988,225,99890,225,100049,100,99888,200,100069,100,99868,100,100089,100,99749,100,100094,100,99613,100,100104,100,99466,100,100107,100,99462,100,100197,100,99368,100
2019-06-28 09:44:50.000000000,99979,478,99969,478,99985,100,99904,100,99988,100,99890,100,100049,100,99888,200,100069,100,99868,100,100089,100,99749,100,100094,100,99613,100,100104,100,99466,100,100107,100,99462,100,100197,100,99368,100
2019-06-28 09:44:53.770597869,99979,478,99969,378,99985,100,99904,100,99988,100,99890,100,100049,100,99888,200,100069,100,99868,100,100089,100,99749,100,100094,100,99613,100,100104,100,99466,100,100107,100,99462,100,100197,100,99368,100
2019-06-28 09:45:00.000000000,99979,229,99904,229,99985,225,99890,225,99988,225,99888,325,100049,100,99868,100,100069,100,99749,100,100089,100,99613,100,100094,100,99466,100,100104,100,99462,100,100107,100,99368,100,100197,100,99357,100
2019-06-28 09:45:10.000000000,99979,176,99904,176,99985,176,99890,176,99988,176,99888,276,100049,176,99868,176,100069,176,99749,176,100089,100,99613,100,100094,100,99466,100,100104,100,99462,100,100107,100,99368,100,100197,100,99357,100
2019-06-28 09:45:20.000000000,99979,176,99904,176,99985,176,99890,176,99988,176,99888,276,100049,176,99868,176,100069,176,99749,176,100089,100,99613,100,100094,100,99466,100,100104,100,99462,100,100107,100,99368,100,100197,100,99357,100
2019-06-28 09:45:22.652307861,99979,176,99904,176,99985,176,99890,176,99988,176,99888,276,100049,176,99868,176,100069,176,99749,176,100089,100,99613,100,100094,100,99608,100,100104,100,99466,100,100107,100,99462,100,100197,100,99368,100
2019-06-28 09:45:27.828523703,99979,176,99904,176,99985,176,99890,176,99988,176,99888,276,100049,176,99868,176,100069,176,99749,176,100089,100,99613,100,100094,100,99608,100,100104,100,99466,100,100107,100,99462,100,100197,100,99368,100
2019-06-28 09:45:30.000000000,99979,478,99904,478,99985,100,99890,100,99988,100,99888,200,100049,100,99868,100,100069,100,99749,100,100089,100,99613,100,100094,100,99608,100,100104,100,99466,100,100107,100,99462,100,100197,100,99368,100
2019-06-28 09:45:30.161829184,99950,100,99904,478,99979,478,99890,100,99985,100,99888,200,99988,100,99868,100,100049,100,99749,100,100069,100,99613,100,100089,100,99608,100,100094,100,99466,100,100104,100,99462,100,100107,100,99368,100
2019-06-28 09:45:40.000000000,99950,194,99904,194,99979,194,99890,194,99985,194,99888,294,99988,194,99868,194,100049,100,99749,100,100069,100,99613,100,100089,100,99608,100,100094,100,99466,100,100104,100,99462,100,100107,100,99368,100
2019-06-28 09:45:42.550205904,99950,194,99904,94,99979,194,99890,194,99985,194,99888,294,99988,194,99868,194,100049,100,99749,100,100069,100,99613,100,100089,100,99608,100,100094,100,99466,100,100104,100,99462,100,100107,100,99368,100
2019-06-28 09:45:45.571304669,99904,6,99890,194,99950,194,99888,294,99979,194,99868,194,99985,194,99749,100,99988,194,99613,100,100049,100,99608,100,100069,100,99466,100,100089,100,99462,100,100094,100,99368,100,100104,100,99346,100
2019-06-28 09:45:49.803979082,99904,6,99890,94,99950,194,99888,294,99979,194,99868,194,99985,194,99749,100,99988,194,99613,100,100049,100,99608,100,100069,100,99466,100,100089,100,99462,100,100104,100,99368,100,100107,100,99346,100
2019-06-28 09:45:50.000000000,99904,195,99888,389,99950,289,99868,289,99979,100,99749,100,99985,100,99613,100,99988,100,99608,100,100049,100,99466,100,100069,100,99462,100,100089,100,99368,100,100104,100,99346,100,100107,100,99295,100
2019-06-28 09:46:00.000000000,99904,100,99888,294,99950,194,99868,194,99979,194,99749,194,99985,194,99613,194,99988,100,99608,100,100049,100,99466,100,100069,100,99462,100,100089,100,99368,100,100104,100,99346,100,100107,100,99295,100
2019-06-28 09:46:06.672869075,99904,100,99888,194,99950,194,99868,194,99979,194,99749,94,99985,194,99613,194,99988,100,99608,100,100049,100,99466,100,100069,100,99462,100,100089,100,99368,100,100104,100,99346,100,100107,100,99295,100
2019-06-28 09:46:10.000000000,99904,82,99888,176,99950,176,99868,176,99979,176,99613,176,99985,176,99608,176,99988,176,99466,176,100049,100,99462,100,100069,100,99368,100,100089,100,99346,100,100104,100,99295,100,100107,100,99257,100
2019-06-28 09:46:20.000000000,99904,195,99888,289,99950,289,99868,289,99979,100,99613,100,99985,100,99608,100,99988,100,99466,100,100049,100,99462,100,100069,100,99368,100,100089,100,99346,100,100104,100,99295,100,100107,100,99257,100
2019-06-28 09:46:30.000000000,99904,195,99888,289,99950,289,99868,289,99979,100,99613,100,99985,100,99608,100,99988,100,99466,100,100049,100,99462,100,100069,100,99368,100,100089,100,99346,100,100104,100,99295,100,100107,100,99257,100
2019-06-28 09:46:40.000000000,99904,100,99888,194,99950,194,99868,194,99979,194,99613,194,99985,194,99608,194,99988,100,99466,100,100049,100,99462,100,100069,100,99368,100,100089,100,99346,100,100104,100,99295,100,100107,100,99257,100
2019-06-28 09:46:50.000000000,99904,135,99888,229,99950,225,99868,225,99979,225,99613,225,99985,100,99608,100,99988,100,99466,100,100049,100,99462,100,100069,100,99368,100,100089,100,99346,100,100104,100,99295,100,100107,100,99257,100
2019-06-28 09:47:00.000000000,99904,100,99888,194,99950,194,99868,194,99979,194,99613,194,99985,194,99608,194,99988,100,99466,100,100049,100,99462,100,100069,100,99368,100,100089,100,99346,100,100104,100,99295,100,100107,100,99257,100
2019-06-28 09:47:02.838562594,99904,100,99888,194,99950,194,99868,194,99979,194,99613,194,99985,194,99608,194,99988,100,99466,100,100049,100,99462,100,100069,100,99368,100,100089,100,99346,100,100104,100,99295,100,100107,100,99257,100
2019-06-28 09:47:10.000000000,99904,135,99888,229,99950,225,99868,225,99979,225,99613,225,99985,100,99608,100,99988,100,99466,100,100049,100,99462,100,100069,100,99368,100,100089,100,99346,100,100104,100,99295,100,100107,100,99257,100
2019-06-28 09:47:20.000000000,99904,82,99888,176,99950,176,99868,176,99979,176,99613,176,99985,176,99608,176,99988,176,99466,176,100049,100,99462,100,100069,100,99368,100,100089,100,99346,100,100104,100,99295,100,100107,100,99257,100
2019-06-28 09:47:30.000000000,99904,100,99888,194,99950,194,99868,194,99979,194,99613,194,99985,194,99608,194,99988,100,99466,100,100049,100,99462,100,100069,100,99368,100,100089,100,99346,100,100104,100,99295,100,100107,100,99257,100
2019-06-28 09:47:30.214825307,99904,100,99888,194,99950,194,99868,194,99979,194,99613,194,99985,194,99608,194,99988,100,99466,100,100049,100,99462,100,100069,100,99445,100,100089,100,99368,100,100104,100,99346,100,100107,100,99295,100
2019-06-28 09:47:40.000000000,99904,135,99888,229,99950,225,99868,225,99979,225,99613,225,99985,100,99608,100,99988,100,99466,100,100049,100,99462,100,100069,100,99445,100,100089,100,99368,100,100104,100,99346,100,100107,100,99295,100
2019-06-28 09:47:50.000000000,99904,82,99888,176,99950,176,99868,176,99979,176,99613,176,99985,176,99608,176,99988,176,99466,176,100049,100,99462,100,100069,100,99445,100,100089,100,99368,100,100104,100,99346,100,100107,100,99295,100
2019-06-28 09:48:00.000000000,99904,135,99888,229,99950,225,99868,225,99979,225,99613,225,99985,100,99608,100,99988,100,99466,100,100049,100,99462,100,100069,100,99445,100,100089,100,99368,100,100104,100,99346,100,100107,100,99295,100
2019-06-28 09:48:09.377681406,99904,135,99888,229,99950,225,99868,225,99979,225,99748,100,99985,100,99613,225,99988,100,99608,100,100049,100,99466,100,100069,100,99462,100,100089,100,99445,100,100104,100,99368,100,100107,100,99346,100
2019-06-28 09:48:10.000000000,99904,100,99888,194,99950,194,99868,194,99979,194,99748,194,99985,194,99613,194,99988,100,99608,100,100049,100,99466,100,100069,100,99462,100,100089,100,99445,100,100104,100,99368,100,100107,100,99346,100
2019-06-28 09:48:15.738011752,99904,100,99888,194,99950,194,99868,194,99979,194,99748,194,99985,194,99613,194,99988,100,99608,100,100069,100,99466,100,100089,100,99462,100,100104,100,99445,100,100107,100,99368,100,100197,100,99346,100
2019-06-28 09:48:16.106048436,99904,100,99888,94,99950,194,99868,194,99979,194,99748,194,99985,194,99613,194,99988,100,99608,100,100069,100,99466,100,100089,100,99462,100,100104,100,99445,100,100107,100,99368,100,100197,100,99295,100
2019-06-28 09:48:20.000000000,99904,195,99868,289,99950,289,99748,289,99979,100,99613,100,99985,100,99608,100,99988,100,99466,100,100069,100,99462,100,100089,100,99445,100,100104,100,99368,100,100107,100,99295,100,100197,100,99257,100
2019-06-28 09:48:27.257535043,99904,195,99868,289,99950,289,99748,289,99979,100,99726,100,99985,100,99613,100,99988,100,99608,100,100069,100,99466,100,100104,100,99462,100,100107,100,99445,100,100197,100,99368,100,100396,100,99295,100
2019-06-28 09:48:30.000000000,99904,195,99868,289,99950,289,99748,289,99979,100,99726,100,99985,100,99613,100,99988,100,99608,100,100069,100,99466,100,100104,100,99462,100,100107,100,99445,100,100197,100,99368,100,100396,100,99295,100
2019-06-28 09:48:37.487575817,99888,100,99868,289,99904,195,99748,289,99950,289,99726,100,99979,100,99613,100,99985,100,99608,100,99988,100,99466,100,100069,100,99462,100,100104,100,99445,100,100107,100,99368,100,100197,100,99295,100
2019-06-28 09:48:40.000000000,99888,289,99868,289,99904,195,99748,289,99950,100,99726,100,99979,100,99613,100,99985,100,99608,100,99988,100,99466,100,100069,100,99462,100,100104,100,99445,100,100107,100,99368,100,100197,100,99295,100
2019-06-28 09:48:47.816047776,99888,289,99868,189,99904,195,99748,289,99950,100,99726,100,99979,100,99613,100,99985,100,99608,100,99988,100,99466,100,100069,100,99462,100,100104,100,99445,100,100107,100,99368,100,100197,100,99295,100
2019-06-28 09:48:50.000000000,99888,176,99748,176,99904,82,99726,176,99950,176,99613,176,99979,176,99608,176,99985,176,99466,176,99988,100,99462,100,100069,100,99445,100,100104,100,99368,100,100107,100,99295,100,100197,100,99257,100
2019-06-28 09:48:52.522625227,99887,100,99748,176,99888,176,99726,176,99904,82,99613,176,99950,176,99608,176,99979,176,99466,176,99985,176,99462,100,99988,100,99445,100,100069,100,99368,100,100104,100,99295,100,100107,100,99257,100
2019-06-28 09:49:00.000000000,99887,478,99748,478,99888,100,99726,100,99904,6,99613,100,99950,100,99608,100,99979,100,99466,100,99985,100,99462,100,99988,100,99445,100,100069,100,99368,100,100104,100,99295,100,100107,100,99257,100
2019-06-28 09:49:01.618130606,99887,478,99748,478,99888,100,99726,100,99904,6,99613,100,99920,100,99608,100,99950,100,99466,100,99979,100,99462,100,99985,100,99445,100,99988,100,99368,100,100069,100,99295,100,100104,100,99257,100
2019-06-28 09:49:10.000000000,99887,478,99748,478,99888,100,99726,100,99904,6,99613,100,99920,100,99608,100,99950,100,99466,100,99979,100,99462,100,99985,100,99445,100,99988,100,99368,100,100069,100,99295,100,100104,100,99257,100
2019-06-28 09:49:20.000000000,99887,176,99748,176,99888,176,99726,176,99904,82,99613,176,99920,176,99608,176,99950,176,99466,176,99979,100,99462,100,99985,100,99445,100,99988,100,99368,100,100069,100,99295,100,100104,100,99257,100
2019-06-28 09:49:30.000000000,99887,176,99748,176,99888,176,99726,176,99904,82,99613,176,99920,176,99608,176,99950,176,99466,176,99979,100,99462,100,99985,100,99445,100,99988,100,99368,100,100069,100,99295,100,100104,100,99257,100
2019-06-28 09:49:40.000000000,99887,478,99748,478,99888,100,99726,100,99904,6,99613,100,99920,100,99608,100,99950,100,99466,100,99979,100,99462,100,99985,100,99445,100,99988,100,99368,100,100069,100,99295,100,100104,100,99257,100
2019-06-28 09:49:47.159006478,99887,478,99748,478,99888,100,99726,100,99904,6,99613,100,99920,100,99608,100,99950,100,99466,100,99979,100,99462,100,99985,100,99445,100,99988,100,99368,100,100069,100,99295,100,100104,100,99257,100
2019-06-28 09:49:50.000000000,99887,176,99748,176,99888,176,99726,176,99904,82,99613,176,99920,176,99608,176,99950,176,99466,176,99979,100,99462,100,99985,100,99445,100,99988,100,99368,100,100069,100,99295,100,100104,100,99257,100
2019-06-28 09:49:50.323572573,99887,176,99748,176,99888,176,99726,176,99904,82,99613,176,99920,176,99608,176,99950,176,99466,176,99979,100,99462,100,99985,100,99445,100,99988,100,99368,100,100002,100,99257,100,100069,100,99233,100
2019-06-28 09:49:57.778839728,99887,176,99748,176,99888,176,99726,176,99904,82,99613,176,99920,176,99608,76,99950,176,99466,176,99979,100,99462,100,99985,100,99445,100,99988,100,99368,100,100002,100,99257,100,100069,100,99233,100
2019-06-28 09:50:00.000000000,99887,478,99748,478,99888,100,99726,100,99904,6,99613,100,99920,100,99466,100,99950,100,99462,100,99979,100,99445,100,99985,100,99368,100,99988,100,99257,100,100002,100,99233,100,100069,100,99156,100
2019-06-28 09:50:10.000000000,99887,478,99748,478,99888,100,99726,100,99904,6,99613,100,99920,100,99466,100,99950,100,99462,100,99979,100,99445,100,99985,100,99368,100,99988,100,99257,100,100002,100,99233,100,100069,100,99156,100
2019-06-28 09:50:20.000000000,99887,478,99748,478,99888,100,99726,100,99904,6,99613,100,99920,100,99466,100,99950,100,99462,100,99979,100,99445,100,99985,100,99368,100,99988,100,99257,100,100002,100,99233,100,100069,100,99156,100
2019-06-28 09:50:30.000000000,99887,194,99748,194,99888,194,99726,194,99904,100,99613,194,99920,194,99466,194,99950,100,99462,100,99979,100,99445,100,99985,100,99368,100,99988,100,99257,100,100002,100,99233,100,100069,100,99156,100
2019-06-28 09:50:40.000000000,99887,289,99748,289,99888,289,99726,289,99904,6,99613,100,99920,100,99466,100,99950,100,99462,100,99979,100,99445,100,99985,100,99368,100,99988,100,99257,100,100002,100,99233,100,100069,100,99156,100
2019-06-28 09:50:41.404992106,99887,289,99748,289,99888,289,99726,289,99904,6,99534,100,99920,100,99466,100,99950,100,99462,100,99979,100,99445,100,99985,100,99368,100,99988,100,99257,100,100002,100,99233,100,100069,100,99156,100
2019-06-28 09:50:50.000000000,99887,289,99748,289,99888,289,99726,289,99904,6,99534,100,99920,100,99466,100,99950,100,99462,100,99979,100,99445,100,99985,100,99368,100,99988,100,99257,100,100002,100,99233,100,100069,100,99156,100
2019-06-28 09:51:00.000000000,99887,289,99748,289,99888,289,99726,289,99904,6,99534,100,99920,100,99466,100,99950,100,99462,100,99979,100,99445,100,99985,100,99368,100,99988,100,99257,100,100002,100,99233,100,100069,100,99156,100
2019-06-28 09:51:06.790030345,99887,289,99748,289,99888,289,99726,289,99904,6,99534,100,99920,100,99466,100,99950,100,99462,100,99979,100,99445,100,99985,100,99368,100,99988,100,99257,100,100002,100,99233,100,100069,100,99191,100
2019-06-28 09:51:10.000000000,99887,176,99748,176,99888,176,99726,176,99904,82,99534,176,99920,176,99466,176,99950,176,99462,176,99979,100,99445,100,99985,100,99368,100,99988,100,99257,100,100002,100,99233,100,100069,100,99191,100
2019-06-28 09:51:10.254584047,99887,276,99748,176,99888,176,99726,176,99904,82,99534,176,99920,176,99466,176,99950,176,99462,176,99979,100,99445,100,99985,100,99368,100,99988,100,99257,100,100002,100,99233,100,100069,100,99191,100
2019-06-28 09:51:20.000000000,99887,578,99748,478,99888,100,99726,100,99904,6,99534,100,99920,100,99466,100,99950,100,99462,100,99979,100,99445,100,99985,100,99368,100,99988,100,99257,100,100002,100,99233,100,100069,100,99191,100
2019-06-28 09:51:30.000000000,99887,276,99748,176,99888,176,99726,176,99904,82,99534,176,99920,176,99466,176,99950,176,99462,176,99979,100,99445,100,99985,100,99368,100,99988,100,99257,100,100002,100,99233,100,100069,100,99191,100
2019-06-28 09:51:40.000000000,99887,276,99748,176,99888,176,99726,176,99904,82,99534,176,99920,176,99466,176,99950,176,99462,176,99979,100,99445,100,99985,100,99368,100,99988,100,99257,100,100002,100,99233,100,100069,100,99191,100
2019-06-28 09:51:50.000000000,99887,294,99748,194,99888,194,99726,194,99904,100,99534,194,99920,194,99466,194,99950,100,99462,100,99979,100,99445,100,99985,100,99368,100,99988,100,99257,100,100002,100,99233,100,100069,100,99191,100
2019-06-28 09:52:00.000000000,99887,389,99748,289,99888,289,99726,289,99904,6,99534,100,99920,100,99466,100,99950,100,99462,100,99979,100,99445,100,99985,100,99368,100,99988,100,99257,100,100002,100,99233,100,100069,100,99191,100
2019-06-28 09:52:07.421732339,99887,389,99748,289,99888,289,99726,289,99904,6,99534,100,99950,100,99466,100,99979,100,99462,100,99985,100,99445,100,99988,100,99368,100,100002,100,99257,100,100069,100,99233,100,100080,100,99191,100
2019-06-28 09:52:10.000000000,99887,389,99748,289,99888,289,99726,289,99904,6,99534,100,99950,100,99466,100,99979,100,99462,100,99985,100,99445,100,99988,100,99368,100,100002,100,99257,100,100069,100,99233,100,100080,100,99191,100
2019-06-28 09:52:20.000000000,99887,329,99748,229,99888,225,99726,225,99904,131,99534,225,99950,100,99466,100,99979,100,99462,100,99985,100,99445,100,99988,100,99368,100,100002,100,99257,100,100069,100,99233,100,100080,100,99191,100
2019-06-28 09:52:30.000000000,99887,329,99748,229,99888,225,99726,225,99904,131,99534,225,99950,100,99466,100,99979,100,99462,100,99985,100,99445,100,99988,100,99368,100,100002,100,99257,100,100069,100,99233,100,100080,100,99191,100
2019-06-28 09:52:40.000000000,99887,389,99748,289,99888,289,99726,289,99904,6,99534,100,99950,100,99466,100,99979,100,99462,100,99985,100,99445,100,99988,100,99368,100,100002,100,99257,100,100069,100,99233,100,100080,100,99191,100
2019-06-28 09:52:50.000000000,99887,329,99748,229,99888,225,99726,225,99904,131,99534,225,99950,100,99466,100,99979,100,99462,100,99985,100,99445,100,99988,100,99368,100,100002,100,99257,100,100069,100,99233,100,100080,100,99191,100
2019-06-28 09:53:00.000000000,99887,276,99748,176,99888,176,99726,176,99904,82,99534,176,99950,176,99466,176,99979,176,99462,176,99985,100,99445,100,99988,100,99368,100,100002,100,99257,100,100069,100,99233,100,100080,100,99191,100
2019-06-28 09:53:04.720633878,99887,276,99748,176,99888,176,99726,176,99904,82,99534,176,99950,176,99466,176,99979,176,99462,176,99985,100,99445,100,99988,100,99368,100,100002,100,99257,100,100069,100,99233,100,100080,100,99191,100
2019-06-28 09:53:04.908252583,99887,276,99748,176,99888,176,99726,176,99904,82,99534,176,99950,176,99466,176,99979,176,99462,176,99985,100,99445,100,99988,100,99368,100,100002,100,99257,100,100069,100,99233,100,100080,100,99191,100
2019-06-28 09:53:09.963386758,99887,276,99748,76,99888,176,99726,176,99904,76,99534,176,99950,176,99466,176,99979,176,99462,176,99985,100,99445,100,99988,100,99368,100,100002,100,99257,100,100069,100,99233,100,100080,100,99191,100
2019-06-28 09:53:10.000000000,99887,276,99726,176,99888,176,99534,176,99950,176,99466,176,99979,176,99462,176,99985,176,99445,176,99988,100,99368,100,100002,100,99257,100,100069,100,99233,100,100080,100,99191,100,100104,100,99156,100
2019-06-28 09:53:17.592405169,99868,100,99726,176,99887,276,99534,176,99888,176,99466,176,99950,176,99462,176,99979,176,99445,176,99985,176,99368,100,100002,100,99257,100,100069,100,99233,100,100080,100,99191,100,100104,100,99156,100
2019-06-28 09:53:20.000000000,99868,194,99726,194,99887,294,99534,194,99888,194,99466,194,99950,194,99462,194,99979,100,99445,100,99985,100,99368,100,100002,100,99257,100,100069,100,99233,100,100080,100,99191,100,100104,100,99156,100
2019-06-28 09:53:30.000000000,99868,194,99726,194,99887,294,99534,194,99888,194,99466,194,99950,194,99462,194,99979,100,99445,100,99985,100,99368,100,100002,100,99257,100,100069,100,99233,100,100080,100,99191,100,100104,100,99156,100
2019-06-28 09:53:40.000000000,99868,176,99726,176,99887,276,99534,176,99888,176,99466,176,99950,176,99462,176,99979,176,99445,176,99985,100,99368,100,100002,100,99257,100,100069,100,99233,100,100080,100,99191,100,100104,100,99156,100
2019-06-28 09:53:41.322862910,99868,176,99726,76,99887,276,99534,76,99888,176,99466,176,99950,176,99462,176,99979,176,99445,176,99985,100,99368,100,100002,100,99257,100,100069,100,99233,100,100080,100,99191,100,100104,100,99156,100
2019-06-28 09:53:47.424742739,99726,24,99534,76,99868,176,99466,176,99887,276,99462,176,99888,176,99445,176,99950,176,99368,100,99979,176,99257,100,99985,100,99233,100,100002,100,99191,100,100069,100,99156,100,100080,100,99132,100
2019-06-28 09:53:49.046552992,99726,24,99534,76,99868,176,99466,176,99887,276,99462,176,99888,176,99445,176,99950,176,99368,100,99979,176,99257,100,99985,100,99233,100,100002,100,99191,100,100069,100,99156,100,100080,100,99132,100
2019-06-28 09:53:50.000000000,99726,100,99466,176,99868,176,99462,176,99887,276,99445,176,99888,176,99368,176,99950,176,99257,176,99979,100,99233,100,99985,100,99191,100,100002,100,99156,100,100069,100,99132,100,100080,100,99067,100
2019-06-28 09:54:00.000000000,99726,118,99466,194,99868,194,99462,194,99887,294,99445,194,99888,194,99368,194,99950,100,99257,100,99979,100,99233,100,99985,100,99191,100,100002,100,99156,100,100069,100,99132,100,100080,100,99067,100
2019-06-28 09:54:10.000000000,99726,402,99466,478,99868,100,99462,100,99887,200,99445,100,99888,100,99368,100,99950,100,99257,100,99979,100,99233,100,99985,100,99191,100,100002,100,99156,100,100069,100,99132,100,100080,100,99067,100
2019-06-28 09:54:20.000000000,99726,213,99466,289,99868,289,99462,289,99887,200,99445,100,99888,100,99368,100,99950,100,99257,100,99979,100,99233,100,99985,100,99191,100,100002,100,99156,100,100069,100,99132,100,100080,100,99067,100
2019-06-28 09:54:23.828404765,99726,313,99466,289,99868,289,99462,289,99887,200,99445,100,99888,100,99368,100,99950,100,99257,100,99979,100,99233,100,99985,100,99191,100,100002,100,99156,100,100069,100,99132,100,100080,100,99067,100
2019-06-28 09:54:26.022810572,99726,313,99466,289,99868,289,99462,289,99887,200,99445,100,99888,100,99368,100,99950,100,99257,100,99979,100,99233,100,99985,100,99191,100,100002,100,99156,100,100069,100,99132,100,100080,100,99067,100
2019-06-28 09:54:30.000000000,99726,253,99466,229,99868,225,99462,225,99887,325,99445,225,99888,100,99368,100,99950,100,99257,100,99979,100,99233,100,99985,100,99191,100,100002,100,99156,100,100069,100,99132,100,100080,100,99067,100
2019-06-28 09:54:30.402414596,99726,253,99466,229,99868,225,99462,225,99887,325,99445,225,99888,100,99368,100,99950,100,99257,100,99979,100,99233,100,99985,100,99191,100,100002,100,99156,100,100069,100,99132,100,100080,100,99067,100
2019-06-28 09:54:40.000000000,99726,313,99466,289,99868,289,99462,289,99887,200,99445,100,99888,100,99368,100,99950,100,99257,100,99979,100,99233,100,99985,100,99191,100,100002,100,99156,100,100069,100,99132,100,100080,100,99067,100
2019-06-28 09:54:41.904590189,99726,313,99466,289,99868,289,99462,289,99887,200,99445,100,99888,100,99368,100,99950,100,99257,100,99979,100,99243,100,99985,100,99233,100,100002,100,99191,100,100069,100,99156,100,100080,100,99132,100
2019-06-28 09:54:43.913162358,99726,313,99466,289,99868,289,99462,289,99887,200,99445,100,99888,100,99368,100,99950,100,99257,100,99979,100,99243,100,99985,100,99233,100,100002,100,99191,100,100069,100,99156,100,100080,100,99132,100
2019-06-28 09:54:50.000000000,99726,253,99466,229,99868,225,99462,225,99887,325,99445,225,99888,100,99368,100,99950,100,99257,100,99979,100,99243,100,99985,100,99233,100,100002,100,99191,100,100069,100,99156,100,100080,100,99132,100
2019-06-28 09:55:00.000000000,99726,502,99466,478,99868,100,99462,100,99887,200,99445,100,99888,100,99368,100,99950,100,99257,100,99979,100,99243,100,99985,100,99233,100,100002,100,99191,100,100069,100,99156,100,100080,100,99132,100
2019-06-28 09:55:10.000000000,99726,218,99466,194,99868,194,99462,194,99887,294,99445,194,99888,194,99368,194,99950,100,99257,100,99979,100,99243,100,99985,100,99233,100,100002,100,99191,100,100069,100,99156,100,100080,100,99132,100
2019-06-28 09:55:20.000000000,99726,200,99466,176,99868,176,99462,176,99887,276,99445,176,99888,176,99368,176,99950,176,99257,176,99979,100,99243,100,99985,100,99233,100,100002,100,99191,100,100069,100,99156,100,100080,100,99132,100
2019-06-28 09:55:30.000000000,99726,313,99466,289,99868,289,99462,289,99887,200,99445,100,99888,100,99368,100,99950,100,99257,100,99979,100,99243,100,99985,100,99233,100,100002,100,99191,100,100069,100,99156,100,100080,100,99132,100
2019-06-28 09:55:31.274015321,99726,313,99466,289,99783,100,99462,289,99868,289,99445,100,99887,200,99368,100,99888,100,99257,100,99950,100,99243,100,99979,100,99233,100,99985,100,99191,100,100002,100,99156,100,100069,100,99132,100
2019-06-28 09:55:40.000000000,99726,313,99466,289,99783,289,99462,289,99868,100,99445,100,99887,200,99368,100,99888,100,99257,100,99950,100,99243,100,99979,100,99233,100,99985,100,99191,100,100002,100,99156,100,100069,100,99132,100
2019-06-28 09:55:50.000000000,99726,218,99466,194,99783,194,99462,194,99868,194,99445,194,99887,294,99368,194,99888,100,99257,100,99950,100,99243,100,99979,100,99233,100,99985,100,99191,100,100002,100,99156,100,100069,100,99132,100
2019-06-28 09:55:58.202970192,99726,218,99466,194,99783,194,99462,194,99868,194,99445,194,99887,294,99368,194,99888,100,99257,100,99950,100,99243,100,99979,100,99233,100,99985,100,99191,100,100002,100,99156,100,100069,100,99132,100
2019-06-28 09:56:00.000000000,99726,253,99466,229,99783,225,99462,225,99868,225,99445,225,99887,200,99368,100,99888,100,99257,100,99950,100,99243,100,99979,100,99233,100,99985,100,99191,100,100002,100,99156,100,100069,100,99132,100
2019-06-28 09:56:05.208174106,99726,153,99466,229,99783,225,99462,225,99868,225,99445,225,99887,200,99368,100,99888,100,99243,100,99950,100,99233,100,99979,100,99191,100,99985,100,99156,100,100002,100,99132,100,100069,100,99070,100
2019-06-28 09:56:10.000000000,99726,153,99466,229,99783,225,99462,225,99868,225,99445,225,99887,200,99368,100,99888,100,99243,100,99950,100,99233,100,99979,100,99191,100,99985,100,99156,100,100002,100,99132,100,100069,100,99070,100
2019-06-28 09:56:20.000000000,99726,118,99466,194,99783,194,99462,194,99868,194,99445,194,99887,294,99368,194,99888,100,99243,100,99950,100,99233,100,99979,100,99191,100,99985,100,99156,100,100002,100,99132,100,100069,100,99070,100
2019-06-28 09:56:28.991457709,99726,18,99466,194,99783,194,99462,194,99868,194,99445,194,99887,294,99368,194,99888,100,99243,100,99950,100,99233,100,99979,100,99191,100,99985,100,99156,100,100002,100,99132,100,100069,100,99070,100
2019-06-28 09:56:30.000000000,99783,478,99466,478,99868,100,99462,100,99887,200,99445,100,99888,100,99368,100,99950,100,99243,100,99979,100,99233,100,99985,100,99191,100,100002,100,99156,100,100069,100,99132,100,100080,100,99070,100
2019-06-28 09:56:35.516386055,99783,478,99726,100,99868,100,99466,478,99887,200,99462,100,99888,100,99445,100,99950,100,99368,100,99979,100,99243,100,99985,100,99233,100,100002,100,99191,100,100069,100,99156,100,100080,100,99132,100
2019-06-28 09:56:40.000000000,99783,478,99726,478,99868,100,99466,100,99887,200,99462,100,99888,100,99445,100,99950,100,99368,100,99979,100,99243,100,99985,100,99233,100,100002,100,99191,100,100069,100,99156,100,100080,100,99132,100
2019-06-28 09:56:43.526899544,99783,378,99726,478,99868,100,99466,100,99887,200,99462,100,99888,100,99445,100,99950,100,99368,100,99979,100,99243,100,99985,100,99233,100,100002,100,99191,100,100069,100,99156,100,100080,100,99132,100
2019-06-28 09:56:50.000000000,99868,229,99726,229,99887,325,99466,225,99888,225,99462,225,99950,100,99445,100,99979,100,99368,100,99985,100,99243,100,100002,100,99233,100,100069,100,99191,100,100080,100,99156,100,100104,100,99132,100
2019-06-28 09:56:50.727449676,99868,129,99726,229,99887,325,99466,225,99888,225,99462,225,99950,100,99445,100,99979,100,99368,100,99985,100,99243,100,100002,100,99233,100,100069,100,99191,100,100080,100,99156,100,100104,100,99132,100
2019-06-28 09:56:55.984565582,99868,29,99726,229,99887,325,99466,225,99888,225,99462,225,99950,100,99445,100,99979,100,99368,100,99985,100,99243,100,100002,100,99233,100,100069,100,99191,100,100080,100,99156,100,100104,100,99132,100
2019-06-28 09:56:57.741699170,99887,325,99868,71,99888,225,99726,229,99950,100,99466,225,99979,100,99462,225,99985,100,99445,100,100002,100,99368,100,100069,100,99243,100,100080,100,99233,100,100104,100,99191,100,100230,100,99156,100
2019-06-28 09:57:00.000000000,99887,578,99868,449,99888,100,99726,100,99950,100,99466,100,99979,100,99462,100,99985,100,99445,100,100002,100,99368,100,100069,100,99243,100,100080,100,99233,100,100104,100,99191,100,100230,100,99156,100
2019-06-28 09:57:10.000000000,99887,276,99868,147,99888,176,99726,176,99950,176,99466,176,99979,176,99462,176,99985,176,99445,176,100002,100,99368,100,100069,100,99243,100,100080,100,99233,100,100104,100,99191,100,100230,100,99156,100
2019-06-28 09:57:11.329249897,99887,176,99868,147,99888,176,99726,176,99950,176,99466,176,99979,176,99462,176,99985,176,99445,176,100002,100,99243,100,100069,100,99233,100,100080,100,99191,100,100104,100,99156,100,100230,100,99132,100
2019-06-28 09:57:19.426631932,99887,76,99868,147,99888,176,99726,176,99950,176,99466,176,99979,176,99462,176,99985,176,99445,176,100002,100,99243,100,100069,100,99233,100,100080,100,99191,100,100104,100,99156,100,100230,100,99132,100
2019-06-28 09:57:20.000000000,99888,289,99868,260,99950,289,99726,289,99979,100,99466,100,99985,100,99462,100,100002,100,99445,100,100069,100,99243,100,100080,100,99233,100,100104,100,99191,100,100230,100,99156,100,100515,100,99132,100
2019-06-28 09:57:28.048950539,99888,289,99868,260,99950,289,99726,289,99979,100,99466,100,99985,100,99462,100,100002,100,99445,100,100069,100,99243,100,100080,100,99233,100,100104,100,99191,100,100230,100,99156,100,100515,100,99132,100
2019-06-28 09:57:30.000000000,99888,194,99868,165,99950,194,99726,194,99979,194,99466,194,99985,194,99462,194,100002,100,99445,100,100069,100,99243,100,100080,100,99233,100,100104,100,99191,100,100230,100,99156,100,100515,100,99132,100
2019-06-28 09:57:40.000000000,99888,478,99868,449,99950,100,99726,100,99979,100,99466,100,99985,100,99462,100,100002,100,99445,100,100069,100,99243,100,100080,100,99233,100,100104,100,99191,100,100230,100,99156,100,100515,100,99132,100
2019-06-28 09:57:42.954692317,99888,478,99868,449,99950,100,99726,100,99979,100,99466,100,99985,100,99462,100,100002,100,99445,100,100069,100,99243,100,100080,100,99233,100,100104,100,99191,100,100230,100,99156,100,100515,100,99132,100
2019-06-28 09:57:50.000000000,99888,478,99868,449,99950,100,99726,100,99979,100,99466,100,99985,100,99462,100,100002,100,99445,100,100069,100,99243,100,100080,100,99233,100,100104,100,99191,100,100230,100,99156,100,100515,100,99132,100
2019-06-28 09:57:51.646484696,99888,478,99868,449,99950,100,99726,100,99979,100,99466,100,99985,100,99462,100,100002,100,99445,100,100069,100,99243,100,100080,100,99233,100,100104,100,99191,100,100230,100,99156,100,100515,100,99070,100
2019-06-28 09:58:00.000000000,99888,289,99868,260,99950,289,99726,289,99979,100,99466,100,99985,100,99462,100,100002,100,99445,100,100069,100,99243,100,100080,100,99233,100,100104,100,99191,100,100230,100,99156,100,100515,100,99070,100
2019-06-28 09:58:08.188525794,99888,289,99887,100,99950,289,99868,260,99979,100,99726,289,99985,100,99466,100,100002,100,99462,100,100069,100,99445,100,100080,100,99243,100,100104,100,99233,100,100230,100,99191,100,100515,100,99156,100
2019-06-28 09:58:10.000000000,99888,289,99887,289,99950,289,99868,260,99979,100,99726,100,99985,100,99466,100,100002,100,99462,100,100069,100,99445,100,100080,100,99243,100,100104,100,99233,100,100230,100,99191,100,100515,100,99156,100
2019-06-28 09:58:20.000000000,99888,478,99887,478,99950,100,99868,71,99979,100,99726,100,99985,100,99466,100,100002,100,99462,100,100069,100,99445,100,100080,100,99243,100,100104,100,99233,100,100230,100,99191,100,100515,100,99156,100
2019-06-28 09:58:30.000000000,99888,289,99887,289,99950,289,99868,260,99979,100,99726,100,99985,100,99466,100,100002,100,99462,100,100069,100,99445,100,100080,100,99243,100,100104,100,99233,100,100230,100,99191,100,100515,100,99156,100
2019-06-28 09:58:40.000000000,99888,194,99887,194,99950,194,99868,165,99979,194,99726,194,99985,194,99466,194,100002,100,99462,100,100069,100,99445,100,100080,100,99243,100,100104,100,99233,100,100230,100,99191,100,100515,100,99156,100
2019-06-28 09:58:46.475202547,99888,194,99887,294,99950,194,99868,165,99979,194,99726,194,99985,194,99466,194,100002,100,99462,100,100069,100,99445,100,100080,100,99243,100,100104,100,99233,100,100230,100,99191,100,100515,100,99156,100
2019-06-28 09:58:50.000000000,99888,289,99887,389,99950,289,99868,260,99979,100,99726,100,99985,100,99466,100,100002,100,99462,100,100069,100,99445,100,100080,100,99243,100,100104,100,99233,100,100230,100,99191,100,100515,100,99156,100
2019-06-28 09:58:56.834914191,99888,289,99887,489,99950,289,99868,260,99979,100,99726,100,99985,100,99466,100,100002,100,99462,100,100069,100,99445,100,100080,100,99243,100,100104,100,99233,100,100230,100,99191,100,100515,100,99156,100
2019-06-28 09:58:58.736608118,99888,189,99887,489,99950,289,99868,260,99979,100,99726,100,99985,100,99466,100,100002,100,99462,100,100069,100,99445,100,100080,100,99243,100,100104,100,99233,100,100230,100,99191,100,100515,100,99070,100
2019-06-28 09:59:00.000000000,99950,194,99887,394,99979,194,99868,165,99985,194,99726,194,100002,194,99466,194,100069,100,99462,100,100080,100,99445,100,100104,100,99243,100,100230,100,99233,100,100515,100,99191,100,100612,100,99070,100
2019-06-28 09:59:04.133387697,99950,194,99887,394,99979,194,99868,165,99985,194,99726,194,100002,194,99466,194,100069,100,99462,100,100080,100,99445,100,100104,100,99243,100,100230,100,99233,100,100389,100,99191,100,100515,100,99070,100
2019-06-28 09:59:10.000000000,99950,176,99887,376,99979,176,99868,147,99985,176,99726,176,100002,176,99466,176,100069,176,99462,176,100080,100,99445,100,100104,100,99243,100,100230,100,99233,100,100389,100,99191,100,100515,100,99070,100
2019-06-28 09:59:16.420548881,99950,176,99888,100,99979,176,99887,376,99985,176,99868,147,100002,176,99726,176,100069,176,99466,176,100080,100,99462,176,100104,100,99445,100,100230,100,99243,100,100389,100,99233,100,100515,100,99191,100
2019-06-28 09:59:20.000000000,99950,229,99888,229,99979,225,99887,425,99985,225,99868,196,100002,100,99726,100,100069,100,99466,100,100080,100,99462,100,100104,100,99445,100,100230,100,99243,100,100389,100,99233,100,100515,100,99191,100
2019-06-28 09:59:20.256730769,99950,129,99888,229,99979,225,99887,425,99985,225,99868,196,100002,100,99726,100,100069,100,99466,100,100080,100,99462,100,100104,100,99445,100,100230,100,99243,100,100389,100,99233,100,100515,100,99191,100
2019-06-28 09:59:25.548394321,99950,29,99888,229,99979,225,99887,425,99985,225,99868,196,100002,100,99726,100,100069,100,99466,100,100080,100,99462,100,100104,100,99445,100,100230,100,99243,100,100389,100,99233,100,100612,100,99191,100
2019-06-28 09:59:27.093745827,99950,29,99888,229,99979,225,99887,425,99985,225,99868,196,100002,100,99726,100,100069,100,99466,100,100080,100,99462,100,100104,100,99445,100,100230,100,99243,100,100278,100,99233,100,100389,100,99191,100
2019-06-28 09:59:28.619464840,99950,29,99888,229,99979,225,99887,425,99985,225,99868,196,100002,100,99726,100,100069,100,99466,100,100080,100,99462,100,100104,100,99445,100,100230,100,99243,100,100278,100,99233,100,100389,100,99191,100
2019-06-28 09:59:30.000000000,99979,194,99888,194,99985,194,99887,394,100002,194,99868,165,100069,194,99726,194,100080,100,99466,100,100104,100,99462,100,100230,100,99445,100,100278,100,99243,100,100389,100,99233,100,100468,100,99191,100
2019-06-28 09:59:30.620354106,99979,194,99888,194,99985,194,99887,394,100002,194,99868,165,100069,194,99726,194,100080,100,99466,100,100104,100,99462,100,100230,100,99445,100,100278,100,99243,100,100362,100,99233,100,100389,100,99191,100
2019-06-28 09:59:39.378043609,99979,94,99888,194,99985,194,99887,394,100002,194,99868,165,100069,194,99726,194,100080,100,99466,100,100104,100,99462,100,100230,100,99445,100,100278,100,99243,100,100362,100,99233,100,100389,100,99191,100
2019-06-28 09:59:40.000000000,99985,194,99888,194,100002,194,99887,394,100069,194,99868,165,100080,194,99726,194,100104,100,99466,100,100230,100,99462,100,100278,100,99445,100,100362,100,99243,100,100389,100,99233,100,100468,100,99191,100
2019-06-28 09:59:50.000000000,99985,478,99888,478,100002,100,99887,300,100069,100,99868,71,100080,100,99726,100,100104,100,99466,100,100230,100,99462,100,100278,100,99445,100,100362,100,99243,100,100389,100,99233,100,100468,100,99191,100
2019-06-28 10:00:00.000000000,99985,289,99888,289,100002,289,99887,489,100069,100,99868,71,100080,100,99726,100,100104,100,99466,100,100230,100,99462,100,100278,100,99445,100,100362,100,99243,100,100389,100,99233,100,100468,100,99191,100
2019-06-28 10:00:02.721725538,99985,189,99888,289,100002,289,99887,489,100069,100,99868,71,100080,100,99726,100,100104,100,99466,100,100230,100,99462,100,100278,100,99445,100,100362,100,99243,100,100389,100,99233,100,100612,100,99191,100
2019-06-28 10:00:10.000000000,100002,478,99888,478,100069,100,99887,300,100080,100,99868,71,100104,100,99726,100,100230,100,99466,100,100278,100,99462,100,100362,100,99445,100,100389,100,99243,100,100612,100,99233,100,100673,100,99191,100
2019-06-28 10:00:20.000000000,100002,229,99888,229,100069,225,99887,425,100080,225,99868,196,100104,100,99726,100,100230,100,99466,100,100278,100,99462,100,100362,100,99445,100,100389,100,99243,100,100612,100,99233,100,100673,100,99191,100
2019-06-28 10:00:20.774362369,100002,229,99888,229,100069,225,99887,425,100080,225,99868,196,100104,100,99726,100,100230,100,99462,100,100278,100,99445,100,100362,100,99243,100,100389,100,99233,100,100612,100,99191,100,100673,100,99070,100
2019-06-28 10:00:30.000000000,100002,289,99888,289,100069,289,99887,489,100080,100,99868,71,100104,100,99726,100,100230,100,99462,100,100278,100,99445,100,100362,100,99243,100,100389,100,99233,100,100612,100,99191,100,100673,100,99070,100
2019-06-28 10:00:40.000000000,100002,229,99888,229,100069,225,99887,425,100080,225,99868,196,100104,100,99726,100,100230,100,99462,100,100278,100,99445,100,100362,100,99243,100,100389,100,99233,100,100612,100,99191,100,100673,100,99070,100
2019-06-28 10:00:47.664161239,100002,129,99888,229,100069,225,99887,425,100080,225,99868,196,100104,100,99726,100,100230,100,99462,100,100278,100,99445,100,100362,100,99243,100,100389,100,99191,100,100612,100,99070,100,100673,100,99067,100
2019-06-28 10:00:48.914611849,100002,129,99888,229,100069,225,99887,425,100080,225,99868,196,100104,100,99726,100,100230,100,99462,100,100278,100,99445,100,100362,100,99243,100,100389,100,99191,100,100673,100,99070,100,100723,100,99067,100
2019-06-28 10:00:50.000000000,100069,194,99888,194,100080,194,99887,394,100104,194,99868,165,100230,194,99726,194,100278,100,99462,100,100362,100,99445,100,100389,100,99243,100,100673,100,99191,100,100723,100,99070,100,100733,100,99067,100
2019-06-28 10:00:50.223495873,100069,194,99985,100,100080,194,99888,194,100104,194,99887,394,100230,194,99868,165,100278,100,99726,194,100362,100,99462,100,100389,100,99445,100,100673,100,99243,100,100723,100,99191,100,100733,100,99070,100
2019-06-28 10:00:57.921790684,100069,94,99985,100,100080,194,99888,194,100104,194,99887,394,100230,194,99868,165,100278,100,99726,194,100362,100,99462,100,100389,100,99445,100,100673,100,99243,100,100723,100,99191,100,100733,100,99070,100
2019-06-28 10:01:00.000000000,100080,289,99985,289,100104,289,99888,289,100230,100,99887,300,100278,100,99868,71,100362,100,99726,100,100389,100,99462,100,100673,100,99445,100,100723,100,99243,100,100733,100,99191,100,100856,100,99070,100
2019-06-28 10:01:10.000000000,100080,194,99985,194,100104,194,99888,194,100230,194,99887,394,100278,194,99868,165,100362,100,99726,100,100389,100,99462,100,100673,100,99445,100,100723,100,99243,100,100733,100,99191,100,100856,100,99070,100
2019-06-28 10:01:17.927297394,100080,194,100002,100,100104,194,99985,194,100230,194,99888,194,100278,194,99887,394,100362,100,99868,165,100389,100,99726,100,100673,100,99462,100,100723,100,99445,100,100733,100,99243,100,100856,100,99191,100
2019-06-28 10:01:20.000000000,100080,289,100002,289,100104,289,99985,289,100230,100,99888,100,100278,100,99887,300,100362,100,99868,71,100389,100,99726,100,100673,100,99462,100,100723,100,99445,100,100733,100,99243,100,100856,100,99191,100
2019-06-28 10:01:30.000000000,100080,229,100002,229,100104,225,99985,225,100230,225,99888,225,100278,100,99887,300,100362,100,99868,71,100389,100,99726,100,100673,100,99462,100,100723,100,99445,100,100733,100,99243,100,100856,100,99191,100
2019-06-28 10:01:40.000000000,100080,194,100002,194,100104,194,99985,194,100230,194,99888,194,100278,194,99887,394,100362,100,99868,71,100389,100,99726,100,100673,100,99462,100,100723,100,99445,100,100733,100,99243,100,100856,100,99191,100
2019-06-28 10:01:50.000000000,100080,194,100002,194,100104,194,99985,194,100230,194,99888,194,100278,194,99887,394,100362,100,99868,71,100389,100,99726,100,100673,100,99462,100,100723,100,99445,100,100733,100,99243,100,100856,100,99191,100
2019-06-28 10:01:50.253377470,100080,94,100002,194,100104,194,99985,194,100230,194,99888,194,100278,194,99887,394,100362,100,99868,71,100389,100,99726,100,100673,100,99462,100,100723,100,99445,100,100733,100,99243,100,,,99191,100
2019-06-28 10:02:00.000000000,100104,194,100002,194,100230,194,99985,194,100278,194,99888,194,100362,194,99887,394,100389,100,99868,71,100673,100,99726,100,100723,100,99462,100,100733,100,99445,100,,,99243,100,,,99191,100
2019-06-28 10:02:10.000000000,100104,478,100002,478,100230,100,99985,100,100278,100,99888,100,100362,100,99887,300,100389,100,99868,71,100673,100,99726,100,100723,100,99462,100,100733,100,99445,100,,,99243,100,,,99191,100
2019-06-28 10:02:14.016421674,100104,378,100002,478,100230,100,99985,100,100278,100,99888,100,100362,100,99887,300,100389,100,99868,71,100673,100,99726,100,100723,100,99462,100,100733,100,99445,100,,,99243,100,,,99191,100
2019-06-28 10:02:17.207188030,100104,278,100002,478,100230,100,99985,100,100278,100,99888,100,100362,100,99887,300,100389,100,99868,71,100673,100,99726,100,100723,100,99462,100,100733,100,99445,100,,,99243,100,,,99191,100
2019-06-28 10:02:20.000000000,100230,229,100002,229,100278,225,99985,225,100362,225,99888,225,100389,100,99887,300,100673,100,99868,71,100723,100,99726,100,100733,100,99462,100,,,99445,100,,,99243,100,,,99191,100
2019-06-28 10:02:30.000000000,100230,176,100002,176,100278,176,99985,176,100362,176,99888,176,100389,176,99887,376,100673,176,99868,147,100723,100,99726,100,100733,100,99462,100,,,99445,100,,,99243,100,,,99191,100
2019-06-28 10:02:40.000000000,100230,194,100002,194,100278,194,99985,194,100362,194,99888,194,100389,194,99887,394,100673,100,99868,71,100723,100,99726,100,100733,100,99462,100,,,99445,100,,,99243,100,,,99191,100
2019-06-28 10:02:50.000000000,100230,289,100002,289,100278,289,99985,289,100362,100,99888,100,100389,100,99887,300,100673,100,99868,71,100723,100,99726,100,100733,100,99462,100,,,99445,100,,,99243,100,,,99191,100
2019-06-28 10:03:00.000000000,100230,176,100002,176,100278,176,99985,176,100362,176,99888,176,100389,176,99887,376,100673,176,99868,147,100723,100,99726,100,100733,100,99462,100,,,99445,100,,,99243,100,,,99191,100
2019-06-28 10:03:10.000000000,100230,478,100002,478,100278,100,99985,100,100362,100,99888,100,100389,100,99887,300,100673,100,99868,71,100723,100,99726,100,100733,100,99462,100,,,99445,100,,,99243,100,,,99191,100
2019-06-28 10:03:20.000000000,100230,229,100002,229,100278,225,99985,225,100362,225,99888,225,100389,100,99887,300,100673,100,99868,71,100723,100,99726,100,100733,100,99462,100,,,99445,100,,,99243,100,,,99191,100
2019-06-28 10:03:26.562791314,100230,229,100220,100,100278,225,100002,229,100362,225,99985,225,100389,100,99888,225,100673,100,99887,300,100723,100,99868,71,100733,100,99726,100,,,99462,100,,,99445,100,,,99243,100
2019-06-28 10:03:29.675985699,100230,129,100220,100,100278,225,100002,229,100362,225,99985,225,100389,100,99888,225,100673,100,99887,300,100723,100,99868,71,100733,100,99726,100,,,99462,100,,,99445,100,,,99191,100
2019-06-28 10:03:30.000000000,100278,194,100220,194,100362,194,100002,194,100389,194,99985,194,100673,194,99888,194,100723,100,99887,300,100733,100,99868,71,,,99726,100,,,99462,100,,,99445,100,,,99191,100
2019-06-28 10:03:40.000000000,100278,478,100220,478,100362,100,100002,100,100389,100,99985,100,100673,100,99888,100,100723,100,99887,300,100733,100,99868,71,,,99726,100,,,99462,100,,,99445,100,,,99191,100
2019-06-28 10:03:47.073159146,100278,378,100220,478,100362,100,100002,100,100389,100,99985,100,100673,100,99888,100,100723,100,99887,300,100733,100,99868,71,,,99726,100,,,99462,100,,,99445,100,,,99191,100
2019-06-28 10:03:50.000000000,100362,229,100220,229,100389,225,100002,225,100673,225,99985,225,100723,100,99888,100,100733,100,99887,300,,,99868,71,,,99726,100,,,99462,100,,,99445,100,,,99191,100
2019-06-28 10:04:00.000000000,100362,289,100220,289,100389,289,100002,289,100673,100,99985,100,100723,100,99888,100,100733,100,99887,300,,,99868,71,,,99726,100,,,99462,100,,,99445,100,,,99191,100
2019-06-28 10:04:03.447892313,100362,289,100220,289,100389,289,100202,100,100673,100,100002,289,100723,100,99985,100,100733,100,99888,100,,,99887,300,,,99868,71,,,99726,100,,,99462,100,,,99445,100
2019-06-28 10:04:10.000000000,100362,289,100220,289,100389,289,100202,289,100673,100,100002,100,100723,100,99985,100,100733,100,99888,100,,,99887,300,,,99868,71,,,99726,100,,,99462,100,,,99445,100
2019-06-28 10:04:17.789511429,100362,289,100220,289,100389,289,100202,289,100673,100,100098,100,100723,100,100002,100,100733,100,99985,100,,,99888,100,,,99887,300,,,99868,71,,,99726,100,,,99462,100
2019-06-28 10:04:20.000000000,100362,229,100220,229,100389,225,100202,225,100673,225,100098,225,100723,100,100002,100,100733,100,99985,100,,,99888,100,,,99887,300,,,99868,71,,,99726,100,,,99462,100
2019-06-28 10:04:30.000000000,100362,176,100220,176,100389,176,100202,176,100673,176,100098,176,100723,176,100002,176,100733,176,99985,176,,,99888,100,,,99887,300,,,99868,71,,,99726,100,,,99462,100
2019-06-28 10:04:36.589539555,100362,176,100220,176,100389,176,100202,176,100514,100,100098,176,100673,176,100002,176,100723,176,99985,176,100733,176,99888,100,,,99887,300,,,99868,71,,,99726,100,,,99462,100
2019-06-28 10:04:40.000000000,100362,194,100220,194,100389,194,100202,194,100514,194,100098,194,100673,194,100002,194,100723,100,99985,100,100733,100,99888,100,,,99887,300,,,99868,71,,,99726,100,,,99462,100
2019-06-28 10:04:50.000000000,100362,176,100220,176,100389,176,100202,176,100514,176,100098,176,100673,176,100002,176,100723,176,99985,176,100733,100,99888,100,,,99887,300,,,99868,71,,,99726,100,,,99462,100
2019-06-28 10:05:00.000000000,100362,289,100220,289,100389,289,100202,289,100514,100,100098,100,100673,100,100002,100,100723,100,99985,100,100733,100,99888,100,,,99887,300,,,99868,71,,,99726,100,,,99462,100
2019-06-28 10:05:10.000000000,100362,229,100220,229,100389,225,100202,225,100514,225,100098,225,100673,100,100002,100,100723,100,99985,100,100733,100,99888,100,,,99887,300,,,99868,71,,,99726,100,,,99462,100
2019-06-28 10:05:15.602119671,100362,229,100230,100,100389,225,100220,229,100514,225,100202,225,100673,100,100098,225,100723,100,100002,100,100733,100,99985,100,,,99888,100,,,99887,300,,,99868,71,,,99726,100
2019-06-28 10:05:20.000000000,100362,176,100230,176,100389,176,100220,176,100514,176,100202,176,100673,176,100098,176,100723,176,100002,176,100733,100,99985,100,,,99888,100,,,99887,300,,,99868,71,,,99726,100
2019-06-28 10:05:30.000000000,100362,176,100230,176,100389,176,100220,176,100514,176,100202,176,100673,176,100098,176,100723,176,100002,176,100733,100,99985,100,,,99888,100,,,99887,300,,,99868,71,,,99726,100
2019-06-28 10:05:40.000000000,100362,289,100230,289,100389,289,100220,289,100514,100,100202,100,100673,100,100098,100,100723,100,100002,100,100733,100,99985,100,,,99888,100,,,99887,300,,,99868,71,,,99726,100
2019-06-28 10:05:50.000000000,100362,176,100230,176,100389,176,100220,176,100514,176,100202,176,100673,176,100098,176,100723,176,100002,176,100733,100,99985,100,,,99888,100,,,99887,300,,,99868,71,,,99726,100
2019-06-28 10:05:56.239778487,100362,176,100230,176,100389,176,100220,176,100514,176,100202,176,100673,176,100098,176,100723,176,100002,176,100733,100,99985,100,,,99888,100,,,99887,300,,,99868,71,,,99726,100
2019-06-28 10:06:00.000000000,100362,194,100230,194,100389,194,100220,194,100514,194,100202,194,100673,194,100098,194,100723,100,100002,100,100733,100,99985,100,,,99888,100,,,99887,300,,,99868,71,,,99726,100
2019-06-28 10:06:01.334822014,100362,94,100230,194,100389,194,100220,194,100514,94,100202,194,100673,194,100098,194,100723,100,100002,100,100733,100,99985,100,,,99888,100,,,99887,300,,,99868,71,,,99726,100
2019-06-28 10:06:10.000000000,100389,289,100230,289,100673,289,100220,289,100723,100,100202,100,100733,100,100098,100,,,100002,100,,,99985,100,,,99888,100,,,99887,300,,,99868,71,,,99726,100
2019-06-28 10:06:20.000000000,100389,176,100230,176,100673,176,100220,176,100723,176,100202,176,100733,176,100098,176,100734,76,100002,176,,,99985,100,,,99888,100,,,99887,300,,,99868,71,,,99726,100
2019-06-28 10:06:30.000000000,100389,176,100230,176,100673,176,100220,176,100723,176,100202,176,100733,176,100098,176,100734,76,100002,176,,,99985,100,,,99888,100,,,99887,300,,,99868,71,,,99726,100
2019-06-28 10:06:40.000000000,100389,229,100230,229,100673,225,100220,225,100723,225,100202,225,100733,100,100098,100,,,100002,100,,,99985,100,,,99888,100,,,99887,300,,,99868,71,,,99726,100
2019-06-28 10:06:41.225090241,100389,229,100230,229,100673,225,100220,225,100723,225,100202,225,100733,100,100098,100,101130,100,100002,100,,,99985,100,,,99888,100,,,99887,300,,,99868,71,,,99726,100
2019-06-28 10:06:47.401265743,100389,29,100230,229,100673,225,100220,225,100723,225,100202,225,100733,100,100098,100,101130,100,100002,100,,,99985,100,,,99888,100,,,99887,300,,,99868,71,,,99726,100
2019-06-28 10:06:47.577236744,100673,225,100389,71,100723,225,100230,229,100733,100,100220,225,101130,100,100202,225,,,100098,100,,,100002,100,,,99985,100,,,99888,100,,,99887,300,,,99726,100
2019-06-28 10:06:50.000000000,100673,176,100389,147,100723,176,100230,176,100733,176,100220,176,101130,176,100202,176,101131,76,100098,176,,,100002,100,,,99985,100,,,99888,100,,,99887,300,,,99726,100
2019-06-28 10:07:00.000000000,100673,289,100389,260,100723,289,100230,289,100733,100,100220,100,101130,100,100202,100,,,100098,100,,,100002,100,,,99985,100,,,99888,100,,,99887,300,,,99726,100
2019-06-28 10:07:10.000000000,100673,478,100389,449,100723,100,100230,100,100733,100,100220,100,101130,100,100202,100,,,100098,100,,,100002,100,,,99985,100,,,99888,100,,,99887,300,,,99726,100
2019-06-28 10:07:20.000000000,100673,289,100389,260,100723,289,100230,289,100733,100,100220,100,101130,100,100202,100,,,100098,100,,,100002,100,,,99985,100,,,99888,100,,,99887,300,,,99726,100
2019-06-28 10:07:22.984815626,100673,289,100389,189,100723,289,100230,289,100733,100,100220,100,101130,100,100202,100,101176,100,100098,100,,,100002,100,,,99985,100,,,99888,100,,,99887,300,,,99726,100
2019-06-28 10:07:30.000000000,100673,289,100230,289,100723,289,100220,289,100733,100,100202,100,101130,100,100098,100,101176,100,100002,100,,,99985,100,,,99888,100,,,99887,300,,,99726,100,,,99462,100
2019-06-28 10:07:38.294039351,100673,189,100230,289,100723,289,100220,289,100733,100,100202,100,101130,100,100098,100,101176,100,100002,100,,,99985,100,,,99888,100,,,99887,300,,,99726,100,,,99462,100
2019-06-28 10:07:40.000000000,100723,194,100230,194,100733,194,100220,194,101130,194,100202,194,101176,194,100098,194,,,100002,100,,,99985,100,,,99888,100,,,99887,300,,,99726,100,,,99462,100
2019-06-28 10:07:50.000000000,100723,289,100230,289,100733,289,100220,289,101130,100,100202,100,101176,100,100098,100,,,100002,100,,,99985,100,,,99888,100,,,99887,300,,,99726,100,,,99462,100
2019-06-28 10:08:00.000000000,100723,478,100230,478,100733,100,100220,100,101130,100,100202,100,101176,100,100098,100,,,100002,100,,,99985,100,,,99888,100,,,99887,300,,,99726,100,,,99462,100
2019-06-28 10:08:09.445781413,100723,378,100230,478,100733,100,100220,100,101130,100,100202,100,101176,100,100098,100,,,100002,100,,,99985,100,,,99888,100,,,99887,300,,,99726,100,,,99462,100
2019-06-28 10:08:10.000000000,100733,478,100230,478,101130,100,100220,100,101176,100,100202,100,,,100098,100,,,100002,100,,,99985,100,,,99888,100,,,99887,300,,,99726,100,,,99462,100
2019-06-28 10:08:11.360193368,100733,478,100673,100,101130,100,100230,478,101176,100,100220,100,,,100202,100,,,100098,100,,,100002,100,,,99985,100,,,99888,100,,,99887,200,,,99726,100
2019-06-28 10:08:15.993483186,100733,478,100673,100,101176,100,100230,478,101363,100,100220,100,,,100202,100,,,100098,100,,,100002,100,,,99985,100,,,99888,100,,,99887,200,,,99726,100
2019-06-28 10:08:17.932865961,100733,378,100673,100,101176,100,100230,478,101363,100,100202,100,,,100098,100,,,100002,100,,,99985,100,,,99888,100,,,99887,200,,,99726,100,,,99462,100
2019-06-28 10:08:20.000000000,101176,176,100673,176,101363,176,100230,176,101364,76,100202,176,,,100098,176,,,100002,176,,,99985,100,,,99888,100,,,99887,200,,,99726,100,,,99462,100
2019-06-28 10:08:25.731556152,101176,176,100673,176,101282,100,100230,176,101363,176,100202,176,101364,76,100098,176,,,100002,176,,,99985,100,,,99888,100,,,99887,200,,,99726,100,,,99462,100
2019-06-28 10:08:30.000000000,101176,478,100673,478,101282,100,100230,100,101363,100,100202,100,,,100098,100,,,100002,100,,,99985,100,,,99888,100,,,99887,200,,,99726,100,,,99462,100
2019-06-28 10:08:40.000000000,101176,176,100673,176,101282,176,100230,176,101363,176,100202,176,101364,76,100098,176,,,100002,176,,,99985,100,,,99888,100,,,99887,200,,,99726,100,,,99462,100
2019-06-28 10:08:41.714338942,101176,76,100673,176,101282,176,100230,176,101363,176,100202,176,101364,76,100098,176,,,100002,176,,,99985,100,,,99888,100,,,99887,200,,,99726,100,,,99462,100
2019-06-28 10:08:50.000000000,101282,229,100673,229,101363,225,100230,225,101364,125,100202,225,,,100098,100,,,100002,100,,,99985,100,,,99888,100,,,99887,200,,,99726,100,,,99462,100
2019-06-28 10:09:00.000000000,101282,229,100673,229,101363,225,100230,225,101364,125,100202,225,,,100098,100,,,100002,100,,,99985,100,,,99888,100,,,99887,200,,,99726,100,,,99462,100
2019-06-28 10:09:03.118355581,101282,229,100733,100,101363,225,100673,229,101364,125,100230,225,,,100202,225,,,100098,100,,,100002,100,,,99985,100,,,99888,100,,,99887,200,,,99726,100
2019-06-28 10:09:10.000000000,101282,194,100733,194,101363,194,100673,194,101364,94,100230,194,,,100202,194,,,100098,100,,,100002,100,,,99985,100,,,99888,100,,,99887,200,,,99726,100
2019-06-28 10:09:18.100557452,101282,194,101211,100,101363,194,100733,194,101364,94,100673,194,,,100230,194,,,100202,194,,,100098,100,,,100002,100,,,99985,100,,,99888,100,,,99887,200
2019-06-28 10:09:20.000000000,101282,176,101211,176,101363,176,100733,176,101364,76,100673,176,,,100230,176,,,100202,176,,,100098,100,,,100002,100,,,99985,100,,,99888,100,,,99887,200
2019-06-28 10:09:28.380999906,101275,100,101211,76,101282,176,100733,176,101363,176,100673,176,101364,76,100230,176,,,100202,176,,,100098,100,,,100002,100,,,99985,100,,,99888,100,,,99887,200
2019-06-28 10:09:30.000000000,101275,229,100733,229,101282,225,100673,225,101363,225,100230,225,,,100202,100,,,100098,100,,,100002,100,,,99985,100,,,99888,100,,,99887,200,,,99726,100
2019-06-28 10:09:40.000000000,101275,478,100733,478,101282,100,100673,100,101363,100,100230,100,,,100202,100,,,100098,100,,,100002,100,,,99985,100,,,99888,100,,,99887,200,,,99726,100
2019-06-28 10:09:41.212120637,101275,478,100733,578,101282,100,100673,100,101363,100,100230,100,,,100202,100,,,100098,100,,,100002,100,,,99985,100,,,99888,100,,,99887,100,,,99726,100
2019-06-28 10:09:44.791911834,101175,100,100733,578,101275,478,100673,100,101282,100,100230,100,101363,100,100202,100,,,100098,100,,,100002,100,,,99985,100,,,99888,100,,,99887,100,,,99726,100
2019-06-28 10:09:50.000000000,101175,194,100733,294,101275,194,100673,194,101282,194,100230,194,101363,194,100202,194,,,100098,100,,,100002,100,,,99985,100,,,99888,100,,,99887,100,,,99726,100
2019-06-28 10:09:51.770500502,101175,194,101047,100,101275,194,100733,294,101282,194,100673,194,101363,194,100230,194,,,100202,194,,,100098,100,,,100002,100,,,99985,100,,,99888,100,,,99887,100
2019-06-28 10:10:00.000000000,101175,176,101047,176,101275,176,100733,276,101282,176,100673,176,101363,176,100230,176,101364,76,100202,176,,,100098,100,,,100002,100,,,99985,100,,,99888,100,,,99887,100
2019-06-28 10:10:10.000000000,101175,194,101047,194,101275,194,100733,294,101282,194,100673,194,101363,194,100230,194,,,100202,100,,,100098,100,,,100002,100,,,99985,100,,,99888,100,,,99887,100
2019-06-28 10:10:10.280981797,101175,294,101047,194,101275,194,100733,194,101282,194,100673,194,101363,194,100230,194,,,100202,100,,,100098,100,,,100002,100,,,99985,100,,,99888,100,,,99887,100
2019-06-28 10:10:20.000000000,101175,276,101047,176,101275,176,100733,176,101282,176,100673,176,101363,176,100230,176,101364,76,100202,176,,,100098,100,,,100002,100,,,99985,100,,,99888,100,,,99887,100
2019-06-28 10:10:30.000000000,101175,578,101047,478,101275,100,100733,100,101282,100,100673,100,101363,100,100230,100,,,100202,100,,,100098,100,,,100002,100,,,99985,100,,,99888,100,,,99887,100
