,ask_price_1,ask_size_1,bid_price_1,bid_size_1,ask_price_2,ask_size_2,bid_price_2,bid_size_2,ask_price_3,ask_size_3,bid_price_3,bid_size_3,ask_price_4,ask_size_4,bid_price_4,bid_size_4,ask_price_5,ask_size_5,bid_price_5,bid_size_5,ask_price_6,ask_size_6,bid_price_6,bid_size_6,ask_price_7,ask_size_7,bid_price_7,bid_size_7,ask_price_8,ask_size_8,bid_price_8,bid_size_8,ask_price_9,ask_size_9,bid_price_9,bid_size_9,ask_price_10,ask_size_10,bid_price_10,bid_size_10
2019-06-28 09:30:00.000000000,100013,100,99950,100,,,,,,,,,,,,,,,,,,,,,,,,,,,,,,,,,,,,
2019-06-28 09:30:00.000000002,100013,100,99950,100,100041,100,,,,,,,,,,,,,,,,,,,,,,,,,,,,,,,,,,
2019-06-28 09:30:00.000000004,100013,100,99950,100,100041,100,,,100143,100,,,,,,,,,,,,,,,,,,,,,,,,,,,,,,
2019-06-28 09:30:00.000000007,100013,100,99950,100,100041,100,99845,100,100143,100,,,,,,,,,,,,,,,,,,,,,,,,,,,,,,
2019-06-28 09:30:00.000000010,100013,100,99977,100,100041,100,99950,100,100051,100,99845,100,100143,100,,,,,,,,,,,,,,,,,,,,,,,,,,
2019-06-28 09:30:00.000000011,100013,100,99977,100,100041,100,99950,100,100051,100,99845,100,100143,100,99823,100,,,,,,,,,,,,,,,,,,,,,,,,
2019-06-28 09:30:00.000000013,100013,100,99977,100,100041,100,99950,100,100051,100,99845,100,100081,100,99823,100,100143,100,,,,,,,,,,,,,,,,,,,,,,
2019-06-28 09:30:00.000000016,100013,100,99845,100,100041,100,99823,100,100051,100,,,100062,100,,,100081,100,,,100143,100,,,,,,,,,,,,,,,,,,
2019-06-28 09:30:00.000000019,100013,100,99845,100,100041,100,99823,100,100051,100,,,100062,100,,,100067,100,,,100068,100,,,100081,100,,,100110,100,,,100143,100,,,,,,
2019-06-28 09:30:00.000000020,100013,100,99845,100,100041,100,99823,100,100051,100,,,100056,100,,,100062,100,,,100067,100,,,100068,100,,,100081,100,,,100110,100,,,100143,100,,
2019-06-28 09:30:00.000000021,100013,100,99968,100,100041,100,99845,100,100051,100,99823,100,100056,100,,,100062,100,,,100067,100,,,100068,100,,,100081,100,,,100110,100,,,100143,100,,
2019-06-28 09:30:00.000000026,100013,100,99968,100,100041,100,99845,100,100051,100,99836,100,100056,100,99823,100,100062,100,,,100067,100,,,100068,100,,,100081,100,,,100110,100,,,100143,100,,
2019-06-28 09:30:00.000000027,100013,100,99845,100,100041,100,99836,100,100051,100,99823,100,100056,100,,,100062,100,,,100067,100,,,100068,100,,,100081,100,,,100110,100,,,100143,100,,
2019-06-28 09:30:00.000000028,100013,100,99863,100,100041,100,99845,100,100051,100,99836,100,100056,100,99823,100,100062,100,,,100067,100,,,100068,100,,,100081,100,,,100110,100,,,100143,100,,
2019-06-28 09:30:00.000000029,100013,100,99877,100,100041,100,99863,100,100051,100,99845,100,100056,100,99836,100,100062,100,99823,100,100067,100,,,100068,100,,,100081,100,,,100110,100,,,100143,100,,
2019-06-28 09:30:00.000000031,100013,100,99950,100,100041,100,99877,100,100051,100,99863,100,100056,100,99845,100,100062,100,99836,100,100067,100,99823,100,100068,100,,,100081,100,,,100110,100,,,100143,100,,
2019-06-28 09:30:00.000000033,100013,100,99950,200,100041,100,99877,100,100051,100,99863,100,100056,100,99845,100,100062,100,99836,100,100067,100,99823,100,100068,100,,,100081,100,,,100110,100,,,100143,100,,
2019-06-28 09:30:00.000000034,100013,100,99950,300,100041,100,99877,100,100051,100,99863,100,100056,100,99845,100,100062,100,99836,100,100067,100,99823,100,100068,100,,,100081,100,,,100110,100,,,100143,100,,
2019-06-28 09:30:00.000000037,99964,100,99950,300,100013,100,99877,100,100041,100,99863,100,100051,100,99845,100,100056,100,99836,100,100062,100,99823,100,100067,100,,,100068,100,,,100081,100,,,100110,100,,
2019-06-28 09:30:00.000000038,99964,100,99950,400,100013,100,99877,100,100041,100,99863,100,100051,100,99845,100,100056,100,99836,100,100062,100,99823,100,100067,100,,,100068,100,,,100075,100,,,100081,100,,
2019-06-28 09:30:00.000000043,99964,100,99950,500,100013,100,99877,100,100041,100,99863,100,100051,100,99845,100,100056,100,99836,100,100062,100,99823,100,100067,100,,,100068,100,,,100075,100,,,100081,100,,
2019-06-28 09:30:00.000000045,99964,100,99950,500,100013,100,99877,100,100041,100,99863,100,100051,100,99845,100,100056,100,99836,100,100062,100,99823,100,100067,100,,,100068,100,,,100075,100,,,100081,100,,
2019-06-28 09:30:00.000000046,100013,100,99950,500,100041,100,99877,100,100051,100,99863,100,100056,100,99845,100,100062,100,99836,100,100067,100,99823,100,100068,100,,,100075,100,,,100081,100,,,100110,100,,
2019-06-28 09:30:00.000000048,100013,100,99964,100,100041,100,99950,500,100051,100,99877,100,100056,100,99863,100,100062,100,99845,100,100067,100,99836,100,100068,100,99823,100,100075,100,,,100081,100,,,100110,100,,
2019-06-28 09:30:00.000000049,100013,100,99964,100,100031,100,99950,500,100041,100,99877,100,100051,100,99863,100,100056,100,99845,100,100062,100,99836,100,100067,100,99823,100,100068,100,,,100075,100,,,100081,100,,
2019-06-28 09:30:00.000000052,100013,100,99964,100,100031,100,99950,500,100041,100,99877,100,100051,100,99863,100,100056,100,99845,100,100062,100,99836,100,100067,100,99823,100,100068,100,,,100075,100,,,100080,100,,
2019-06-28 09:30:00.000000053,100013,100,99964,100,100031,100,99950,500,100041,100,99877,100,100051,100,99863,100,100056,100,99845,100,100062,100,99836,100,100067,100,99823,100,100068,100,,,100075,100,,,100080,100,,
2019-06-28 09:30:00.000000056,100013,100,99964,100,100031,100,99951,100,100041,100,99950,500,100051,100,99877,100,100056,100,99863,100,100062,100,99845,100,100067,100,99836,100,100068,100,99823,100,100075,100,,,100080,100,,
2019-06-28 09:30:00.000000057,100013,100,99951,100,100031,100,99950,500,100041,100,99877,100,100051,100,99863,100,100056,100,99845,100,100062,100,99836,100,100067,100,99823,100,100068,100,,,100075,100,,,100080,100,,
2019-06-28 09:30:00.000000058,100013,100,99951,200,100031,100,99950,500,100041,100,99877,100,100051,100,99863,100,100056,100,99845,100,100062,100,99836,100,100067,100,99823,100,100068,100,,,100075,100,,,100080,100,,
2019-06-28 09:30:00.000000059,100013,100,99951,200,100031,100,99950,500,100041,100,99877,100,100051,100,99863,100,100056,100,99848,100,100062,100,99845,100,100067,100,99836,100,100068,100,99823,100,100075,100,,,100080,100,,
2019-06-28 09:30:00.000000060,100013,100,99951,200,100031,100,99950,500,100041,100,99930,100,100051,100,99877,100,100056,100,99863,100,100062,100,99848,100,100067,100,99845,100,100068,100,99836,100,100075,100,99823,100,100080,100,,
2019-06-28 09:30:00.000000063,100013,100,99951,200,100031,100,99950,500,100041,100,99930,100,100051,100,99886,100,100056,100,99877,100,100062,100,99863,100,100067,100,99848,100,100068,100,99845,100,100075,100,99836,100,100080,100,99823,100
2019-06-28 09:30:00.000000064,100013,100,99951,200,100030,100,99950,500,100031,100,99930,100,100041,100,99886,100,100051,100,99877,100,100056,100,99863,100,100062,100,99848,100,100067,100,99845,100,100068,100,99836,100,100075,100,99823,100
2019-06-28 09:30:00.000000065,100013,100,99951,200,100030,100,99950,500,100031,100,99930,100,100041,100,99909,100,100051,100,99886,100,100056,100,99877,100,100062,100,99863,100,100067,100,99848,100,100068,100,99845,100,100075,100,99836,100
2019-06-28 09:30:00.000000067,100013,100,99951,200,100030,100,99950,600,100031,100,99930,100,100041,100,99909,100,100051,100,99886,100,100056,100,99877,100,100060,100,99863,100,100062,100,99848,100,100067,100,99845,100,100068,100,99836,100
2019-06-28 09:30:00.000000068,100013,100,99951,200,100030,100,99950,600,100031,100,99930,100,100041,100,99909,100,100051,100,99886,100,100056,100,99877,100,100060,100,99867,100,100062,100,99863,100,100067,100,99848,100,100068,100,99845,100
2019-06-28 09:30:00.000000070,100013,100,99951,200,100030,100,99950,600,100031,100,99930,100,100041,100,99909,100,100051,100,99886,100,100056,100,99877,100,100060,100,99867,100,100062,100,99863,100,100067,100,99848,100,100068,100,99845,100
2019-06-28 09:30:00.000000073,100013,100,99951,200,100030,100,99950,600,100031,100,99930,100,100041,100,99909,100,100051,100,99901,100,100056,100,99886,100,100060,100,99877,100,100062,100,99867,100,100067,100,99863,100,100068,100,99848,100
2019-06-28 09:30:00.000000074,100013,100,99951,200,100030,100,99950,600,100031,100,99930,100,100041,100,99923,100,100051,100,99909,100,100056,100,99901,100,100060,100,99886,100,100062,100,99877,100,100067,100,99867,100,100068,100,99863,100
2019-06-28 09:30:00.000000079,100013,100,99964,100,100030,100,99951,200,100031,100,99950,600,100041,100,99930,100,100051,100,99923,100,100056,100,99909,100,100060,100,99901,100,100062,100,99886,100,100067,100,99877,100,100068,100,99867,100
2019-06-28 09:30:00.000000083,100013,100,99964,100,100030,100,99951,200,100031,100,99950,600,100041,100,99930,100,100051,100,99923,100,100056,100,99909,100,100060,100,99901,100,100062,100,99886,100,100067,100,99877,100,100068,100,99873,100
2019-06-28 09:30:00.000000089,100013,100,99964,100,100030,100,99951,200,100031,100,99950,600,100041,100,99930,100,100051,100,99923,100,100056,100,99909,100,100060,100,99901,100,100062,100,99886,100,100067,100,99877,100,100068,100,99873,100
2019-06-28 09:30:00.000000092,100013,100,99964,100,100030,100,99951,200,100031,100,99950,600,100041,100,99939,100,100051,100,99930,100,100056,100,99923,100,100060,100,99909,100,100062,100,99901,100,100067,100,99886,100,100068,100,99877,100
2019-06-28 09:30:00.000000094,100013,100,100006,100,100030,100,99964,100,100031,100,99951,200,100041,100,99950,600,100051,100,99939,100,100056,100,99930,100,100060,100,99923,100,100062,100,99909,100,100067,100,99901,100,100068,100,99886,100
2019-06-28 09:30:00.000000095,100030,100,100006,100,100031,100,99964,100,100041,100,99951,200,100051,100,99950,600,100056,100,99939,100,100060,100,99930,100,100062,100,99923,100,100067,100,99909,100,100068,100,99901,100,100075,100,99886,100
2019-06-28 09:30:00.000000096,100030,100,100006,100,100031,100,99964,100,100041,100,99951,200,100051,100,99950,600,100056,100,99939,100,100060,100,99934,100,100062,100,99930,100,100067,100,99923,100,100068,100,99909,100,100075,100,99901,100
2019-06-28 09:30:00.000000097,100030,100,100007,100,100031,100,100006,100,100041,100,99965,100,100051,100,99964,100,100056,100,99951,200,100060,100,99950,600,100062,100,99939,100,100067,100,99934,100,100068,100,99930,100,100075,100,99923,100
2019-06-28 09:30:00.000000098,100030,100,100007,100,100031,100,100006,100,100041,100,99991,100,100051,100,99965,100,100056,100,99964,100,100060,100,99951,200,100062,100,99950,600,100067,100,99939,100,100068,100,99934,100,100075,100,99930,100
2019-06-28 09:30:00.000000099,100030,100,100007,100,100031,100,100006,100,100041,100,99991,100,100051,100,99965,100,100056,100,99964,100,100060,100,99951,200,100062,100,99950,600,100067,100,99939,100,100068,100,99934,100,100075,100,99930,100
2019-06-28 09:30:02.432151916,100030,100,100007,100,100031,100,100006,100,100041,100,99991,100,100051,100,99967,100,100056,100,99965,100,100060,100,99964,100,100062,100,99951,200,100067,100,99950,600,100068,100,99939,100,100075,100,99934,100
2019-06-28 09:30:10.000000000,100030,301,100007,301,100031,301,100006,301,100041,100,99991,100,100051,100,99967,100,100056,100,99965,100,100060,100,99964,100,100062,100,99951,200,100067,100,99950,600,100068,100,99939,100,100075,100,99934,100
2019-06-28 09:30:11.774791635,100030,301,100007,201,100031,301,100006,301,100041,100,99991,100,100051,100,99967,100,100056,100,99965,100,100060,100,99964,100,100062,100,99951,200,100067,100,99950,600,100068,100,99939,100,100075,100,99934,100
2019-06-28 09:30:17.165697462,100030,301,100007,201,100031,301,100006,301,100041,100,99991,100,100051,100,99967,100,100056,100,99965,100,100060,100,99964,100,100062,100,99951,200,100067,100,99950,500,100068,100,99939,100,100075,100,99934,100
2019-06-28 09:30:20.000000000,100030,200,100006,200,100031,200,99991,200,100041,200,99967,200,100051,200,99965,200,100056,100,99964,100,100060,100,99951,200,100062,100,99950,500,100067,100,99939,100,100068,100,99934,100,100075,100,99930,100
2019-06-28 09:30:30.000000000,100030,180,100006,180,100031,180,99991,180,100041,180,99967,180,100051,180,99965,180,100056,180,99964,180,100060,100,99951,200,100062,100,99950,500,100067,100,99939,100,100068,100,99934,100,100075,100,99930,100
2019-06-28 09:30:40.000000000,100030,237,100006,237,100031,233,99991,233,100041,233,99967,233,100051,100,99965,100,100056,100,99964,100,100060,100,99951,200,100062,100,99950,500,100067,100,99939,100,100068,100,99934,100,100075,100,99930,100
2019-06-28 09:30:45.577506613,100030,237,100008,100,100031,233,100006,237,100041,233,99991,233,100051,100,99967,233,100056,100,99965,100,100060,100,99964,100,100062,100,99951,200,100067,100,99950,500,100068,100,99939,100,100075,100,99934,100
2019-06-28 09:30:50.000000000,100030,180,100008,180,100031,180,100006,180,100041,180,99991,180,100051,180,99967,180,100056,180,99965,180,100060,100,99964,100,100062,100,99951,200,100067,100,99950,500,100068,100,99939,100,100075,100,99934,100
2019-06-28 09:30:59.677620218,100030,180,100008,180,100031,180,100006,180,100041,180,99991,180,100051,180,99967,180,100056,180,99965,180,100060,100,99964,100,100062,100,99951,200,100067,100,99950,500,100068,100,99939,100,100075,100,99934,100
2019-06-28 09:31:00.000000000,100030,301,100008,301,100031,301,100006,301,100041,100,99991,100,100051,100,99967,100,100056,100,99965,100,100060,100,99964,100,100062,100,99951,200,100067,100,99950,500,100068,100,99939,100,100075,100,99934,100
2019-06-28 09:31:01.176217564,100030,301,100008,301,100031,301,100006,301,100041,100,99991,100,100051,100,99967,100,100056,100,99965,100,100060,100,99964,100,100062,100,99951,200,100067,100,99950,500,100068,100,99939,100,100075,100,99934,100
2019-06-28 09:31:10.000000000,100030,200,100008,200,100031,200,100006,200,100041,200,99991,200,100051,200,99967,200,100056,100,99965,100,100060,100,99964,100,100062,100,99951,200,100067,100,99950,500,100068,100,99939,100,100075,100,99934,100
2019-06-28 09:31:20.000000000,100030,502,100008,502,100031,100,100006,100,100041,100,99991,100,100051,100,99967,100,100056,100,99965,100,100060,100,99964,100,100062,100,99951,200,100067,100,99950,500,100068,100,99939,100,100075,100,99934,100
2019-06-28 09:31:23.139901062,100030,402,100008,502,100031,100,100006,100,100041,100,99991,100,100051,100,99967,100,100056,100,99965,100,100060,100,99964,100,100062,100,99951,200,100067,100,99950,500,100068,100,99939,100,100075,100,99934,100
2019-06-28 09:31:30.000000000,100031,301,100008,301,100041,301,100006,301,100051,100,99991,100,100056,100,99967,100,100060,100,99965,100,100062,100,99964,100,100067,100,99951,200,100068,100,99950,500,100075,100,99939,100,100080,100,99934,100
2019-06-28 09:31:40.000000000,100031,301,100008,301,100041,301,100006,301,100051,100,99991,100,100056,100,99967,100,100060,100,99965,100,100062,100,99964,100,100067,100,99951,200,100068,100,99950,500,100075,100,99939,100,100080,100,99934,100
2019-06-28 09:31:50.000000000,100031,301,100008,301,100041,301,100006,301,100051,100,99991,100,100056,100,99967,100,100060,100,99965,100,100062,100,99964,100,100067,100,99951,200,100068,100,99950,500,100075,100,99939,100,100080,100,99934,100
2019-06-28 09:31:54.621616985,100031,301,100009,100,100041,301,100008,301,100051,100,100006,301,100056,100,99991,100,100060,100,99967,100,100062,100,99965,100,100067,100,99964,100,100068,100,99951,200,100075,100,99950,500,100080,100,99939,100
2019-06-28 09:32:00.000000000,100031,237,100009,237,100041,233,100008,233,100051,233,100006,233,100056,100,99991,100,100060,100,99967,100,100062,100,99965,100,100067,100,99964,100,100068,100,99951,200,100075,100,99950,500,100080,100,99939,100
2019-06-28 09:32:10.000000000,100031,237,100009,237,100041,233,100008,233,100051,233,100006,233,100056,100,99991,100,100060,100,99967,100,100062,100,99965,100,100067,100,99964,100,100068,100,99951,200,100075,100,99950,500,100080,100,99939,100
2019-06-28 09:32:20.000000000,100031,502,100009,502,100041,100,100008,100,100051,100,100006,100,100056,100,99991,100,100060,100,99967,100,100062,100,99965,100,100067,100,99964,100,100068,100,99951,200,100075,100,99950,500,100080,100,99939,100
2019-06-28 09:32:30.000000000,100031,180,100009,180,100041,180,100008,180,100051,180,100006,180,100056,180,99991,180,100060,180,99967,180,100062,100,99965,100,100067,100,99964,100,100068,100,99951,200,100075,100,99950,500,100080,100,99939,100
2019-06-28 09:32:37.883660517,100031,80,100009,180,100041,180,100008,180,100051,180,100006,180,100056,180,99991,180,100060,180,99967,180,100062,100,99965,100,100067,100,99964,100,100068,100,99951,200,100075,100,99950,500,100080,100,99934,100
2019-06-28 09:32:40.000000000,100041,200,100009,200,100051,200,100008,200,100056,200,100006,200,100060,200,99991,200,100062,100,99967,100,100067,100,99965,100,100068,100,99964,100,100075,100,99951,200,100080,100,99950,500,100081,200,99934,100
2019-06-28 09:32:40.061688962,100041,100,100009,200,100051,200,100008,200,100056,200,100006,200,100060,200,99991,200,100062,100,99967,100,100067,100,99965,100,100068,100,99964,100,100075,100,99951,200,100080,100,99950,500,100081,200,99934,100
2019-06-28 09:32:43.317282813,100041,100,100031,100,100051,200,100009,200,100056,200,100008,200,100060,200,100006,200,100062,100,99991,200,100067,100,99967,100,100068,100,99965,100,100075,100,99964,100,100080,100,99951,200,100081,200,99950,500
2019-06-28 09:32:43.604998351,100051,200,100031,100,100056,200,100009,200,100060,200,100008,200,100062,100,100006,200,100067,100,99991,200,100068,100,99967,100,100075,100,99965,100,100080,100,99964,100,100081,200,99951,200,100092,100,99950,500
2019-06-28 09:32:43.965364411,100051,100,100031,100,100056,200,100009,200,100060,200,100008,200,100062,100,100006,200,100067,100,99991,200,100068,100,99967,100,100075,100,99965,100,100080,100,99964,100,100081,200,99951,200,100092,100,99950,500
2019-06-28 09:32:45.862347227,100051,100,100041,100,100056,200,100031,100,100060,200,100009,200,100062,100,100008,200,100067,100,100006,200,100068,100,99991,200,100075,100,99967,100,100080,100,99965,100,100081,200,99964,100,100092,100,99951,200
2019-06-28 09:32:50.000000000,100056,502,100041,502,100060,100,100031,100,100062,100,100009,100,100067,100,100008,100,100068,100,100006,100,100075,100,99991,100,100080,100,99967,100,100081,200,99965,100,100092,100,99964,100,100093,100,99951,200
2019-06-28 09:33:00.000000000,100056,301,100041,301,100060,301,100031,301,100062,100,100009,100,100067,100,100008,100,100068,100,100006,100,100075,100,99991,100,100080,100,99967,100,100081,200,99965,100,100092,100,99964,100,100093,100,99951,200
2019-06-28 09:33:10.000000000,100056,200,100041,200,100060,200,100031,200,100062,200,100009,200,100067,200,100008,200,100068,100,100006,100,100075,100,99991,100,100080,100,99967,100,100081,200,99965,100,100092,100,99964,100,100093,100,99951,200
2019-06-28 09:33:14.126933643,100056,200,100041,300,100060,200,100031,200,100062,200,100009,200,100067,200,100008,200,100068,100,100006,100,100075,100,99991,100,100080,100,99967,100,100081,200,99965,100,100092,100,99964,100,100093,100,99951,200
2019-06-28 09:33:20.000000000,100056,301,100041,401,100060,301,100031,301,100062,100,100009,100,100067,100,100008,100,100068,100,100006,100,100075,100,99991,100,100080,100,99967,100,100081,200,99965,100,100092,100,99964,100,100093,100,99951,200
2019-06-28 09:33:29.779531636,100056,301,100041,401,100060,301,100031,301,100067,100,100009,100,100068,100,100008,100,100075,100,100006,100,100080,100,99991,100,100081,200,99967,100,100092,100,99965,100,100093,100,99964,100,100110,100,99951,200
2019-06-28 09:33:30.000000000,100056,301,100041,401,100060,301,100031,301,100067,100,100009,100,100068,100,100008,100,100075,100,100006,100,100080,100,99991,100,100081,200,99967,100,100092,100,99965,100,100093,100,99964,100,100110,100,99951,200
2019-06-28 09:33:33.538383399,100056,301,100041,401,100060,301,100031,301,100067,100,100009,100,100068,100,100008,100,100075,100,100006,100,100080,100,99991,100,100081,200,99967,100,100092,100,99965,100,100093,100,99964,100,100110,100,99951,200
2019-06-28 09:33:39.765651960,100056,201,100041,401,100060,301,100031,301,100067,100,100009,100,100068,100,100008,100,100075,100,100006,100,100080,100,99991,100,100081,200,99967,100,100092,100,99965,100,100093,100,99964,100,100110,100,99951,200
2019-06-28 09:33:40.000000000,100060,237,100041,337,100067,233,100031,233,100068,233,100009,233,100075,100,100008,100,100080,100,100006,100,100081,200,99991,100,100092,100,99967,100,100093,100,99965,100,100110,100,99964,100,100111,100,99951,200
2019-06-28 09:33:50.000000000,100060,200,100041,300,100067,200,100031,200,100068,200,100009,200,100075,200,100008,200,100080,100,100006,100,100081,200,99991,100,100092,100,99967,100,100093,100,99965,100,100110,100,99964,100,100111,100,99951,200
2019-06-28 09:33:50.148627313,100060,200,100051,100,100067,200,100041,300,100068,200,100031,200,100075,200,100009,200,100080,100,100008,200,100081,200,100006,100,100092,100,99991,100,100093,100,99967,100,100110,100,99965,100,100111,100,99964,100
2019-06-28 09:33:53.320817933,100060,200,100051,100,100067,200,100041,300,100068,200,100031,200,100075,200,100009,200,100080,100,100008,200,100081,200,100006,100,100092,100,99991,100,100093,100,99967,100,100110,100,99965,100,100111,100,99964,100
2019-06-28 09:33:58.704065554,100060,200,100051,200,100067,200,100041,300,100068,200,100031,100,100075,200,100009,200,100080,100,100008,200,100081,200,100006,100,100092,100,99991,100,100093,100,99967,100,100110,100,99965,100,100111,100,99964,100
2019-06-28 09:34:00.000000000,100060,502,100051,602,100067,100,100041,200,100068,100,100009,100,100075,100,100008,100,100080,100,100006,100,100081,200,99991,100,100092,100,99967,100,100093,100,99965,100,100110,100,99964,100,100111,100,99951,200
2019-06-28 09:34:10.000000000,100060,237,100051,337,100067,233,100041,333,100068,233,100009,233,100075,100,100008,100,100080,100,100006,100,100081,200,99991,100,100092,100,99967,100,100093,100,99965,100,100110,100,99964,100,100111,100,99951,200
2019-06-28 09:34:10.623805180,100060,237,100051,437,100067,233,100041,333,100068,233,100009,233,100075,100,100008,100,100080,100,100006,100,100081,200,99991,100,100092,100,99967,100,100093,100,99965,100,100110,100,99964,100,100111,100,99951,200
2019-06-28 09:34:16.597857206,100060,237,100051,437,100067,233,100041,333,100068,233,100009,233,100075,100,100008,100,100080,100,100006,100,100081,200,99991,100,100092,100,99967,100,100093,100,99965,100,100110,100,99951,200,100111,100,99950,400
2019-06-28 09:34:17.308044094,100060,137,100051,437,100067,233,100041,333,100068,233,100009,233,100075,100,100008,100,100080,100,100006,100,100081,200,99991,100,100092,100,99967,100,100093,100,99965,100,100110,100,99951,200,100111,100,99950,400
2019-06-28 09:34:18.254101151,100060,37,100051,437,100067,233,100041,333,100068,233,100009,233,100080,100,100008,100,100081,200,100006,100,100092,100,99991,100,100093,100,99967,100,100110,100,99965,100,100111,100,99951,200,100132,100,99950,400
2019-06-28 09:34:20.000000000,100067,237,100051,437,100068,233,100041,333,100080,233,100009,233,100081,200,100008,100,100092,100,100006,100,100093,100,99991,100,100110,100,99967,100,100111,100,99965,100,100132,100,99951,200,100143,100,99950,400
2019-06-28 09:34:30.000000000,100067,237,100051,437,100068,233,100041,333,100080,233,100009,233,100081,200,100008,100,100092,100,100006,100,100093,100,99991,100,100110,100,99967,100,100111,100,99965,100,100132,100,99951,200,100143,100,99950,400
2019-06-28 09:34:40.000000000,100067,237,100051,437,100068,233,100041,333,100080,233,100009,233,100081,200,100008,100,100092,100,100006,100,100093,100,99991,100,100110,100,99967,100,100111,100,99965,100,100132,100,99951,200,100143,100,99950,400
2019-06-28 09:34:50.000000000,100067,502,100051,702,100068,100,100041,200,100080,100,100009,100,100081,200,100008,100,100092,100,100006,100,100093,100,99991,100,100110,100,99967,100,100111,100,99965,100,100132,100,99951,200,100143,100,99950,400
2019-06-28 09:34:51.069717448,100067,502,100051,702,100068,100,100041,200,100080,100,100009,100,100081,200,100008,100,100092,100,100006,100,100093,100,99991,100,100110,100,99967,100,100111,100,99965,100,100132,100,99951,200,100143,100,99950,400
2019-06-28 09:34:53.491658116,100067,402,100051,702,100068,100,100041,200,100080,100,100009,100,100081,200,100008,100,100092,100,100006,100,100093,100,99991,100,100110,100,99967,100,100111,100,99965,100,100132,100,99951,200,100143,100,99950,400
2019-06-28 09:34:53.959380188,100067,302,100051,702,100068,100,100041,200,100080,100,100009,100,100081,200,100008,100,100092,100,100006,100,100093,100,99991,100,100110,100,99967,100,100111,100,99965,100,100132,100,99951,200,100143,100,99950,400
2019-06-28 09:34:54.490562980,100067,202,100051,702,100068,100,100041,200,100080,100,100009,100,100081,200,100008,100,100092,100,100006,100,100093,100,99991,100,100110,100,99967,100,100111,100,99965,100,100132,100,99951,200,100143,100,99950,400
2019-06-28 09:35:00.000000000,100068,502,100051,702,100080,100,100041,200,100081,200,100009,100,100092,100,100008,100,100093,100,100006,100,100110,100,99991,100,100111,100,99967,100,100132,100,99965,100,100143,100,99951,200,100149,100,99950,400
2019-06-28 09:35:10.000000000,100068,200,100051,400,100080,200,100041,300,100081,300,100009,200,100092,200,100008,200,100093,100,100006,100,100110,100,99991,100,100111,100,99967,100,100132,100,99965,100,100143,100,99951,200,100149,100,99950,400
2019-06-28 09:35:20.000000000,100068,301,100051,501,100080,301,100041,401,100081,200,100009,100,100092,100,100008,100,100093,100,100006,100,100110,100,99991,100,100111,100,99967,100,100132,100,99965,100,100143,100,99951,200,100149,100,99950,400
2019-06-28 09:35:26.534642449,100068,301,100051,501,100080,301,100041,401,100081,200,100009,100,100092,100,100008,100,100093,100,100006,100,100110,100,99991,100,100111,100,99967,100,100132,100,99965,100,100143,100,99951,200,100149,100,99950,400
2019-06-28 09:35:30.000000000,100068,301,100051,501,100080,301,100041,401,100081,200,100009,100,100092,100,100008,100,100093,100,100006,100,100110,100,99991,100,100111,100,99967,100,100132,100,99965,100,100143,100,99951,200,100149,100,99950,400
2019-06-28 09:35:40.000000000,100068,180,100051,380,100080,180,100041,280,100081,280,100009,180,100092,180,100008,180,100093,180,100006,180,100110,100,99991,100,100111,100,99967,100,100132,100,99965,100,100143,100,99951,200,100149,100,99950,400
2019-06-28 09:35:45.168631285,100068,80,100051,380,100080,180,100041,280,100081,280,100009,180,100092,180,100008,180,100093,180,100006,180,100110,100,99991,100,100111,100,99967,100,100132,100,99965,100,100143,100,99951,100,100149,100,99950,400
2019-06-28 09:35:46.826155950,100068,80,100051,380,100080,180,100041,280,100081,280,100009,180,100092,180,100008,180,100093,180,100006,180,100110,100,99991,100,100111,100,99967,100,100132,100,99951,100,100143,100,99950,400,100149,100,99934,100
2019-06-28 09:35:50.000000000,100080,200,100051,400,100081,300,100041,300,100092,200,100009,200,100093,200,100008,200,100110,100,100006,100,100111,100,99991,100,100132,100,99967,100,100143,100,99951,100,100149,100,99950,400,100200,100,99934,100
2019-06-28 09:36:00.000000000,100080,237,100051,437,100081,333,100041,333,100092,233,100009,233,100093,100,100008,100,100110,100,100006,100,100111,100,99991,100,100132,100,99967,100,100143,100,99951,100,100149,100,99950,400,100200,100,99934,100
2019-06-28 09:36:07.551986538,100080,237,100051,437,100081,333,100041,333,100092,233,100009,233,100093,100,100008,100,100110,100,100006,100,100111,100,99991,100,100132,100,99967,100,100143,100,99951,100,100149,100,99950,400,100200,100,99934,100
2019-06-28 09:36:10.000000000,100080,301,100051,501,100081,401,100041,401,100092,100,100009,100,100093,100,100008,100,100110,100,100006,100,100111,100,99991,100,100132,100,99967,100,100143,100,99951,100,100149,100,99950,400,100200,100,99934,100
2019-06-28 09:36:16.873572258,100080,301,100051,501,100081,401,100041,401,100092,100,100009,100,100093,100,100008,100,100110,100,100006,100,100111,100,99991,100,100132,100,99967,100,100143,100,99951,100,100149,100,99950,400,100200,100,99934,100
2019-06-28 09:36:20.000000000,100080,301,100051,501,100081,401,100041,401,100092,100,100009,100,100093,100,100008,100,100110,100,100006,100,100111,100,99991,100,100132,100,99967,100,100143,100,99951,100,100149,100,99950,400,100200,100,99934,100
2019-06-28 09:36:29.274575676,100080,301,100051,501,100081,401,100041,401,100092,100,100009,100,100093,100,100008,100,100110,100,100006,100,100111,100,99991,100,100132,100,99967,100,100149,100,99951,100,100200,100,99950,400,100231,100,99934,100
2019-06-28 09:36:30.000000000,100080,200,100051,400,100081,300,100041,300,100092,200,100009,200,100093,200,100008,200,100110,100,100006,100,100111,100,99991,100,100132,100,99967,100,100149,100,99951,100,100200,100,99950,400,100231,100,99934,100
2019-06-28 09:36:40.000000000,100080,237,100051,437,100081,333,100041,333,100092,233,100009,233,100093,100,100008,100,100110,100,100006,100,100111,100,99991,100,100132,100,99967,100,100149,100,99951,100,100200,100,99950,400,100231,100,99934,100
2019-06-28 09:36:50.000000000,100080,237,100051,437,100081,333,100041,333,100092,233,100009,233,100093,100,100008,100,100110,100,100006,100,100111,100,99991,100,100132,100,99967,100,100149,100,99951,100,100200,100,99950,400,100231,100,99934,100
2019-06-28 09:37:00.000000000,100080,200,100051,400,100081,300,100041,300,100092,200,100009,200,100093,200,100008,200,100110,100,100006,100,100111,100,99991,100,100132,100,99967,100,100149,100,99951,100,100200,100,99950,400,100231,100,99934,100
2019-06-28 09:37:10.000000000,100080,502,100051,702,100081,200,100041,200,100092,100,100009,100,100093,100,100008,100,100110,100,100006,100,100111,100,99991,100,100132,100,99967,100,100149,100,99951,100,100200,100,99950,400,100231,100,99934,100
2019-06-28 09:37:20.000000000,100080,502,100051,702,100081,200,100041,200,100092,100,100009,100,100093,100,100008,100,100110,100,100006,100,100111,100,99991,100,100132,100,99967,100,100149,100,99951,100,100200,100,99950,400,100231,100,99934,100
2019-06-28 09:37:30.000000000,100080,301,100051,501,100081,401,100041,401,100092,100,100009,100,100093,100,100008,100,100110,100,100006,100,100111,100,99991,100,100132,100,99967,100,100149,100,99951,100,100200,100,99950,400,100231,100,99934,100
2019-06-28 09:37:32.154621043,100080,301,100051,501,100081,401,100041,401,100092,100,100009,100,100093,100,100008,100,100110,100,100006,100,100111,100,99991,100,100132,100,99967,100,100149,100,99951,100,100200,100,99950,400,100268,100,99934,100
2019-06-28 09:37:40.000000000,100080,180,100051,380,100081,280,100041,280,100092,180,100009,180,100093,180,100008,180,100110,180,100006,180,100111,100,99991,100,100132,100,99967,100,100149,100,99951,100,100200,100,99950,400,100268,100,99934,100
2019-06-28 09:37:50.000000000,100080,180,100051,380,100081,280,100041,280,100092,180,100009,180,100093,180,100008,180,100110,180,100006,180,100111,100,99991,100,100132,100,99967,100,100149,100,99951,100,100200,100,99950,400,100268,100,99934,100
2019-06-28 09:38:00.000000000,100080,301,100051,501,100081,401,100041,401,100092,100,100009,100,100093,100,100008,100,100110,100,100006,100,100111,100,99991,100,100132,100,99967,100,100149,100,99951,100,100200,100,99950,400,100268,100,99934,100
2019-06-28 09:38:10.000000000,100080,237,100051,437,100081,333,100041,333,100092,233,100009,233,100093,100,100008,100,100110,100,100006,100,100111,100,99991,100,100132,100,99967,100,100149,100,99951,100,100200,100,99950,400,100268,100,99934,100
2019-06-28 09:38:20.000000000,100080,502,100051,702,100081,200,100041,200,100092,100,100009,100,100093,100,100008,100,100110,100,100006,100,100111,100,99991,100,100132,100,99967,100,100149,100,99951,100,100200,100,99950,400,100268,100,99934,100
2019-06-28 09:38:20.665901326,100080,502,100051,702,100081,200,100041,200,100092,100,100009,100,100093,100,100008,100,100110,100,100006,100,100111,100,99991,100,100132,100,99967,100,100149,100,99951,100,100155,100,99950,400,100200,100,99934,100
2019-06-28 09:38:30.000000000,100080,237,100051,437,100081,333,100041,333,100092,233,100009,233,100093,100,100008,100,100110,100,100006,100,100111,100,99991,100,100132,100,99967,100,100149,100,99951,100,100155,100,99950,400,100200,100,99934,100
2019-06-28 09:38:40.000000000,100080,200,100051,400,100081,300,100041,300,100092,200,100009,200,100093,200,100008,200,100110,100,100006,100,100111,100,99991,100,100132,100,99967,100,100149,100,99951,100,100155,100,99950,400,100200,100,99934,100
2019-06-28 09:38:46.553036612,100080,200,100067,100,100081,300,100051,400,100092,200,100041,200,100093,200,100009,200,100110,100,100008,200,100111,100,100006,100,100132,100,99991,100,100149,100,99967,100,100155,100,99951,100,100200,100,99950,400
2019-06-28 09:38:47.868022744,100080,100,100067,100,100081,300,100051,400,100092,200,100041,200,100093,200,100009,200,100110,100,100008,200,100111,100,100006,100,100132,100,99991,100,100149,100,99967,100,100155,100,99951,100,100200,100,99950,400
2019-06-28 09:38:50.000000000,100081,300,100067,200,100092,200,100051,400,100093,200,100041,200,100110,200,100009,200,100111,100,100008,100,100132,100,100006,100,100149,100,99991,100,100155,100,99967,100,100200,100,99951,100,100268,100,99950,400
2019-06-28 09:38:59.371446335,100081,300,100067,200,100092,200,100051,400,100093,200,100041,200,100110,200,100009,200,100111,100,100008,100,100132,100,100006,100,100149,100,99991,100,100155,100,99967,100,100191,100,99951,100,100200,100,99950,400
2019-06-28 09:38:59.843792445,100081,200,100067,200,100092,200,100051,400,100093,200,100041,200,100110,200,100009,200,100111,100,100008,100,100132,100,100006,100,100149,100,99991,100,100155,100,99967,100,100200,100,99951,100,100268,100,99950,400
2019-06-28 09:39:00.000000000,100081,502,100067,502,100092,100,100051,300,100093,100,100041,100,100110,100,100009,100,100111,100,100008,100,100132,100,100006,100,100149,100,99991,100,100155,100,99967,100,100200,100,99951,100,100268,100,99950,400
2019-06-28 09:39:10.000000000,100081,237,100067,237,100092,233,100051,433,100093,233,100041,233,100110,100,100009,100,100111,100,100008,100,100132,100,100006,100,100149,100,99991,100,100155,100,99967,100,100200,100,99951,100,100268,100,99950,400
2019-06-28 09:39:18.351650450,100081,137,100067,237,100092,233,100051,433,100093,233,100041,233,100110,100,100009,100,100111,100,100008,100,100132,100,100006,100,100149,100,99991,100,100155,100,99967,100,100200,100,99951,100,100268,100,99950,400
2019-06-28 09:39:20.000000000,100092,502,100067,502,100093,100,100051,300,100110,100,100041,100,100111,100,100009,100,100132,100,100008,100,100149,100,100006,100,100155,100,99991,100,100200,100,99967,100,100268,100,99951,100,100447,100,99950,400
2019-06-28 09:39:30.000000000,100092,301,100067,301,100093,301,100051,501,100110,100,100041,100,100111,100,100009,100,100132,100,100008,100,100149,100,100006,100,100155,100,99991,100,100200,100,99967,100,100268,100,99951,100,100447,100,99950,400
2019-06-28 09:39:38.753155683,100092,301,100067,201,100093,301,100051,501,100110,100,100041,100,100111,100,100009,100,100132,100,100008,100,100149,100,100006,100,100155,100,99991,100,100200,100,99967,100,100268,100,99951,100,100447,100,99950,400
2019-06-28 09:39:40.000000000,100092,502,100051,702,100093,100,100041,100,100110,100,100009,100,100111,100,100008,100,100132,100,100006,100,100149,100,99991,100,100155,100,99967,100,100200,100,99951,100,100268,100,99950,400,100447,100,99934,100
2019-06-28 09:39:50.000000000,100092,180,100051,380,100093,180,100041,180,100110,180,100009,180,100111,180,100008,180,100132,180,100006,180,100149,100,99991,100,100155,100,99967,100,100200,100,99951,100,100268,100,99950,400,100447,100,99934,100
2019-06-28 09:40:00.000000000,100092,502,100051,702,100093,100,100041,100,100110,100,100009,100,100111,100,100008,100,100132,100,100006,100,100149,100,99991,100,100155,100,99967,100,100200,100,99951,100,100268,100,99950,400,100447,100,99934,100
2019-06-28 09:40:07.781256077,100092,402,100051,702,100093,100,100041,100,100110,100,100009,100,100111,100,100008,100,100132,100,100006,100,100149,100,99991,100,100155,100,99967,100,100200,100,99951,100,100268,100,99950,400,100447,100,99934,100
2019-06-28 09:40:10.000000000,100093,200,100051,400,100110,200,100041,200,100111,200,100009,200,100132,200,100008,200,100149,100,100006,100,100155,100,99991,100,100200,100,99967,100,100268,100,99951,100,100447,100,99950,400,100490,100,99934,100
2019-06-28 09:40:20.000000000,100093,237,100051,437,100110,233,100041,233,100111,233,100009,233,100132,100,100008,100,100149,100,100006,100,100155,100,99991,100,100200,100,99967,100,100268,100,99951,100,100447,100,99950,400,100490,100,99934,100
2019-06-28 09:40:30.000000000,100093,237,100051,437,100110,233,100041,233,100111,233,100009,233,100132,100,100008,100,100149,100,100006,100,100155,100,99991,100,100200,100,99967,100,100268,100,99951,100,100447,100,99950,400,100490,100,99934,100
2019-06-28 09:40:37.046950902,100093,137,100051,437,100110,233,100041,233,100111,233,100009,233,100132,100,100008,100,100149,100,100006,100,100155,100,99991,100,100200,100,99967,100,100268,100,99951,100,100447,100,99950,400,100490,100,99934,100
2019-06-28 09:40:40.000000000,100110,237,100051,437,100111,233,100041,233,100132,233,100009,233,100149,100,100008,100,100155,100,100006,100,100200,100,99991,100,100268,100,99967,100,100447,100,99951,100,100490,100,99950,400,100528,100,99934,100
2019-06-28 09:40:50.000000000,100110,502,100051,702,100111,100,100041,100,100132,100,100009,100,100149,100,100008,100,100155,100,100006,100,100200,100,99991,100,100268,100,99967,100,100447,100,99951,100,100490,100,99950,400,100528,100,99934,100
2019-06-28 09:41:00.000000000,100110,502,100051,702,100111,100,100041,100,100132,100,100009,100,100149,100,100008,100,100155,100,100006,100,100200,100,99991,100,100268,100,99967,100,100447,100,99951,100,100490,100,99950,400,100528,100,99934,100
2019-06-28 09:41:10.000000000,100110,237,100051,437,100111,233,100041,233,100132,233,100009,233,100149,100,100008,100,100155,100,100006,100,100200,100,99991,100,100268,100,99967,100,100447,100,99951,100,100490,100,99950,400,100528,100,99934,100
2019-06-28 09:41:20.000000000,100110,301,100051,501,100111,301,100041,301,100132,100,100009,100,100149,100,100008,100,100155,100,100006,100,100200,100,99991,100,100268,100,99967,100,100447,100,99951,100,100490,100,99950,400,100528,100,99934,100
2019-06-28 09:41:30.000000000,100110,502,100051,702,100111,100,100041,100,100132,100,100009,100,100149,100,100008,100,100155,100,100006,100,100200,100,99991,100,100268,100,99967,100,100447,100,99951,100,100490,100,99950,400,100528,100,99934,100
2019-06-28 09:41:31.379862826,100110,502,100051,702,100111,100,100041,100,100132,100,100009,100,100149,100,100008,100,100155,100,100006,100,100200,100,99991,100,100268,100,99967,100,100447,100,99951,100,100490,100,99950,400,100528,100,99934,100
2019-06-28 09:41:40.000000000,100110,180,100051,380,100111,180,100041,180,100132,180,100009,180,100149,180,100008,180,100155,180,100006,180,100200,100,99991,100,100268,100,99967,100,100447,100,99951,100,100490,100,99950,400,100528,100,99934,100
2019-06-28 09:41:50.000000000,100110,301,100051,501,100111,301,100041,301,100132,100,100009,100,100149,100,100008,100,100155,100,100006,100,100200,100,99991,100,100268,100,99967,100,100447,100,99951,100,100490,100,99950,400,100528,100,99934,100
2019-06-28 09:41:50.875870184,100110,301,100092,100,100111,301,100051,501,100132,100,100041,301,100149,100,100009,100,100155,100,100008,100,100200,100,100006,100,100268,100,99991,100,100447,100,99967,100,100490,100,99951,100,100528,100,99950,300
2019-06-28 09:41:59.348689489,100110,201,100092,100,100111,301,100051,501,100149,100,100041,301,100155,100,100009,100,100200,100,100008,100,100268,100,100006,100,100447,100,99991,100,100490,100,99967,100,100528,100,99951,100,100537,100,99950,300
2019-06-28 09:42:00.000000000,100111,180,100092,180,100149,180,100051,380,100155,180,100041,180,100200,180,100009,180,100268,180,100008,180,100447,100,100006,100,100490,100,99991,100,100528,100,99967,100,100537,100,99951,100,100555,100,99950,300
2019-06-28 09:42:09.587498154,100111,180,100092,180,100149,180,100051,380,100155,180,100041,180,100200,180,100009,180,100268,180,100008,180,100447,100,100006,100,100490,100,99991,100,100528,100,99967,100,100537,100,99951,100,100555,100,99950,300
2019-06-28 09:42:10.000000000,100111,180,100092,180,100149,180,100051,380,100155,180,100041,180,100200,180,100009,180,100268,180,100008,180,100447,100,100006,100,100490,100,99991,100,100528,100,99967,100,100537,100,99951,100,100555,100,99950,300
2019-06-28 09:42:20.000000000,100111,237,100092,237,100149,233,100051,433,100155,233,100041,233,100200,100,100009,100,100268,100,100008,100,100447,100,100006,100,100490,100,99991,100,100528,100,99967,100,100537,100,99951,100,100555,100,99950,300
2019-06-28 09:42:28.897521546,100111,237,100093,100,100149,233,100092,237,100155,233,100051,433,100200,100,100041,233,100268,100,100009,100,100447,100,100008,100,100490,100,100006,100,100528,100,99991,100,100537,100,99967,100,100555,100,99951,100
2019-06-28 09:42:30.000000000,100111,180,100093,180,100149,180,100092,180,100155,180,100051,380,100200,180,100041,180,100268,180,100009,180,100447,100,100008,100,100490,100,100006,100,100528,100,99991,100,100537,100,99967,100,100555,100,99951,100
2019-06-28 09:42:40.000000000,100111,180,100093,180,100149,180,100092,180,100155,180,100051,380,100200,180,100041,180,100268,180,100009,180,100447,100,100008,100,100490,100,100006,100,100528,100,99991,100,100537,100,99967,100,100555,100,99951,100
2019-06-28 09:42:50.000000000,100111,237,100093,237,100149,233,100092,233,100155,233,100051,433,100200,100,100041,100,100268,100,100009,100,100447,100,100008,100,100490,100,100006,100,100528,100,99991,100,100537,100,99967,100,100555,100,99951,100
2019-06-28 09:42:59.051542370,100111,237,100093,237,100149,233,100092,233,100155,233,100051,433,100200,100,100041,100,100268,100,100009,100,100447,100,100008,100,100490,100,100006,100,100528,100,99991,100,100537,100,99967,100,100555,100,99951,100
2019-06-28 09:43:00.000000000,100111,237,100093,237,100149,233,100092,233,100155,233,100051,433,100200,100,100041,100,100268,100,100009,100,100447,100,100008,100,100490,100,100006,100,100528,100,99991,100,100537,100,99967,100,100555,100,99951,100
2019-06-28 09:43:10.000000000,100111,502,100093,502,100149,100,100092,100,100155,100,100051,300,100200,100,100041,100,100268,100,100009,100,100447,100,100008,100,100490,100,100006,100,100528,100,99991,100,100537,100,99967,100,100555,100,99951,100
2019-06-28 09:43:20.000000000,100111,200,100093,200,100149,200,100092,200,100155,200,100051,400,100200,200,100041,200,100268,100,100009,100,100447,100,100008,100,100490,100,100006,100,100528,100,99991,100,100537,100,99967,100,100555,100,99951,100
2019-06-28 09:43:30.000000000,100111,200,100093,200,100149,200,100092,200,100155,200,100051,400,100200,200,100041,200,100268,100,100009,100,100447,100,100008,100,100490,100,100006,100,100528,100,99991,100,100537,100,99967,100,100555,100,99951,100
2019-06-28 09:43:38.942874852,100111,100,100093,200,100149,200,100092,200,100155,200,100051,400,100200,200,100041,200,100268,100,100009,100,100447,100,100008,100,100490,100,100006,100,100528,100,99991,100,100537,100,99967,100,100555,100,99951,100
2019-06-28 09:43:40.000000000,100149,200,100093,200,100155,200,100092,200,100200,200,100051,400,100268,200,100041,200,100447,100,100009,100,100490,100,100008,100,100528,100,100006,100,100537,100,99991,100,100555,100,99967,100,100825,100,99951,100
2019-06-28 09:43:42.908771108,100149,100,100093,200,100155,200,100092,200,100200,200,100051,400,100268,200,100041,200,100447,100,100009,100,100490,100,100008,100,100528,100,100006,100,100537,100,99991,100,100555,100,99967,100,100825,100,99951,100
2019-06-28 09:43:50.000000000,100155,502,100093,502,100200,100,100092,100,100268,100,100051,300,100447,100,100041,100,100490,100,100009,100,100528,100,100008,100,100537,100,100006,100,100555,100,99991,100,100825,100,99967,100,,,99951,100
2019-06-28 09:43:51.448372086,100155,502,100093,502,100200,100,100092,100,100268,100,100051,300,100447,100,100041,100,100490,100,100009,100,100528,100,100008,100,100537,100,100006,100,100555,100,99991,100,100825,100,99967,100,101561,100,99951,100
2019-06-28 09:44:00.000000000,100155,180,100093,180,100200,180,100092,180,100268,180,100051,380,100447,180,100041,180,100490,180,100009,180,100528,100,100008,100,100537,100,100006,100,100555,100,99991,100,100825,100,99967,100,101561,100,99951,100
2019-06-28 09:44:10.000000000,100155,180,100093,180,100200,180,100092,180,100268,180,100051,380,100447,180,100041,180,100490,180,100009,180,100528,100,100008,100,100537,100,100006,100,100555,100,99991,100,100825,100,99967,100,101561,100,99951,100
2019-06-28 09:44:20.000000000,100155,237,100093,237,100200,233,100092,233,100268,233,100051,433,100447,100,100041,100,100490,100,100009,100,100528,100,100008,100,100537,100,100006,100,100555,100,99991,100,100825,100,99967,100,101561,100,99951,100
2019-06-28 09:44:30.000000000,100155,180,100093,180,100200,180,100092,180,100268,180,100051,380,100447,180,100041,180,100490,180,100009,180,100528,100,100008,100,100537,100,100006,100,100555,100,99991,100,100825,100,99967,100,101561,100,99951,100
2019-06-28 09:44:40.000000000,100155,237,100093,237,100200,233,100092,233,100268,233,100051,433,100447,100,100041,100,100490,100,100009,100,100528,100,100008,100,100537,100,100006,100,100555,100,99991,100,100825,100,99967,100,101561,100,99951,100
2019-06-28 09:44:50.000000000,100155,502,100093,502,100200,100,100092,100,100268,100,100051,300,100447,100,100041,100,100490,100,100009,100,100528,100,100008,100,100537,100,100006,100,100555,100,99991,100,100825,100,99967,100,101561,100,99951,100
2019-06-28 09:45:00.000000000,100155,301,100093,301,100200,301,100092,301,100268,100,100051,300,100447,100,100041,100,100490,100,100009,100,100528,100,100008,100,100537,100,100006,100,100555,100,99991,100,100825,100,99967,100,101561,100,99951,100
2019-06-28 09:45:09.126249838,100155,301,100111,100,100200,301,100093,301,100268,100,100092,301,100447,100,100051,300,100490,100,100009,100,100528,100,100008,100,100537,100,100006,100,100555,100,99991,100,100825,100,99967,100,101561,100,99951,100
2019-06-28 09:45:09.685981720,100155,201,100111,100,100200,301,100093,301,100268,100,100092,301,100447,100,100051,300,100490,100,100009,100,100528,100,100008,100,100537,100,100006,100,100555,100,99991,100,100825,100,99967,100,100932,100,99951,100
2019-06-28 09:45:10.000000000,100200,301,100111,301,100268,301,100093,301,100447,100,100092,100,100490,100,100051,300,100528,100,100009,100,100537,100,100008,100,100555,100,100006,100,100825,100,99991,100,100932,100,99967,100,101561,100,99951,100
2019-06-28 09:45:20.000000000,100200,180,100111,180,100268,180,100093,180,100447,180,100092,180,100490,180,100051,380,100528,180,100009,180,100537,100,100008,100,100555,100,100006,100,100825,100,99991,100,100932,100,99967,100,101561,100,99951,100
2019-06-28 09:45:20.979947655,100200,180,100111,180,100268,180,100093,180,100447,180,100092,180,100490,180,100051,380,100528,180,100009,180,100537,100,100008,100,100555,100,100006,100,100825,100,99991,100,100932,100,99967,100,101211,100,99951,100
2019-06-28 09:45:30.000000000,100200,301,100111,301,100268,301,100093,301,100447,100,100092,100,100490,100,100051,300,100528,100,100009,100,100537,100,100008,100,100555,100,100006,100,100825,100,99991,100,100932,100,99967,100,101211,100,99951,100
2019-06-28 09:45:40.000000000,100200,180,100111,180,100268,180,100093,180,100447,180,100092,180,100490,180,100051,380,100528,180,100009,180,100537,100,100008,100,100555,100,100006,100,100825,100,99991,100,100932,100,99967,100,101211,100,99951,100
2019-06-28 09:45:50.000000000,100200,301,100111,301,100268,301,100093,301,100447,100,100092,100,100490,100,100051,300,100528,100,100009,100,100537,100,100008,100,100555,100,100006,100,100825,100,99991,100,100932,100,99967,100,101211,100,99951,100
2019-06-28 09:46:00.000000000,100200,502,100111,502,100268,100,100093,100,100447,100,100092,100,100490,100,100051,300,100528,100,100009,100,100537,100,100008,100,100555,100,100006,100,100825,100,99991,100,100932,100,99967,100,101211,100,99951,100
2019-06-28 09:46:05.379174714,100200,402,100111,502,100268,100,100093,100,100447,100,100092,100,100528,100,100051,300,100537,100,100009,100,100555,100,100008,100,100825,100,100006,100,100932,100,99991,100,101211,100,99967,100,101561,100,99951,100
2019-06-28 09:46:09.614301234,100200,302,100111,502,100268,100,100093,100,100447,100,100092,100,100528,100,100051,300,100537,100,100009,100,100555,100,100008,100,100932,100,100006,100,101211,100,99991,100,101561,100,99967,100,,,99951,100
2019-06-28 09:46:10.000000000,100268,237,100111,237,100447,233,100093,233,100528,233,100092,233,100537,100,100051,300,100555,100,100009,100,100932,100,100008,100,101211,100,100006,100,101561,100,99991,100,,,99967,100,,,99951,100
2019-06-28 09:46:14.315850641,100268,237,100111,237,100447,233,100093,233,100528,233,100092,233,100537,100,100051,300,100555,100,100009,100,100932,100,100008,100,101142,100,100006,100,101211,100,99991,100,101561,100,99967,100,,,99951,100
2019-06-28 09:46:18.567222433,100268,237,100111,237,100447,233,100093,233,100528,233,100092,233,100537,100,100051,300,100555,100,100009,100,100932,100,100008,100,101142,100,100006,100,101193,100,99991,100,101211,100,99967,100,101561,100,99951,100
2019-06-28 09:46:20.000000000,100268,301,100111,301,100447,301,100093,301,100528,100,100092,100,100537,100,100051,300,100555,100,100009,100,100932,100,100008,100,101142,100,100006,100,101193,100,99991,100,101211,100,99967,100,101561,100,99951,100
2019-06-28 09:46:30.000000000,100268,200,100111,200,100447,200,100093,200,100528,200,100092,200,100537,200,100051,400,100555,100,100009,100,100932,100,100008,100,101142,100,100006,100,101193,100,99991,100,101211,100,99967,100,101561,100,99951,100
2019-06-28 09:46:35.222504570,100268,200,100111,200,100447,200,100093,200,100528,200,100092,200,100537,200,100051,400,100555,100,100009,100,101142,100,100008,100,101193,100,100006,100,101211,100,99991,100,101561,100,99967,100,101680,100,99951,100
2019-06-28 09:46:40.000000000,100268,180,100111,180,100447,180,100093,180,100528,180,100092,180,100537,180,100051,380,100555,180,100009,180,101142,100,100008,100,101193,100,100006,100,101211,100,99991,100,101561,100,99967,100,101680,100,99951,100
2019-06-28 09:46:47.216760947,100268,180,100111,180,100447,180,100093,180,100528,180,100092,180,100537,180,100051,380,100555,180,100009,180,101142,100,100008,100,101193,100,100006,100,101211,100,99991,100,101390,100,99967,100,101561,100,99951,100
2019-06-28 09:46:49.811544569,100268,180,100111,180,100447,180,100093,180,100528,180,100092,180,100537,180,100051,380,100555,180,100009,180,101142,100,100008,100,101193,100,100006,100,101211,100,99991,100,101390,100,99967,100,101517,100,99951,100
2019-06-28 09:46:50.000000000,100268,502,100111,502,100447,100,100093,100,100528,100,100092,100,100537,100,100051,300,100555,100,100009,100,101142,100,100008,100,101193,100,100006,100,101211,100,99991,100,101390,100,99967,100,101517,100,99951,100
2019-06-28 09:46:58.801442637,100268,502,100111,502,100447,100,100093,100,100528,100,100092,100,100537,100,100051,300,100555,100,100009,100,101142,100,100008,100,101193,100,100006,100,101211,100,99991,100,101283,100,99967,100,101390,100,99951,100
2019-06-28 09:47:00.000000000,100268,301,100111,301,100447,301,100093,301,100528,100,100092,100,100537,100,100051,300,100555,100,100009,100,101142,100,100008,100,101193,100,100006,100,101211,100,99991,100,101283,100,99967,100,101390,100,99951,100
2019-06-28 09:47:02.965981404,100268,301,100111,301,100447,301,100093,301,100528,100,100092,100,100537,100,100051,300,100555,100,100009,100,101142,100,100008,100,101193,100,100006,100,101200,100,99991,100,101211,100,99967,100,101283,100,99951,100
2019-06-28 09:47:07.376426654,100268,301,100111,301,100447,301,100093,301,100528,100,100092,100,100537,100,100051,300,100555,100,100009,100,101142,100,100008,100,101193,100,100006,100,101200,100,99991,100,101211,100,99967,100,101283,100,99951,100
2019-06-28 09:47:08.219040687,100268,201,100111,301,100447,201,100093,301,100528,100,100092,100,100537,100,100051,300,100555,100,100009,100,101142,100,100008,100,101193,100,100006,100,101200,100,99991,100,101211,100,99967,100,101283,100,99951,100
2019-06-28 09:47:10.000000000,100528,502,100111,502,100537,100,100093,100,100555,100,100092,100,101142,100,100051,300,101193,100,100009,100,101200,100,100008,100,101211,100,100006,100,101283,100,99991,100,101352,100,99967,100,101390,100,99951,100
2019-06-28 09:47:10.608697573,100528,402,100111,502,100537,100,100093,100,100555,100,100092,100,101142,100,100051,300,101193,100,100009,100,101200,100,100008,100,101211,100,100006,100,101283,100,99991,100,101352,100,99967,100,101390,100,99951,100
2019-06-28 09:47:19.323337068,100528,302,100111,502,100537,100,100093,100,100555,100,100092,100,101142,100,100051,300,101193,100,100009,100,101200,100,100008,100,101211,100,100006,100,101283,100,99991,100,101352,100,99967,100,101390,100,99951,100
2019-06-28 09:47:20.000000000,100537,237,100111,237,100555,233,100093,233,101142,233,100092,233,101193,100,100051,300,101200,100,100009,100,101211,100,100008,100,101283,100,100006,100,101352,100,99991,100,101390,100,99967,100,101517,100,99951,100
2019-06-28 09:47:30.000000000,100537,200,100111,200,100555,200,100093,200,101142,200,100092,200,101193,200,100051,400,101200,100,100009,100,101211,100,100008,100,101283,100,100006,100,101352,100,99991,100,101390,100,99967,100,101517,100,99951,100
2019-06-28 09:47:40.000000000,100537,301,100111,301,100555,301,100093,301,101142,100,100092,100,101193,100,100051,300,101200,100,100009,100,101211,100,100008,100,101283,100,100006,100,101352,100,99991,100,101390,100,99967,100,101517,100,99951,100
2019-06-28 09:47:42.655396246,100537,101,100111,301,100555,301,100093,301,101142,100,100092,100,101193,100,100051,300,101200,100,100009,100,101211,100,100008,100,101283,100,100006,100,101352,100,99991,100,101390,100,99967,100,101517,100,99951,100
2019-06-28 09:47:50.000000000,100555,200,100111,200,101142,200,100093,200,101193,200,100092,200,101200,200,100051,400,101211,100,100009,100,101283,100,100008,100,101352,100,100006,100,101390,100,99991,100,101517,100,99967,100,101561,100,99951,100
2019-06-28 09:48:00.000000000,100555,200,100111,200,101142,200,100093,200,101193,200,100092,200,101200,200,100051,400,101211,100,100009,100,101283,100,100008,100,101352,100,100006,100,101390,100,99991,100,101517,100,99967,100,101561,100,99951,100
2019-06-28 09:48:08.082836328,100555,200,100528,100,101142,200,100111,200,101193,200,100093,200,101200,200,100092,200,101211,100,100051,400,101283,100,100008,100,101352,100,100006,100,101390,100,99991,100,101517,100,99967,100,101561,100,99951,100
2019-06-28 09:48:10.000000000,100555,502,100528,502,101142,100,100111,100,101193,100,100093,100,101200,100,100092,100,101211,100,100051,300,101283,100,100008,100,101352,100,100006,100,101390,100,99991,100,101517,100,99967,100,101561,100,99951,100
2019-06-28 09:48:20.000000000,100555,502,100528,502,101142,100,100111,100,101193,100,100093,100,101200,100,100092,100,101211,100,100051,300,101283,100,100008,100,101352,100,100006,100,101390,100,99991,100,101517,100,99967,100,101561,100,99951,100
2019-06-28 09:48:30.000000000,100555,301,100528,301,101142,301,100111,301,101193,100,100093,100,101200,100,100092,100,101211,100,100051,300,101283,100,100008,100,101352,100,100006,100,101390,100,99991,100,101517,100,99967,100,101561,100,99951,100
2019-06-28 09:48:33.571053177,100555,301,100528,301,101142,301,100111,301,101193,100,100093,100,101200,100,100092,100,101211,100,100051,300,101283,100,100008,100,101352,100,100006,100,101390,100,99991,100,101517,100,99967,100,101561,100,99951,100
2019-06-28 09:48:40.000000000,100555,237,100528,237,101142,233,100111,233,101193,233,100093,233,101200,100,100092,100,101211,100,100051,300,101283,100,100008,100,101352,100,100006,100,101390,100,99991,100,101517,100,99967,100,101561,100,99951,100
2019-06-28 09:48:42.792582115,100555,237,100528,337,101142,233,100111,233,101193,233,100093,233,101200,100,100092,100,101211,100,100051,300,101283,100,100008,100,101352,100,100006,100,101390,100,99991,100,101517,100,99967,100,101561,100,99951,100
2019-06-28 09:48:50.000000000,100555,301,100528,401,101142,301,100111,301,101193,100,100093,100,101200,100,100092,100,101211,100,100051,300,101283,100,100008,100,101352,100,100006,100,101390,100,99991,100,101517,100,99967,100,101561,100,99951,100
2019-06-28 09:48:53.069857910,100555,201,100528,401,101142,301,100111,301,101193,100,100093,100,101200,100,100092,100,101211,100,100051,300,101283,100,100008,100,101352,100,100006,100,101390,100,99991,100,101517,100,99967,100,101561,100,99951,100
2019-06-28 09:48:59.892868233,100555,201,100528,401,100982,100,100111,301,101142,301,100093,100,101193,100,100092,100,101200,100,100051,300,101211,100,100008,100,101283,100,100006,100,101352,100,99991,100,101390,100,99967,100,101517,100,99951,100
2019-06-28 09:49:00.000000000,100982,200,100528,300,101142,200,100111,200,101193,200,100093,200,101200,200,100092,200,101211,100,100051,300,101283,100,100008,100,101352,100,100006,100,101390,100,99991,100,101517,100,99967,100,101561,100,99951,100
2019-06-28 09:49:07.869460067,100982,200,100960,100,101142,200,100528,300,101193,200,100111,200,101200,200,100093,200,101211,100,100092,200,101283,100,100051,300,101352,100,100008,100,101390,100,100006,100,101517,100,99991,100,101561,100,99951,100
2019-06-28 09:49:10.000000000,100982,502,100960,502,101142,100,100528,200,101193,100,100111,100,101200,100,100093,100,101211,100,100092,100,101283,100,100051,300,101352,100,100008,100,101390,100,100006,100,101517,100,99991,100,101561,100,99951,100
2019-06-28 09:49:11.739842395,100982,502,100960,402,101142,100,100786,100,101193,100,100528,200,101200,100,100111,100,101211,100,100093,100,101283,100,100092,100,101352,100,100051,300,101390,100,100008,100,101517,100,100006,100,101561,100,99991,100
2019-06-28 09:49:20.000000000,100982,502,100786,502,101142,100,100528,200,101193,100,100111,100,101200,100,100093,100,101211,100,100092,100,101283,100,100051,300,101352,100,100008,100,101390,100,100006,100,101517,100,99991,100,101561,100,99951,100
2019-06-28 09:49:30.000000000,100982,237,100786,237,101142,233,100528,333,101193,233,100111,233,101200,100,100093,100,101211,100,100092,100,101283,100,100051,300,101352,100,100008,100,101390,100,100006,100,101517,100,99991,100,101561,100,99951,100
2019-06-28 09:49:40.000000000,100982,200,100786,200,101142,200,100528,300,101193,200,100111,200,101200,200,100093,200,101211,100,100092,100,101283,100,100051,300,101352,100,100008,100,101390,100,100006,100,101517,100,99991,100,101561,100,99951,100
2019-06-28 09:49:45.425347144,100982,100,100786,200,101142,200,100528,300,101193,200,100111,200,101200,200,100093,200,101211,100,100092,100,101283,100,100051,300,101352,100,100008,100,101390,100,100006,100,101517,100,99951,100,101561,100,99950,200
2019-06-28 09:49:47.939544910,100982,100,100786,200,101142,200,100555,100,101193,200,100528,300,101200,200,100111,200,101211,100,100093,200,101283,100,100092,100,101352,100,100051,300,101390,100,100006,100,101517,100,99951,100,101561,100,99950,200
2019-06-28 09:49:50.000000000,101142,180,100786,180,101193,180,100555,180,101200,180,100528,280,101211,180,100111,180,101283,180,100093,180,101352,100,100092,100,101390,100,100051,300,101517,100,100006,100,101561,100,99951,100,101680,100,99950,200
2019-06-28 09:49:53.083850473,101142,180,100786,80,101193,180,100555,180,101200,180,100528,280,101211,180,100111,180,101283,180,100093,180,101352,100,100092,100,101374,100,100051,300,101390,100,100006,100,101517,100,99951,100,101561,100,99950,200
2019-06-28 09:50:00.000000000,101142,301,100555,301,101193,301,100528,401,101200,100,100111,100,101211,100,100093,100,101283,100,100092,100,101352,100,100051,300,101374,100,100006,100,101390,100,99951,100,101517,100,99950,200,101561,100,99934,100
2019-06-28 09:50:10.000000000,101142,180,100555,180,101193,180,100528,280,101200,180,100111,180,101211,180,100093,180,101283,180,100092,180,101352,100,100051,300,101374,100,100006,100,101390,100,99951,100,101517,100,99950,200,101561,100,99934,100
2019-06-28 09:50:16.933376077,101142,180,100555,180,101193,180,100528,280,101200,180,100111,180,101211,180,100093,180,101283,180,100092,180,101352,100,100051,200,101374,100,100006,100,101390,100,99951,100,101517,100,99950,200,101561,100,99934,100
2019-06-28 09:50:20.000000000,101142,301,100555,301,101193,301,100528,401,101200,100,100111,100,101211,100,100093,100,101283,100,100092,100,101352,100,100051,200,101374,100,100006,100,101390,100,99951,100,101517,100,99950,200,101561,100,99934,100
2019-06-28 09:50:29.661085197,101142,301,100555,401,101193,301,100528,401,101200,100,100111,100,101211,100,100093,100,101283,100,100092,100,101352,100,100051,100,101374,100,100006,100,101390,100,99951,100,101517,100,99950,200,101561,100,99934,100
2019-06-28 09:50:30.000000000,101142,180,100555,280,101193,180,100528,280,101200,180,100111,180,101211,180,100093,180,101283,180,100092,180,101352,100,100051,100,101374,100,100006,100,101390,100,99951,100,101517,100,99950,200,101561,100,99934,100
2019-06-28 09:50:40.000000000,101142,180,100555,280,101193,180,100528,280,101200,180,100111,180,101211,180,100093,180,101283,180,100092,180,101352,100,100051,100,101374,100,100006,100,101390,100,99951,100,101517,100,99950,200,101561,100,99934,100
2019-06-28 09:50:40.080423771,101142,180,100555,280,101193,180,100528,280,101200,180,100111,180,101211,180,100093,180,101283,180,100092,180,101352,100,100051,100,101374,100,100006,100,101390,100,99951,100,101517,100,99950,100,101561,100,99934,100
2019-06-28 09:50:42.597331765,101142,180,100555,280,101193,180,100528,280,101200,80,100111,180,101211,180,100093,180,101283,180,100092,180,101352,100,100051,100,101374,100,100006,100,101384,100,99951,100,101390,100,99950,100,101517,100,99934,100
2019-06-28 09:50:50.000000000,101142,237,100555,337,101193,233,100528,333,101211,233,100111,233,101283,100,100093,100,101352,100,100092,100,101374,100,100051,100,101384,100,100006,100,101390,100,99951,100,101517,100,99950,100,101561,100,99934,100
2019-06-28 09:50:54.862716487,101089,100,100555,337,101142,237,100528,333,101193,233,100111,233,101211,233,100093,100,101283,100,100092,100,101352,100,100051,100,101374,100,100006,100,101384,100,99951,100,101390,100,99950,100,101517,100,99934,100
2019-06-28 09:50:59.708723526,101089,100,100856,100,101142,237,100555,337,101193,233,100528,333,101211,233,100111,233,101283,100,100093,100,101352,100,100092,100,101374,100,100051,100,101384,100,100006,100,101390,100,99950,100,101517,100,99934,100
2019-06-28 09:51:00.000000000,101089,237,100856,237,101142,233,100555,333,101193,233,100528,333,101211,100,100111,100,101283,100,100093,100,101352,100,100092,100,101374,100,100051,100,101384,100,100006,100,101390,100,99950,100,101517,100,99934,100
2019-06-28 09:51:09.580603414,101089,237,100856,237,101142,233,100555,433,101193,233,100528,333,101211,100,100111,100,101283,100,100093,100,101352,100,100092,100,101374,100,100051,100,101384,100,100006,100,101390,100,99950,100,101517,100,99934,100
2019-06-28 09:51:10.000000000,101089,301,100856,301,101142,301,100555,501,101193,100,100528,200,101211,100,100111,100,101283,100,100093,100,101352,100,100092,100,101374,100,100051,100,101384,100,100006,100,101390,100,99950,100,101517,100,99934,100
2019-06-28 09:51:20.000000000,101089,200,100856,200,101142,200,100555,400,101193,200,100528,300,101211,200,100111,200,101283,100,100093,100,101352,100,100092,100,101374,100,100051,100,101384,100,100006,100,101390,100,99950,100,101517,100,99934,100
2019-06-28 09:51:28.284146851,101089,200,100856,200,101142,200,100743,100,101193,200,100555,400,101211,200,100528,300,101283,100,100111,200,101352,100,100093,100,101374,100,100092,100,101384,100,100051,100,101390,100,100006,100,101517,100,99950,100
2019-06-28 09:51:30.000000000,101089,301,100856,301,101142,301,100743,301,101193,100,100555,300,101211,100,100528,200,101283,100,100111,100,101352,100,100093,100,101374,100,100092,100,101384,100,100051,100,101390,100,100006,100,101517,100,99950,100
2019-06-28 09:51:38.171473772,100981,100,100856,301,101089,301,100743,301,101142,301,100555,200,101193,100,100528,200,101211,100,100111,100,101283,100,100093,100,101352,100,100092,100,101374,100,100051,100,101384,100,100006,100,101390,100,99950,100
2019-06-28 09:51:40.000000000,100981,301,100856,301,101089,301,100743,301,101142,100,100555,200,101193,100,100528,200,101211,100,100111,100,101283,100,100093,100,101352,100,100092,100,101374,100,100051,100,101384,100,100006,100,101390,100,99950,100
2019-06-28 09:51:50.000000000,100981,200,100856,200,101089,200,100743,200,101142,200,100555,300,101193,200,100528,300,101211,100,100111,100,101283,100,100093,100,101352,100,100092,100,101374,100,100051,100,101384,100,100006,100,101390,100,99950,100
2019-06-28 09:52:00.000000000,100981,502,100856,502,101089,100,100743,100,101142,100,100555,200,101193,100,100528,200,101211,100,100111,100,101283,100,100093,100,101352,100,100092,100,101374,100,100051,100,101384,100,100006,100,101390,100,99950,100
2019-06-28 09:52:10.000000000,100981,502,100856,502,101089,100,100743,100,101142,100,100555,200,101193,100,100528,200,101211,100,100111,100,101283,100,100093,100,101352,100,100092,100,101374,100,100051,100,101384,100,100006,100,101390,100,99950,100
2019-06-28 09:52:17.033806862,100981,502,100856,402,101089,100,100743,100,101142,100,100555,200,101193,100,100528,200,101211,100,100111,100,101283,100,100093,100,101352,100,100092,100,101374,100,100051,100,101384,100,100006,100,101390,100,99950,100
2019-06-28 09:52:18.595284108,100981,502,100856,402,101089,100,100743,100,101142,100,100555,200,101193,100,100528,200,101211,100,100135,100,101352,100,100111,100,101374,100,100093,100,101384,100,100092,100,101390,100,100051,100,101517,100,100006,100
2019-06-28 09:52:20.000000000,100981,301,100743,301,101089,301,100555,401,101142,100,100528,200,101193,100,100135,100,101211,100,100111,100,101352,100,100093,100,101374,100,100092,100,101384,100,100051,100,101390,100,100006,100,101517,100,99950,100
2019-06-28 09:52:30.000000000,100981,200,100743,200,101089,200,100555,300,101142,200,100528,300,101193,200,100135,200,101211,100,100111,100,101352,100,100093,100,101374,100,100092,100,101384,100,100051,100,101390,100,100006,100,101517,100,99950,100
2019-06-28 09:52:35.985708565,100980,100,100743,200,100981,200,100555,300,101089,200,100528,300,101142,200,100135,200,101193,200,100093,100,101211,100,100092,100,101352,100,100051,100,101374,100,100006,100,101384,100,99950,100,101390,100,99934,100
2019-06-28 09:52:39.334628905,100980,100,100743,200,100981,200,100555,300,101089,200,100528,300,101142,200,100135,200,101193,200,100093,100,101211,100,100051,100,101352,100,100006,100,101374,100,99950,100,101384,100,99934,100,101390,100,99930,100
2019-06-28 09:52:40.000000000,100980,301,100743,301,100981,301,100555,401,101089,100,100528,200,101142,100,100135,100,101193,100,100093,100,101211,100,100051,100,101352,100,100006,100,101374,100,99950,100,101384,100,99934,100,101390,100,99930,100
2019-06-28 09:52:50.000000000,100980,180,100743,180,100981,180,100555,280,101089,180,100528,280,101142,180,100135,180,101193,180,100093,180,101211,100,100051,100,101352,100,100006,100,101374,100,99950,100,101384,100,99934,100,101390,100,99930,100
2019-06-28 09:52:53.536601065,100980,80,100743,180,100981,180,100555,280,101089,180,100528,280,101142,180,100135,180,101193,180,100093,180,101211,100,100051,100,101352,100,100006,100,101374,100,99950,100,101384,100,99934,100,101390,100,99930,100
2019-06-28 09:53:00.000000000,100981,502,100743,502,101089,100,100555,200,101142,100,100528,200,101193,100,100135,100,101211,100,100093,100,101352,100,100051,100,101374,100,100006,100,101384,100,99950,100,101390,100,99934,100,101517,100,99930,100
2019-06-28 09:53:07.720313279,100980,100,100743,502,100981,502,100555,100,101089,100,100528,200,101142,100,100135,100,101193,100,100093,100,101211,100,100051,100,101352,100,100006,100,101374,100,99950,100,101384,100,99934,100,101390,100,99930,100
2019-06-28 09:53:10.000000000,100980,301,100743,301,100981,301,100555,301,101089,100,100528,200,101142,100,100135,100,101193,100,100093,100,101211,100,100051,100,101352,100,100006,100,101374,100,99950,100,101384,100,99934,100,101390,100,99930,100
2019-06-28 09:53:20.000000000,100980,502,100743,502,100981,100,100555,100,101089,100,100528,200,101142,100,100135,100,101193,100,100093,100,101211,100,100051,100,101352,100,100006,100,101374,100,99950,100,101384,100,99934,100,101390,100,99930,100
2019-06-28 09:53:30.000000000,100980,502,100743,502,100981,100,100555,100,101089,100,100528,200,101142,100,100135,100,101193,100,100093,100,101211,100,100051,100,101352,100,100006,100,101374,100,99950,100,101384,100,99934,100,101390,100,99930,100
2019-06-28 09:53:37.035790535,100980,602,100743,502,100981,100,100555,100,101089,100,100528,200,101142,100,100135,100,101193,100,100093,100,101211,100,100051,100,101352,100,100006,100,101374,100,99950,100,101384,100,99934,100,101390,100,99930,100
2019-06-28 09:53:39.761005384,100980,702,100743,502,100981,100,100555,100,101089,100,100528,100,101142,100,100135,100,101193,100,100093,100,101211,100,100051,100,101352,100,100006,100,101374,100,99950,100,101384,100,99934,100,101390,100,99930,100
2019-06-28 09:53:40.000000000,100980,437,100743,237,100981,233,100555,233,101089,233,100528,233,101142,100,100135,100,101193,100,100093,100,101211,100,100051,100,101352,100,100006,100,101374,100,99950,100,101384,100,99934,100,101390,100,99930,100
2019-06-28 09:53:48.761072154,100980,537,100743,237,100981,233,100555,233,101089,233,100528,233,101142,100,100135,100,101193,100,100093,100,101211,100,100051,100,101352,100,100006,100,101374,100,99950,100,101384,100,99934,100,101390,100,99930,100
2019-06-28 09:53:50.000000000,100980,500,100743,200,100981,200,100555,200,101089,200,100528,200,101142,200,100135,200,101193,100,100093,100,101211,100,100051,100,101352,100,100006,100,101374,100,99950,100,101384,100,99934,100,101390,100,99930,100
2019-06-28 09:53:55.137723038,100980,500,100743,100,100981,200,100555,200,101089,200,100528,200,101142,200,100135,200,101193,100,100093,100,101211,100,100051,100,101352,100,100006,100,101374,100,99950,100,101390,100,99934,100,101517,100,99930,100
2019-06-28 09:54:00.000000000,100980,601,100555,301,100981,301,100528,301,101089,100,100135,100,101142,100,100093,100,101193,100,100051,100,101211,100,100006,100,101352,100,99950,100,101374,100,99934,100,101390,100,99930,100,101517,100,99877,100
2019-06-28 09:54:10.000000000,100980,537,100555,237,100981,233,100528,233,101089,233,100135,233,101142,100,100093,100,101193,100,100051,100,101211,100,100006,100,101352,100,99950,100,101374,100,99934,100,101390,100,99930,100,101517,100,99877,100
2019-06-28 09:54:15.445134671,100856,100,100555,237,100980,537,100528,233,100981,233,100135,233,101089,233,100093,100,101142,100,100051,100,101193,100,100006,100,101211,100,99934,100,101352,100,99930,100,101374,100,99877,100,101390,100,99873,100
2019-06-28 09:54:15.584524064,100856,100,100555,237,100980,537,100528,233,100981,233,100135,233,101089,133,100093,100,101142,100,100051,100,101193,100,100006,100,101211,100,99934,100,101352,100,99930,100,101374,100,99882,100,101390,100,99877,100
2019-06-28 09:54:20.000000000,100856,180,100555,180,100980,480,100528,180,100981,180,100135,180,101142,180,100093,180,101193,180,100051,180,101211,100,100006,100,101352,100,99934,100,101374,100,99930,100,101390,100,99882,100,101517,100,99877,100
2019-06-28 09:54:30.000000000,100856,180,100555,180,100980,480,100528,180,100981,180,100135,180,101142,180,100093,180,101193,180,100051,180,101211,100,100006,100,101352,100,99934,100,101374,100,99930,100,101390,100,99882,100,101517,100,99877,100
2019-06-28 09:54:33.467356407,100856,180,100555,180,100980,480,100528,180,100981,180,100135,180,101142,180,100093,180,101193,180,100051,180,101211,100,100006,100,101352,100,99934,100,101374,100,99930,100,101390,100,99882,100,101517,100,99877,100
2019-06-28 09:54:34.536441307,100856,180,100555,80,100980,480,100528,180,100981,180,100135,180,101142,180,100093,180,101193,180,100051,180,101211,100,100006,100,101352,100,99934,100,101374,100,99930,100,101390,100,99882,100,101517,100,99877,100
2019-06-28 09:54:40.000000000,100856,180,100528,180,100980,480,100135,180,100981,180,100093,180,101142,180,100051,180,101193,180,100006,180,101211,100,99934,100,101352,100,99930,100,101374,100,99882,100,101390,100,99877,100,101517,100,99873,100
2019-06-28 09:54:46.988716549,100856,180,100528,80,100980,480,100135,180,100981,180,100093,180,101142,180,100051,180,101193,180,100006,180,101211,100,99934,100,101352,100,99930,100,101374,100,99882,100,101390,100,99877,100,101517,100,99873,100
2019-06-28 09:54:48.891290078,100528,20,100135,180,100856,180,100093,180,100980,480,100051,180,100981,180,100006,180,101142,180,99934,100,101193,180,99930,100,101211,100,99882,100,101352,100,99877,100,101374,100,99873,100,101390,100,99841,100
2019-06-28 09:54:50.000000000,100528,120,100135,200,100856,200,100093,200,100980,500,100051,200,100981,200,100006,200,101142,100,99934,100,101193,100,99930,100,101211,100,99882,100,101352,100,99877,100,101374,100,99873,100,101390,100,99841,100
2019-06-28 09:54:56.310765214,100528,120,100135,100,100856,200,100093,200,100980,500,100051,200,100981,200,100006,200,101142,100,99934,100,101193,100,99930,100,101211,100,99882,100,101352,100,99877,100,101374,100,99873,100,101390,100,99841,100
2019-06-28 09:54:56.806581984,100528,120,100093,200,100856,200,100051,200,100980,500,100006,200,100981,200,99934,100,101142,100,99930,100,101193,100,99882,100,101211,100,99877,100,101352,100,99873,100,101390,100,99841,100,101517,100,99836,100
2019-06-28 09:55:00.000000000,100528,100,100093,180,100856,180,100051,180,100980,480,100006,180,100981,180,99934,180,101142,180,99930,180,101193,100,99882,100,101211,100,99877,100,101352,100,99873,100,101390,100,99841,100,101517,100,99836,100
2019-06-28 09:55:10.000000000,100528,221,100093,301,100856,301,100051,301,100980,400,100006,100,100981,100,99934,100,101142,100,99930,100,101193,100,99882,100,101211,100,99877,100,101352,100,99873,100,101390,100,99841,100,101517,100,99836,100
2019-06-28 09:55:20.000000000,100528,221,100093,301,100856,301,100051,301,100980,400,100006,100,100981,100,99934,100,101142,100,99930,100,101193,100,99882,100,101211,100,99877,100,101352,100,99873,100,101390,100,99841,100,101517,100,99836,100
2019-06-28 09:55:23.047509052,100528,221,100093,301,100856,301,100051,301,100980,400,100006,100,100981,100,99934,100,101142,100,99930,100,101193,100,99882,100,101211,100,99877,100,101352,100,99873,100,101390,100,99841,100,101517,100,99836,100
2019-06-28 09:55:30.000000000,100528,100,100093,180,100856,180,100051,180,100980,480,100006,180,100981,180,99934,180,101142,180,99930,180,101193,100,99882,100,101211,100,99877,100,101352,100,99873,100,101390,100,99841,100,101517,100,99836,100
2019-06-28 09:55:32.592665386,100528,100,100093,80,100856,180,100051,180,100980,480,100006,180,100981,180,99934,180,101142,180,99930,180,101193,100,99882,100,101211,100,99877,100,101352,100,99873,100,101390,100,99841,100,101517,100,99739,100
2019-06-28 09:55:38.426944138,100528,100,100093,80,100856,180,100051,180,100980,480,100006,180,100981,180,99934,180,101142,180,99930,180,101193,100,99882,100,101211,100,99877,100,101352,100,99873,100,101390,100,99841,100,101517,100,99739,100
2019-06-28 09:55:40.000000000,100528,157,100051,237,100856,233,100006,233,100980,533,99934,233,100981,100,99930,100,101142,100,99882,100,101193,100,99877,100,101211,100,99873,100,101352,100,99841,100,101390,100,99739,100,101517,100,99568,100
2019-06-28 09:55:46.746941172,100528,157,100051,237,100856,233,100006,233,100980,533,99934,233,100981,100,99930,100,101142,100,99882,100,101193,100,99877,100,101211,100,99873,100,101352,100,99841,100,101390,100,99739,100,101517,100,99568,100
2019-06-28 09:55:48.070049205,100528,157,100051,137,100856,233,100006,233,100980,533,99934,233,100981,100,99930,100,101142,100,99882,100,101193,100,99877,100,101211,100,99873,100,101352,100,99841,100,101390,100,99739,100,101517,100,99568,100
2019-06-28 09:55:50.000000000,100528,157,100006,237,100856,233,99934,233,100980,533,99930,233,100981,100,99882,100,101142,100,99877,100,101193,100,99873,100,101211,100,99841,100,101352,100,99739,100,101390,100,99568,100,101517,100,99452,100
2019-06-28 09:55:59.658304645,100528,157,100006,237,100856,233,99934,233,100980,533,99930,233,100981,100,99882,100,101142,100,99877,100,101193,100,99873,100,101211,100,99841,100,101352,100,99739,100,101390,100,99568,100,101517,100,99452,100
2019-06-28 09:55:59.713382302,100528,157,100006,137,100856,233,99934,233,100980,533,99930,233,100981,100,99882,100,101142,100,99877,100,101193,100,99873,100,101211,100,99841,100,101352,100,99739,100,101390,100,99568,100,101517,100,99452,100
2019-06-28 09:56:00.000000000,100528,221,99934,301,100856,301,99930,301,100980,400,99882,100,100981,100,99877,100,101142,100,99873,100,101193,100,99841,100,101211,100,99739,100,101352,100,99568,100,101390,100,99452,100,101517,100,99443,100
2019-06-28 09:56:05.438514093,100528,221,99934,301,100856,301,99930,301,100980,400,99882,100,100981,100,99877,100,101142,100,99873,100,101193,100,99841,100,101211,100,99739,100,101352,100,99568,100,101390,100,99452,100,101517,100,99443,100
2019-06-28 09:56:10.000000000,100528,422,99934,502,100856,100,99930,100,100980,400,99882,100,100981,100,99877,100,101142,100,99873,100,101193,100,99841,100,101211,100,99739,100,101352,100,99568,100,101390,100,99452,100,101517,100,99443,100
2019-06-28 09:56:20.000000000,100528,157,99934,237,100856,233,99930,233,100980,533,99882,233,100981,100,99877,100,101142,100,99873,100,101193,100,99841,100,101211,100,99739,100,101352,100,99568,100,101390,100,99452,100,101517,100,99443,100
2019-06-28 09:56:29.067210149,100528,157,99934,237,100856,233,99930,233,100980,533,99882,233,100981,100,99877,100,101142,100,99873,100,101193,100,99841,100,101211,100,99568,100,101352,100,99453,100,101390,100,99452,100,101517,100,99443,100
2019-06-28 09:56:30.000000000,100528,120,99934,200,100856,200,99930,200,100980,500,99882,200,100981,200,99877,200,101142,100,99873,100,101193,100,99841,100,101211,100,99568,100,101352,100,99453,100,101390,100,99452,100,101517,100,99443,100
2019-06-28 09:56:36.470165632,100528,120,99934,100,100856,200,99930,200,100980,500,99882,200,100981,200,99877,200,101142,100,99873,100,101193,100,99841,100,101211,100,99568,100,101352,100,99453,100,101390,100,99452,100,101517,100,99443,100
2019-06-28 09:56:40.000000000,100528,422,99930,502,100856,100,99882,100,100980,400,99877,100,100981,100,99873,100,101142,100,99841,100,101193,100,99568,100,101211,100,99453,100,101352,100,99452,100,101390,100,99443,100,101517,100,99354,100
2019-06-28 09:56:43.070182837,100528,422,99930,402,100856,100,99882,100,100980,400,99873,100,100981,100,99841,100,101142,100,99568,100,101193,100,99453,100,101211,100,99452,100,101352,100,99443,100,101390,100,99354,100,101517,100,99312,100
2019-06-28 09:56:50.000000000,100528,221,99882,301,100856,301,99873,301,100980,400,99841,100,100981,100,99568,100,101142,100,99453,100,101193,100,99452,100,101211,100,99443,100,101352,100,99354,100,101390,100,99312,100,101517,100,99275,100
2019-06-28 09:56:58.414409172,100528,221,99882,201,100856,301,99873,301,100980,400,99841,100,100981,100,99568,100,101142,100,99453,100,101193,100,99452,100,101211,100,99443,100,101352,100,99354,100,101390,100,99312,100,101517,100,99275,100
2019-06-28 09:57:00.000000000,100528,157,99873,237,100856,233,99841,233,100980,533,99568,233,100981,100,99453,100,101142,100,99452,100,101193,100,99443,100,101211,100,99354,100,101352,100,99312,100,101390,100,99275,100,101517,100,,
2019-06-28 09:57:10.000000000,100528,120,99873,200,100856,200,99841,200,100980,500,99568,200,100981,200,99453,200,101142,100,99452,100,101193,100,99443,100,101211,100,99354,100,101352,100,99312,100,101390,100,99275,100,101517,100,,
2019-06-28 09:57:10.148603664,100528,120,99873,100,100856,200,99841,100,100980,500,99568,200,100981,200,99453,200,101142,100,99452,100,101193,100,99443,100,101211,100,99354,100,101352,100,99312,100,101390,100,99275,100,101517,100,,
2019-06-28 09:57:13.816065070,100528,120,99841,100,100856,200,99568,200,100980,500,99453,200,100981,200,99452,100,101142,100,99443,100,101193,100,99354,100,101211,100,99312,100,101352,100,99275,100,101390,100,,,101517,100,,
2019-06-28 09:57:20.000000000,100528,221,99568,301,100856,301,99453,301,100980,400,99452,100,100981,100,99443,100,101142,100,99354,100,101193,100,99312,100,101211,100,99275,100,101352,100,,,101390,100,,,101517,100,,
2019-06-28 09:57:25.728932508,100528,221,99568,301,100856,301,99517,100,100980,400,99453,301,100981,100,99452,100,101142,100,99443,100,101193,100,99354,100,101211,100,99312,100,101352,100,99275,100,101390,100,,,101517,100,,
2019-06-28 09:57:30.000000000,100528,221,99568,301,100856,301,99517,301,100980,400,99453,100,100981,100,99452,100,101142,100,99443,100,101193,100,99354,100,101211,100,99312,100,101352,100,99275,100,101390,100,,,101517,100,,
2019-06-28 09:57:40.000000000,100528,120,99568,200,100856,200,99517,200,100980,500,99453,200,100981,200,99452,200,101142,100,99443,100,101193,100,99354,100,101211,100,99312,100,101352,100,99275,100,101390,100,,,101517,100,,
2019-06-28 09:57:50.000000000,100528,100,99568,180,100856,180,99517,180,100980,480,99453,180,100981,180,99452,180,101142,180,99443,180,101193,100,99354,100,101211,100,99312,100,101352,100,99275,100,101390,100,,,101517,100,,
2019-06-28 09:58:00.000000000,100528,422,99568,502,100856,100,99517,100,100980,400,99453,100,100981,100,99452,100,101142,100,99443,100,101193,100,99354,100,101211,100,99312,100,101352,100,99275,100,101390,100,,,101517,100,,
2019-06-28 09:58:08.142721326,99873,100,99568,502,100528,422,99517,100,100856,100,99453,100,100980,300,99452,100,100981,100,99443,100,101142,100,99354,100,101193,100,99312,100,101211,100,99275,100,101352,100,,,101390,100,,
2019-06-28 09:58:10.000000000,99873,502,99568,502,100528,20,99517,100,100856,100,99453,100,100980,300,99452,100,100981,100,99443,100,101142,100,99354,100,101193,100,99312,100,101211,100,99275,100,101352,100,,,101390,100,,
2019-06-28 09:58:12.747324217,99873,402,99568,502,100528,20,99517,100,100856,100,99453,100,100980,300,99452,100,100981,100,99443,100,101142,100,99354,100,101193,100,99312,100,101211,100,99275,100,101352,100,,,101390,100,,
2019-06-28 09:58:20.000000000,100528,157,99568,237,100856,233,99517,233,100980,433,99453,233,100981,100,99452,100,101142,100,99443,100,101193,100,99354,100,101211,100,99312,100,101352,100,99275,100,101390,100,,,101517,100,,
2019-06-28 09:58:23.152327969,100528,157,99568,237,100856,233,99517,233,100980,433,99453,233,100981,100,99452,100,101142,100,99354,100,101193,100,99312,100,101211,100,99275,100,101352,100,98384,100,101390,100,,,101517,100,,
2019-06-28 09:58:30.000000000,100528,120,99568,200,100856,200,99517,200,100980,400,99453,200,100981,200,99452,200,101142,100,99354,100,101193,100,99312,100,101211,100,99275,100,101352,100,98384,100,101390,100,,,101517,100,,
2019-06-28 09:58:32.753235223,100528,120,99568,200,100856,200,99517,100,100980,400,99453,200,100981,200,99452,200,101142,100,99354,100,101193,100,99312,100,101211,100,99275,100,101352,100,98588,100,101390,100,98384,100,101517,100,,
2019-06-28 09:58:40.000000000,100528,120,99568,200,100856,200,99453,200,100980,400,99452,200,100981,200,99354,200,101142,100,99312,100,101193,100,99275,100,101211,100,98588,100,101352,100,98384,100,101390,100,,,101517,100,,
2019-06-28 09:58:50.000000000,100528,120,99568,200,100856,200,99453,200,100980,400,99452,200,100981,200,99354,200,101142,100,99312,100,101193,100,99275,100,101211,100,98588,100,101352,100,98384,100,101390,100,,,101517,100,,
2019-06-28 09:58:59.358349851,99873,100,99568,200,100528,120,99453,200,100856,200,99452,200,100980,400,99354,200,100981,200,99312,100,101142,100,99275,100,101193,100,98588,100,101211,100,98384,100,101352,100,,,101390,100,,
2019-06-28 09:59:00.000000000,99873,200,99568,200,100528,120,99453,200,100856,200,99452,200,100980,400,99354,200,100981,100,99312,100,101142,100,99275,100,101193,100,98588,100,101211,100,98384,100,101352,100,,,101390,100,,
2019-06-28 09:59:10.000000000,99873,237,99568,237,100528,153,99453,233,100856,233,99452,233,100980,300,99354,100,100981,100,99312,100,101142,100,99275,100,101193,100,98588,100,101211,100,98384,100,101352,100,,,101390,100,,
2019-06-28 09:59:16.070180607,99873,337,99568,237,100528,153,99453,233,100856,233,99452,233,100980,300,99354,100,100981,100,99312,100,101142,100,99275,100,101193,100,98588,100,101211,100,98384,100,101352,100,,,101390,100,,
2019-06-28 09:59:17.341969401,99873,337,99568,237,100528,153,99453,233,100856,233,99452,233,100980,300,99354,100,100981,100,99312,100,101142,100,99275,100,101193,100,98588,100,101211,100,98537,100,101390,100,98384,100,101517,100,,
2019-06-28 09:59:20.000000000,99873,401,99568,301,100528,221,99453,301,100856,100,99452,100,100980,300,99354,100,100981,100,99312,100,101142,100,99275,100,101193,100,98588,100,101211,100,98537,100,101390,100,98384,100,101517,100,,
2019-06-28 09:59:30.000000000,99873,337,99568,237,100528,153,99453,233,100856,233,99452,233,100980,300,99354,100,100981,100,99312,100,101142,100,99275,100,101193,100,98588,100,101211,100,98537,100,101390,100,98384,100,101517,100,,
2019-06-28 09:59:34.716647959,99873,337,99568,237,100528,153,99453,233,100856,233,99452,233,100980,200,99354,100,100981,100,99312,100,101142,100,99275,100,101193,100,98588,100,101211,100,98537,100,101390,100,98384,100,101517,100,,
2019-06-28 09:59:40.000000000,99873,280,99568,180,100528,100,99453,180,100856,180,99452,180,100980,280,99354,180,100981,180,99312,180,101142,100,99275,100,101193,100,98588,100,101211,100,98537,100,101390,100,98384,100,101517,100,,
2019-06-28 09:59:50.000000000,99873,337,99568,237,100528,153,99453,233,100856,233,99452,233,100980,200,99354,100,100981,100,99312,100,101142,100,99275,100,101193,100,98588,100,101211,100,98537,100,101390,100,98384,100,101517,100,,
2019-06-28 10:00:00.000000000,99873,300,99568,200,100528,120,99453,200,100856,200,99452,200,100980,300,99354,200,100981,100,99312,100,101142,100,99275,100,101193,100,98588,100,101211,100,98537,100,101390,100,98384,100,101517,100,,
2019-06-28 10:00:10.000000000,99873,300,99568,200,100528,120,99453,200,100856,200,99452,200,100980,300,99354,200,100981,100,99312,100,101142,100,99275,100,101193,100,98588,100,101211,100,98537,100,101390,100,98384,100,101517,100,,
2019-06-28 10:00:20.000000000,99873,300,99568,200,100528,120,99453,200,100856,200,99452,200,100980,300,99354,200,100981,100,99312,100,101142,100,99275,100,101193,100,98588,100,101211,100,98537,100,101390,100,98384,100,101517,100,,
2019-06-28 10:00:30.000000000,99873,401,99568,301,100528,221,99453,301,100856,100,99452,100,100980,200,99354,100,100981,100,99312,100,101142,100,99275,100,101193,100,98588,100,101211,100,98537,100,101390,100,98384,100,101517,100,,
2019-06-28 10:00:40.000000000,99873,280,99568,180,100528,100,99453,180,100856,180,99452,180,100980,280,99354,180,100981,180,99312,180,101142,100,99275,100,101193,100,98588,100,101211,100,98537,100,101390,100,98384,100,101517,100,,
2019-06-28 10:00:43.848183281,99873,280,99568,180,100528,100,99506,100,100856,180,99453,180,100980,280,99452,180,100981,180,99354,180,101142,100,99312,180,101193,100,99275,100,101211,100,98588,100,101390,100,98537,100,101517,100,98384,100
2019-06-28 10:00:50.000000000,99873,401,99568,301,100528,221,99506,301,100856,100,99453,100,100980,200,99452,100,100981,100,99354,100,101142,100,99312,100,101193,100,99275,100,101211,100,98588,100,101390,100,98537,100,101517,100,98384,100
2019-06-28 10:01:00.000000000,99873,280,99568,180,100528,100,99506,180,100856,180,99453,180,100980,280,99452,180,100981,180,99354,180,101142,100,99312,100,101193,100,99275,100,101211,100,98588,100,101390,100,98537,100,101517,100,98384,100
2019-06-28 10:01:04.830825921,99615,100,99568,180,99873,280,99506,180,100528,100,99453,180,100856,180,99452,180,100980,280,99354,180,100981,180,99312,100,101193,100,99275,100,101211,100,98588,100,101390,100,98537,100,101517,100,98384,100
2019-06-28 10:01:05.089669058,99615,100,99568,180,99873,280,99545,100,100528,100,99506,180,100856,180,99453,180,100980,280,99452,180,100981,180,99354,180,101193,100,99312,100,101211,100,99275,100,101390,100,98588,100,101517,100,98537,100
2019-06-28 10:01:10.000000000,99615,200,99568,200,99873,300,99545,200,100528,120,99506,200,100856,200,99453,200,100980,200,99452,100,100981,100,99354,100,101193,100,99312,100,101211,100,99275,100,101390,100,98588,100,101517,100,98537,100
2019-06-28 10:01:13.810805649,99615,200,99568,200,99873,300,99545,200,100528,120,99506,200,100856,200,99453,200,100980,200,99452,100,100981,100,99354,100,101193,100,99348,100,101211,100,99312,100,101390,100,99275,100,101517,100,98588,100
2019-06-28 10:01:20.000000000,99615,200,99568,200,99873,300,99545,200,100528,120,99506,200,100856,200,99453,200,100980,200,99452,100,100981,100,99354,100,101193,100,99348,100,101211,100,99312,100,101390,100,99275,100,101517,100,98588,100
2019-06-28 10:01:26.579099400,99615,200,99568,100,99873,300,99545,200,100528,120,99506,200,100856,200,99453,200,100980,200,99452,100,100981,100,99354,100,101193,100,99348,100,101211,100,99312,100,101390,100,99275,100,101517,100,98588,100
2019-06-28 10:01:29.380429562,99615,200,99568,100,99873,300,99545,200,100528,120,99535,100,100856,200,99506,200,100980,200,99453,200,100981,100,99452,100,101193,100,99354,100,101211,100,99348,100,101390,100,99312,100,101517,100,99275,100
2019-06-28 10:01:30.000000000,99615,237,99545,237,99873,333,99535,233,100528,153,99506,233,100856,100,99453,100,100980,200,99452,100,100981,100,99354,100,101193,100,99348,100,101211,100,99312,100,101390,100,99275,100,101517,100,98588,100
2019-06-28 10:01:31.115731163,99615,237,99545,237,99873,333,99535,233,100528,153,99506,233,100856,100,99452,100,100980,200,99368,100,100981,100,99354,100,101193,100,99348,100,101211,100,99312,100,101390,100,99275,100,101517,100,98588,100
2019-06-28 10:01:39.834124457,99615,237,99545,137,99873,333,99535,233,100528,153,99506,233,100856,100,99452,100,100980,200,99368,100,100981,100,99354,100,101193,100,99348,100,101211,100,99312,100,101390,100,99275,100,101517,100,98588,100
2019-06-28 10:01:40.000000000,99615,200,99535,200,99873,300,99506,200,100528,120,99452,200,100856,200,99368,200,100980,200,99354,100,100981,100,99348,100,101193,100,99312,100,101211,100,99275,100,101390,100,98588,100,101517,100,98537,100
2019-06-28 10:01:50.000000000,99615,180,99535,180,99873,280,99506,180,100528,100,99452,180,100856,180,99368,180,100980,280,99354,180,100981,100,99348,100,101193,100,99312,100,101211,100,99275,100,101390,100,98588,100,101517,100,98537,100
2019-06-28 10:02:00.000000000,99615,180,99535,180,99873,280,99506,180,100528,100,99452,180,100856,180,99368,180,100980,280,99354,180,100981,100,99348,100,101193,100,99312,100,101211,100,99275,100,101390,100,98588,100,101517,100,98537,100
2019-06-28 10:02:06.545285634,99615,180,99535,80,99873,280,99506,180,100528,100,99452,180,100856,180,99368,180,100980,280,99354,180,100981,100,99348,100,101193,100,99312,100,101211,100,99275,100,101390,100,98588,100,101517,100,98537,100
2019-06-28 10:02:10.000000000,99615,237,99506,237,99873,333,99452,233,100528,153,99368,233,100856,100,99354,100,100980,200,99348,100,100981,100,99312,100,101193,100,99275,100,101211,100,98588,100,101390,100,98537,100,101517,100,98384,100
2019-06-28 10:02:20.000000000,99615,301,99506,301,99873,401,99452,301,100528,20,99368,100,100856,100,99354,100,100980,200,99348,100,100981,100,99312,100,101193,100,99275,100,101211,100,98588,100,101390,100,98537,100,101517,100,98384,100
2019-06-28 10:02:21.637100082,99615,301,99506,201,99873,401,99452,301,100528,20,99368,100,100856,100,99354,100,100980,200,99348,100,100981,100,99312,100,101193,100,99275,100,101211,100,98537,100,101390,100,98384,100,101517,100,,
2019-06-28 10:02:25.029736620,99535,100,99506,201,99615,301,99452,301,99873,401,99368,100,100528,20,99354,100,100856,100,99348,100,100980,200,99312,100,100981,100,99275,100,101193,100,98537,100,101211,100,98384,100,101390,100,,
2019-06-28 10:02:30.000000000,99535,180,99452,180,99615,180,99368,180,99873,280,99354,180,100528,100,99348,180,100856,180,99312,180,100980,200,99275,100,100981,100,98537,100,101193,100,98384,100,101211,100,,,101390,100,,
2019-06-28 10:02:30.076045526,99535,180,99452,80,99615,180,99368,180,99873,280,99354,180,100528,100,99348,180,100856,180,99312,180,100980,200,99275,100,100981,100,98537,100,101193,100,98384,100,101211,100,,,101390,100,,
2019-06-28 10:02:36.194388887,99535,180,99452,80,99615,180,99368,180,99873,280,99354,180,100528,100,99348,180,100856,180,99312,180,100980,200,99297,100,100981,100,99275,100,101193,100,98537,100,101211,100,98384,100,101390,100,,
2019-06-28 10:02:40.000000000,99535,180,99368,180,99615,180,99354,180,99873,280,99348,180,100528,100,99312,180,100856,180,99297,180,100980,200,99275,100,100981,100,98537,100,101193,100,98384,100,101211,100,,,101390,100,,
2019-06-28 10:02:50.000000000,99535,301,99368,301,99615,301,99354,301,99873,200,99348,100,100528,20,99312,100,100856,100,99297,100,100980,200,99275,100,100981,100,98537,100,101193,100,98384,100,101211,100,,,101390,100,,
2019-06-28 10:03:00.000000000,99535,180,99368,180,99615,180,99354,180,99873,280,99348,180,100528,100,99312,180,100856,180,99297,180,100980,200,99275,100,100981,100,98537,100,101193,100,98384,100,101211,100,,,101390,100,,
2019-06-28 10:03:10.000000000,99535,200,99368,200,99615,200,99354,200,99873,300,99348,200,100528,120,99312,200,100856,100,99297,100,100980,200,99275,100,100981,100,98537,100,101193,100,98384,100,101211,100,,,101390,100,,
2019-06-28 10:03:10.748534262,99535,200,99368,200,99615,200,99354,200,99873,300,99348,200,100528,120,99312,200,100856,100,99297,100,100980,200,99275,100,100981,100,98795,100,101193,100,98537,100,101211,100,98384,100,101390,100,,
2019-06-28 10:03:10.861476933,99535,200,99368,100,99615,100,99354,200,99873,300,99348,200,100528,120,99312,200,100856,100,99297,100,100980,200,99275,100,100981,100,98795,100,101193,100,98537,100,101211,100,98384,100,101390,100,,
2019-06-28 10:03:20.000000000,99535,301,99354,301,99873,401,99348,301,100528,20,99312,100,100856,100,99297,100,100980,200,99275,100,100981,100,98795,100,101193,100,98537,100,101211,100,98384,100,101390,100,,,101517,100,,
2019-06-28 10:03:30.000000000,99535,502,99354,502,99873,200,99348,100,100528,20,99312,100,100856,100,99297,100,100980,200,99275,100,100981,100,98795,100,101193,100,98537,100,101211,100,98384,100,101390,100,,,101517,100,,
2019-06-28 10:03:40.000000000,99535,502,99354,502,99873,200,99348,100,100528,20,99312,100,100856,100,99297,100,100980,200,99275,100,100981,100,98795,100,101193,100,98537,100,101211,100,98384,100,101390,100,,,101517,100,,
2019-06-28 10:03:43.986618370,99535,502,99354,502,99719,100,99348,100,99873,200,99312,100,100528,20,99297,100,100856,100,99275,100,100980,200,98795,100,100981,100,98384,100,101193,100,,,101211,100,,,101390,100,,
2019-06-28 10:03:49.648402039,99535,502,99354,502,99719,100,99348,100,99769,100,99312,100,99873,200,99297,100,100528,20,99275,100,100856,100,98795,100,100980,200,98384,100,100981,100,,,101193,100,,,101211,100,,
2019-06-28 10:03:50.000000000,99535,502,99354,502,99719,100,99348,100,99769,100,99312,100,99873,200,99297,100,100528,20,99275,100,100856,100,98795,100,100980,200,98384,100,100981,100,,,101193,100,,,101211,100,,
2019-06-28 10:03:53.995856416,99535,402,99354,502,99719,100,99348,100,99769,100,99312,100,99873,200,99297,100,100528,20,99275,100,100856,100,98795,100,100980,200,98384,100,100981,100,,,101193,100,,,101211,100,,
2019-06-28 10:04:00.000000000,99719,180,99354,180,99769,180,99348,180,99873,280,99312,180,100528,100,99297,180,100856,180,99275,180,100980,200,98795,100,100981,100,98384,100,101193,100,,,101211,100,,,101390,100,,
2019-06-28 10:04:10.000000000,99719,502,99354,502,99769,100,99348,100,99873,200,99312,100,100528,20,99297,100,100856,100,99275,100,100980,200,98795,100,100981,100,98384,100,101193,100,,,101211,100,,,101390,100,,
2019-06-28 10:04:20.000000000,99719,237,99354,237,99769,233,99348,233,99873,333,99312,233,100528,20,99297,100,100856,100,99275,100,100980,200,98795,100,100981,100,98384,100,101193,100,,,101211,100,,,101390,100,,
2019-06-28 10:04:30.000000000,99719,200,99354,200,99769,200,99348,200,99873,300,99312,200,100528,120,99297,200,100856,100,99275,100,100980,200,98795,100,100981,100,98384,100,101193,100,,,101211,100,,,101390,100,,
2019-06-28 10:04:33.048799326,99719,200,99354,200,99769,200,99348,200,99873,300,99312,200,100528,120,99297,200,100856,100,99275,100,100980,200,98795,100,101193,100,98384,100,101211,100,,,101390,100,,,101517,100,,
2019-06-28 10:04:33.644164945,99719,200,99354,200,99769,200,99348,200,99831,100,99312,200,99873,300,99297,200,100528,120,99275,100,100856,100,98795,100,100980,200,98384,100,101193,100,,,101211,100,,,101390,100,,
2019-06-28 10:04:40.000000000,99719,301,99354,301,99769,301,99348,301,99831,100,99312,100,99873,200,99297,100,100528,20,99275,100,100856,100,98795,100,100980,200,98384,100,101193,100,,,101211,100,,,101390,100,,
2019-06-28 10:04:50.000000000,99719,301,99354,301,99769,301,99348,301,99831,100,99312,100,99873,200,99297,100,100528,20,99275,100,100856,100,98795,100,100980,200,98384,100,101193,100,,,101211,100,,,101390,100,,
2019-06-28 10:04:50.075298211,99573,100,99354,301,99719,301,99348,301,99769,301,99312,100,99831,100,99297,100,99873,200,99275,100,100528,20,98795,100,100856,100,98384,100,100980,200,,,101193,100,,,101211,100,,
2019-06-28 10:05:00.000000000,99573,180,99354,180,99719,180,99348,180,99769,180,99312,180,99831,180,99297,180,99873,280,99275,180,100528,20,98795,100,100856,100,98384,100,100980,200,,,101193,100,,,101211,100,,
2019-06-28 10:05:04.545095141,99573,180,99364,100,99719,180,99354,180,99769,180,99348,180,99831,180,99312,180,99873,280,99297,180,100528,20,99275,180,100856,100,98795,100,100980,200,98384,100,101193,100,,,101211,100,,
2019-06-28 10:05:09.749519881,99573,180,99364,100,99719,180,99354,180,99769,180,99348,180,99831,180,99321,100,99873,280,99312,180,100528,20,99297,180,100856,100,99275,180,100980,200,98795,100,101193,100,98384,100,101211,100,,
2019-06-28 10:05:10.000000000,99573,200,99364,200,99719,200,99354,200,99769,200,99348,200,99831,200,99321,200,99873,200,99312,100,100528,20,99297,100,100856,100,99275,100,100980,200,98795,100,101193,100,98384,100,101211,100,,
2019-06-28 10:05:11.608480735,99573,200,99369,100,99719,200,99364,200,99769,200,99354,200,99831,200,99348,200,99873,200,99321,200,100528,20,99312,100,100856,100,99297,100,100980,200,99275,100,101193,100,98795,100,101211,100,98384,100
2019-06-28 10:05:20.000000000,99573,237,99369,237,99719,233,99364,233,99769,233,99354,233,99831,100,99348,100,99873,200,99321,100,100528,20,99312,100,100856,100,99297,100,100980,200,99275,100,101193,100,98795,100,101211,100,98384,100
2019-06-28 10:05:30.000000000,99573,237,99369,237,99719,233,99364,233,99769,233,99354,233,99831,100,99348,100,99873,200,99321,100,100528,20,99312,100,100856,100,99297,100,100980,200,99275,100,101193,100,98795,100,101211,100,98384,100
2019-06-28 10:05:38.776592619,99573,237,99369,337,99719,233,99364,233,99769,233,99354,233,99831,100,99348,100,99873,100,99321,100,100528,20,99312,100,100856,100,99297,100,100980,200,99275,100,101193,100,98795,100,101211,100,98384,100
2019-06-28 10:05:40.000000000,99573,502,99369,602,99719,100,99364,100,99769,100,99354,100,99831,100,99348,100,99873,100,99321,100,100528,20,99312,100,100856,100,99297,100,100980,200,99275,100,101193,100,98795,100,101211,100,98384,100
