,ask_price_1,ask_size_1,bid_price_1,bid_size_1,ask_price_2,ask_size_2,bid_price_2,bid_size_2,ask_price_3,ask_size_3,bid_price_3,bid_size_3,ask_price_4,ask_size_4,bid_price_4,bid_size_4,ask_price_5,ask_size_5,bid_price_5,bid_size_5,ask_price_6,ask_size_6,bid_price_6,bid_size_6,ask_price_7,ask_size_7,bid_price_7,bid_size_7,ask_price_8,ask_size_8,bid_price_8,bid_size_8,ask_price_9,ask_size_9,bid_price_9,bid_size_9,ask_price_10,ask_size_10,bid_price_10,bid_size_10
2019-06-28 09:30:00.000000000,,,100058,100,,,,,,,,,,,,,,,,,,,,,,,,,,,,,,,,,,,,
2019-06-28 09:30:00.000000001,100108,100,100058,100,,,,,,,,,,,,,,,,,,,,,,,,,,,,,,,,,,,,
2019-06-28 09:30:00.000000003,100108,100,,,,,,,,,,,,,,,,,,,,,,,,,,,,,,,,,,,,,,
2019-06-28 09:30:00.000000005,100058,100,99892,100,100108,100,,,,,,,,,,,,,,,,,,,,,,,,,,,,,,,,,,
2019-06-28 09:30:00.000000006,100058,100,99922,100,100108,100,99892,100,,,,,,,,,,,,,,,,,,,,,,,,,,,,,,,,
2019-06-28 09:30:00.000000007,100058,200,99922,100,100108,100,99892,100,,,,,,,,,,,,,,,,,,,,,,,,,,,,,,,,
2019-06-28 09:30:00.000000009,100058,200,99944,100,100108,100,99922,100,,,99892,100,,,,,,,,,,,,,,,,,,,,,,,,,,,,
2019-06-28 09:30:00.000000010,100058,200,99973,100,100108,100,99944,100,,,99922,100,,,99892,100,,,,,,,,,,,,,,,,,,,,,,,,
2019-06-28 09:30:00.000000012,100058,300,99973,100,100108,100,99944,100,,,99922,100,,,99892,100,,,,,,,,,,,,,,,,,,,,,,,,
2019-06-28 09:30:00.000000013,100038,100,99973,100,100058,300,99944,100,100108,100,99922,100,,,99892,100,,,,,,,,,,,,,,,,,,,,,,,,
2019-06-28 09:30:00.000000016,100038,100,99973,100,100058,300,99944,100,100108,100,99922,100,,,99892,100,,,99879,100,,,,,,,,,,,,,,,,,,,,
2019-06-28 09:30:00.000000018,100038,100,99973,100,100058,300,99944,100,100108,100,99927,100,,,99922,100,,,99892,100,,,99879,100,,,,,,,,,,,,,,,,
2019-06-28 09:30:00.000000019,100038,100,99973,100,100058,300,99944,100,100097,100,99927,100,100108,100,99922,100,,,99892,100,,,99879,100,,,,,,,,,,,,,,,,
2019-06-28 09:30:00.000000021,100038,100,99973,100,100058,400,99944,100,100097,100,99927,100,100108,100,99922,100,,,99892,100,,,99879,100,,,,,,,,,,,,,,,,
2019-06-28 09:30:00.000000022,100038,100,100006,200,100058,400,99973,100,100097,100,99944,100,100108,100,99927,100,,,99922,100,,,99892,100,,,99879,100,,,,,,,,,,,,
2019-06-28 09:30:00.000000023,100038,100,100006,200,100058,400,99973,100,100097,100,99944,100,100108,200,99927,100,,,99922,100,,,99892,100,,,99879,100,,,,,,,,,,,,
2019-06-28 09:30:00.000000024,100038,100,100006,200,100058,500,99973,100,100097,100,99944,100,100108,200,99927,100,,,99922,100,,,99892,100,,,99879,100,,,,,,,,,,,,
2019-06-28 09:30:00.000000025,100038,100,100006,100,100058,500,99973,100,100097,100,99944,100,100108,200,99927,100,,,99922,100,,,99892,100,,,99879,100,,,,,,,,,,,,
2019-06-28 09:30:00.000000027,100038,100,100006,100,100058,500,99973,100,100097,100,99944,100,100108,200,99927,100,,,99922,200,,,99892,100,,,99879,100,,,,,,,,,,,,
2019-06-28 09:30:00.000000029,100038,100,99973,100,100058,500,99944,100,100097,100,99927,100,100108,200,99922,200,,,99892,100,,,99879,100,,,,,,,,,,,,,,,,
2019-06-28 09:30:00.000000032,100038,100,99973,100,100058,500,99944,100,100097,100,99927,100,100108,200,99922,200,,,99892,100,,,99879,100,,,99778,100,,,,,,,,,,,,
2019-06-28 09:30:00.000000035,100038,100,99973,100,100058,500,99944,100,100097,100,99927,100,100108,200,99922,200,,,99918,100,,,99892,100,,,99879,100,,,99778,100,,,,,,,,
2019-06-28 09:30:00.000000038,100038,100,99979,100,100058,500,99973,100,100097,100,99944,100,100108,200,99927,100,100119,100,99922,200,,,99918,100,,,99892,100,,,99879,100,,,99778,100,,,,
2019-06-28 09:30:00.000000042,100038,100,99979,100,100054,100,99973,100,100058,500,99944,100,100097,100,99927,100,100108,200,99922,200,100119,100,99918,100,,,99892,100,,,99879,100,,,99778,100,,,,
2019-06-28 09:30:00.000000043,100038,100,100031,100,100054,100,100019,100,100058,500,99979,100,100097,100,99973,100,100108,200,99944,100,100119,100,99927,100,,,99922,200,,,99918,100,,,99892,100,,,99879,100
2019-06-28 09:30:00.000000045,100038,100,100031,100,100054,100,100019,100,100058,500,99979,100,100097,100,99973,100,100108,200,99944,100,100119,100,99927,100,100124,100,99922,200,,,99918,100,,,99892,100,,,99879,100
2019-06-28 09:30:00.000000048,100038,100,100031,100,100054,100,100019,100,100058,500,100006,100,100097,100,99979,100,100108,200,99973,100,100119,100,99944,100,100124,100,99927,100,,,99922,200,,,99918,100,,,99892,100
2019-06-28 09:30:00.000000049,100038,100,100031,100,100054,100,100019,100,100058,500,100006,100,100097,100,99979,100,100108,200,99973,100,100119,100,99944,100,100124,100,99927,100,,,99922,200,,,99918,100,,,99892,100
2019-06-28 09:30:00.000000052,100038,100,100019,100,100054,100,100006,100,100058,500,99979,100,100078,100,99973,100,100097,100,99952,100,100108,200,99944,100,100119,100,99943,100,100124,100,99927,100,,,99922,200,,,99918,100
2019-06-28 09:30:00.000000054,100038,100,100019,100,100041,100,100006,100,100054,100,99979,100,100058,500,99973,100,100078,100,99952,100,100097,100,99944,100,100108,200,99943,100,100119,100,99927,100,100124,100,99922,200,,,99918,100
2019-06-28 09:30:00.000000061,100038,100,100020,100,100041,100,100019,100,100054,100,100006,100,100058,500,99979,100,100078,100,99973,100,100097,100,99952,100,100108,200,99944,100,100119,100,99943,100,100124,100,99927,100,,,99922,200
2019-06-28 09:30:00.000000063,100038,100,100020,200,100041,100,100019,100,100054,100,100007,100,100058,500,100006,100,100078,100,99979,100,100097,100,99973,100,100108,200,99952,100,100119,100,99944,100,100124,100,99943,100,,,99927,100
2019-06-28 09:30:00.000000064,100041,100,100031,100,100054,100,100020,200,100058,500,100019,100,100078,100,100007,100,100097,100,100006,100,100108,200,99979,100,100119,100,99973,100,100124,100,99952,100,,,99944,100,,,99943,100
2019-06-28 09:30:00.000000065,100041,100,100020,200,100054,100,100019,100,100058,500,100007,100,100078,100,100006,100,100097,100,99979,100,100108,200,99973,100,100119,100,99952,100,100124,100,99944,100,,,99943,100,,,99927,100
2019-06-28 09:30:00.000000067,100041,100,100028,100,100054,100,100020,200,100058,500,100019,100,100078,100,100007,100,100097,100,100006,100,100108,200,99979,100,100119,100,99973,100,100124,100,99952,100,,,99944,100,,,99943,100
2019-06-28 09:30:00.000000068,100038,100,100028,100,100041,100,100020,200,100054,100,100019,100,100058,500,100007,100,100078,100,100006,100,100097,100,99979,100,100108,200,99973,100,100119,100,99952,100,100124,100,99944,100,,,99943,100
2019-06-28 09:30:00.000000069,100038,100,100028,100,100041,100,100020,200,100054,100,100019,100,100058,500,100011,100,100078,100,100007,100,100097,100,100006,100,100108,200,99979,100,100119,100,99973,100,100124,100,99952,100,,,99944,100
2019-06-28 09:30:00.000000071,100038,100,100028,100,100041,100,100020,200,100054,100,100019,100,100058,500,100011,100,100078,100,100007,100,100091,100,100006,100,100097,100,99979,100,100108,200,99973,100,100119,100,99952,100,100124,100,99944,100
2019-06-28 09:30:00.000000072,100038,100,100028,100,100041,100,100020,200,100054,100,100019,100,100058,500,100011,100,100078,100,100007,100,100091,100,100006,100,100097,100,99982,100,100108,200,99979,100,100119,100,99973,100,100124,100,99952,100
2019-06-28 09:30:00.000000073,100038,100,100028,100,100041,100,100020,200,100054,100,100019,100,100058,500,100011,100,100078,100,100007,100,100091,100,100006,100,100097,100,99982,100,100108,200,99979,100,100119,100,99973,100,100124,100,99952,100
2019-06-28 09:30:00.000000075,100038,100,100028,100,100041,100,100020,200,100054,100,100019,100,100058,500,100011,100,100078,100,100007,100,100091,100,100006,100,100097,100,99982,100,100099,100,99979,100,100108,200,99973,100,100119,100,99952,100
2019-06-28 09:30:00.000000080,100038,100,100028,100,100041,100,100020,200,100054,100,100019,100,100058,500,100011,100,100078,100,100007,100,100091,100,100006,100,100097,100,99982,100,100099,100,99979,100,100108,200,99973,100,100119,100,99952,100
2019-06-28 09:30:00.000000081,100038,100,100020,200,100041,100,100019,100,100054,100,100011,100,100058,500,100007,100,100078,100,100006,100,100091,100,99982,100,100097,100,99979,100,100099,100,99973,100,100108,200,99952,100,100119,100,99944,100
2019-06-28 09:30:00.000000082,100038,100,100020,200,100041,100,100019,100,100054,100,100011,100,100058,500,100007,100,100078,100,100006,100,100091,100,99982,100,100097,100,99979,100,100099,100,99973,100,100108,200,99952,100,100119,100,99944,100
2019-06-28 09:30:00.000000085,100038,100,100020,200,100041,100,100019,100,100054,100,100011,100,100058,500,100007,100,100078,100,100006,100,100091,100,99997,100,100097,100,99982,100,100099,100,99979,100,100108,200,99973,100,100119,100,99952,100
2019-06-28 09:30:00.000000087,100038,100,100020,200,100041,100,100019,100,100054,100,100011,100,100058,500,100007,100,100078,100,100006,100,100091,100,99997,100,100097,100,99982,100,100099,100,99979,100,100108,200,99973,100,100119,100,99952,100
2019-06-28 09:30:00.000000088,100041,100,100028,100,100054,100,100020,200,100058,500,100019,100,100078,100,100011,100,100091,100,100007,100,100097,100,100006,100,100099,100,99997,100,100108,200,99982,100,100119,100,99979,100,100124,100,99973,100
2019-06-28 09:30:00.000000094,100041,100,100028,100,100054,100,100020,200,100058,500,100019,100,100078,100,100011,100,100091,100,100007,100,100097,100,100006,100,100099,100,99997,100,100108,200,99993,100,100119,100,99982,100,100124,100,99979,100
2019-06-28 09:30:00.000000096,100041,100,100028,100,100054,100,100020,200,100058,500,100019,100,100078,100,100011,100,100091,100,100007,100,100097,100,100006,100,100099,100,99997,100,100108,200,99993,100,100119,100,99982,100,100124,100,99979,100
2019-06-28 09:30:00.000000098,100041,100,100020,200,100054,100,100019,100,100058,500,100011,100,100078,100,100007,100,100091,100,100006,100,100097,100,99997,100,100099,100,99993,100,100108,200,99982,100,100119,100,99979,100,100124,100,99973,100
2019-06-28 09:30:07.777228500,100038,100,100020,200,100041,100,100019,100,100054,100,100011,100,100058,500,100007,100,100078,100,100006,100,100091,100,99997,100,100097,100,99993,100,100099,100,99982,100,100108,200,99979,100,100119,100,99973,100
2019-06-28 09:30:10.000000000,100038,194,100020,294,100041,194,100019,194,100054,194,100011,194,100058,594,100007,194,100078,194,100006,194,100091,100,99997,100,100097,100,99993,100,100099,100,99982,100,100108,200,99979,100,100119,100,99973,100
2019-06-28 09:30:14.553448302,100038,194,100020,294,100041,194,100019,94,100054,194,100011,194,100058,594,100007,194,100075,100,100006,194,100078,194,99997,100,100091,100,99993,100,100097,100,99982,100,100099,100,99979,100,100108,200,99973,100
2019-06-28 09:30:14.670098223,100038,194,100020,294,100041,194,100019,94,100054,194,100011,194,100058,594,100007,194,100075,100,100006,194,100078,194,99997,100,100091,100,99993,100,100097,100,99982,100,100099,100,99979,100,100108,200,99973,100
2019-06-28 09:30:20.000000000,100038,194,100020,294,100041,194,100011,194,100054,194,100007,194,100058,594,100006,194,100075,194,99997,194,100078,100,99993,100,100091,100,99982,100,100097,100,99979,100,100099,100,99973,100,100108,200,99960,100
2019-06-28 09:30:30.000000000,100038,571,100020,671,100041,100,100011,100,100054,100,100007,100,100058,500,100006,100,100075,100,99997,100,100078,100,99993,100,100091,100,99982,100,100097,100,99979,100,100099,100,99973,100,100108,200,99960,100
2019-06-28 09:30:40.000000000,100038,194,100020,294,100041,194,100011,194,100054,194,100007,194,100058,594,100006,194,100075,194,99997,194,100078,100,99993,100,100091,100,99982,100,100097,100,99979,100,100099,100,99973,100,100108,200,99960,100
2019-06-28 09:30:50.000000000,100038,218,100020,318,100041,218,100011,218,100054,218,100007,218,100058,618,100006,218,100075,100,99997,100,100078,100,99993,100,100091,100,99982,100,100097,100,99979,100,100099,100,99973,100,100108,200,99960,100
2019-06-28 09:31:00.000000000,100038,260,100020,360,100041,255,100011,255,100054,255,100007,255,100058,500,100006,100,100075,100,99997,100,100078,100,99993,100,100091,100,99982,100,100097,100,99979,100,100099,100,99973,100,100108,200,99960,100
2019-06-28 09:31:04.950921668,100038,260,100020,360,100041,255,100011,255,100054,255,100007,255,100058,500,100006,100,100075,100,99997,100,100078,100,99993,100,100091,100,99982,100,100097,100,99979,100,100099,100,99973,100,100108,200,99960,100
2019-06-28 09:31:08.863112200,100038,260,100020,360,100041,255,100011,255,100054,255,100007,255,100058,500,100006,100,100075,100,99997,100,100078,100,99993,100,100091,100,99982,100,100097,100,99979,100,100099,100,99960,100,100108,200,99959,100
2019-06-28 09:31:10.000000000,100038,194,100020,294,100041,194,100011,194,100054,194,100007,194,100058,594,100006,194,100075,194,99997,194,100078,100,99993,100,100091,100,99982,100,100097,100,99979,100,100099,100,99960,100,100108,200,99959,100
2019-06-28 09:31:20.000000000,100038,336,100020,436,100041,336,100011,336,100054,100,100007,100,100058,500,100006,100,100075,100,99997,100,100078,100,99993,100,100091,100,99982,100,100097,100,99979,100,100099,100,99960,100,100108,200,99959,100
2019-06-28 09:31:30.000000000,100038,260,100020,360,100041,255,100011,255,100054,255,100007,255,100058,500,100006,100,100075,100,99997,100,100078,100,99993,100,100091,100,99982,100,100097,100,99979,100,100099,100,99960,100,100108,200,99959,100
2019-06-28 09:31:31.932024136,100038,260,100020,360,100041,255,100011,255,100054,255,100007,255,100058,400,100006,100,100075,100,99997,100,100078,100,99993,100,100091,100,99982,100,100097,100,99979,100,100099,100,99960,100,100108,200,99959,100
2019-06-28 09:31:33.446009212,100038,260,100028,100,100041,255,100020,360,100054,255,100011,255,100058,400,100007,255,100075,100,100006,100,100078,100,99997,100,100091,100,99993,100,100097,100,99982,100,100099,100,99979,100,100108,200,99960,100
2019-06-28 09:31:40.000000000,100038,194,100028,194,100041,194,100020,294,100054,194,100011,194,100058,494,100007,194,100075,194,100006,194,100078,100,99997,100,100091,100,99993,100,100097,100,99982,100,100099,100,99979,100,100108,200,99960,100
2019-06-28 09:31:50.000000000,100038,571,100028,571,100041,100,100020,200,100054,100,100011,100,100058,400,100007,100,100075,100,100006,100,100078,100,99997,100,100091,100,99993,100,100097,100,99982,100,100099,100,99979,100,100108,200,99960,100
2019-06-28 09:31:55.823932041,100038,571,100028,571,100041,100,100020,200,100054,100,100011,100,100058,400,100007,100,100075,100,100006,100,100078,100,99997,100,100091,100,99993,100,100097,100,99982,100,100099,100,99979,100,100108,200,99960,100
2019-06-28 09:32:00.000000000,100038,260,100028,260,100041,255,100020,355,100054,255,100011,255,100058,400,100007,100,100075,100,100006,100,100078,100,99997,100,100091,100,99993,100,100097,100,99982,100,100099,100,99979,100,100108,200,99960,100
2019-06-28 09:32:10.000000000,100038,260,100028,260,100041,255,100020,355,100054,255,100011,255,100058,400,100007,100,100075,100,100006,100,100078,100,99997,100,100091,100,99993,100,100097,100,99982,100,100099,100,99979,100,100108,200,99960,100
2019-06-28 09:32:20.000000000,100038,260,100028,260,100041,255,100020,355,100054,255,100011,255,100058,400,100007,100,100075,100,100006,100,100078,100,99997,100,100091,100,99993,100,100097,100,99982,100,100099,100,99979,100,100108,200,99960,100
2019-06-28 09:32:22.731237897,100038,160,100028,260,100041,255,100020,355,100054,255,100011,255,100058,400,100007,100,100075,100,100006,100,100078,100,99997,100,100091,100,99993,100,100097,100,99982,100,100099,100,99979,100,100108,100,99960,100
2019-06-28 09:32:23.074702662,100038,160,100028,260,100041,255,100020,355,100054,255,100011,255,100058,300,100007,100,100075,100,100006,100,100078,100,99997,100,100091,100,99993,100,100097,100,99982,100,100099,100,99979,100,100108,100,99960,100
2019-06-28 09:32:30.000000000,100041,260,100028,260,100054,255,100020,355,100058,455,100011,255,100075,100,100007,100,100078,100,100006,100,100091,100,99997,100,100097,100,99993,100,100099,100,99982,100,100108,100,99979,100,100119,100,99960,100
2019-06-28 09:32:40.000000000,100041,336,100028,336,100054,336,100020,436,100058,300,100011,100,100075,100,100007,100,100078,100,100006,100,100091,100,99997,100,100097,100,99993,100,100099,100,99982,100,100108,100,99979,100,100119,100,99960,100
2019-06-28 09:32:49.385482194,100041,336,100029,100,100054,336,100028,336,100058,300,100020,336,100075,100,100011,100,100078,100,100007,100,100091,100,100006,100,100097,100,99997,100,100099,100,99993,100,100108,100,99982,100,100119,100,99979,100
2019-06-28 09:32:50.000000000,100041,218,100029,218,100054,218,100028,218,100058,418,100020,218,100075,218,100011,218,100078,100,100007,100,100091,100,100006,100,100097,100,99997,100,100099,100,99993,100,100108,100,99982,100,100119,100,99979,100
2019-06-28 09:32:52.372120863,100041,218,100029,218,100054,218,100028,218,100058,418,100020,218,100075,218,100011,218,100078,100,100007,100,100091,100,100006,100,100097,100,99997,100,100099,100,99993,100,100108,100,99982,100,100119,100,99979,100
2019-06-28 09:33:00.000000000,100041,218,100029,218,100054,218,100028,218,100058,418,100020,218,100075,218,100011,218,100078,100,100007,100,100091,100,100006,100,100097,100,99997,100,100099,100,99993,100,100108,100,99982,100,100119,100,99979,100
2019-06-28 09:33:10.000000000,100041,218,100029,218,100054,218,100028,218,100058,418,100020,218,100075,218,100011,218,100078,100,100007,100,100091,100,100006,100,100097,100,99997,100,100099,100,99993,100,100108,100,99982,100,100119,100,99979,100
2019-06-28 09:33:18.959648670,100041,118,100029,218,100054,218,100028,218,100058,418,100020,218,100075,218,100011,218,100078,100,100007,100,100091,100,100006,100,100097,100,99997,100,100099,100,99993,100,100108,100,99982,100,100119,100,99979,100
2019-06-28 09:33:20.000000000,100054,194,100029,194,100058,394,100028,194,100075,194,100020,194,100078,194,100011,194,100091,194,100007,194,100097,100,100006,100,100099,100,99997,100,100108,100,99993,100,100119,100,99982,100,100124,100,99979,100
2019-06-28 09:33:21.981297801,100054,94,100029,194,100058,394,100028,194,100075,194,100020,194,100078,194,100011,194,100091,194,100007,194,100097,100,100006,100,100099,100,99997,100,100108,100,99993,100,100119,100,99982,100,100124,100,99979,100
2019-06-28 09:33:30.000000000,100058,418,100029,218,100075,218,100028,218,100078,218,100020,218,100091,218,100011,218,100097,100,100007,100,100099,100,100006,100,100108,100,99997,100,100119,100,99993,100,100124,100,99982,100,100138,100,99979,100
2019-06-28 09:33:40.000000000,100058,460,100029,260,100075,255,100028,255,100078,255,100020,255,100091,100,100011,100,100097,100,100007,100,100099,100,100006,100,100108,100,99997,100,100119,100,99993,100,100124,100,99982,100,100138,100,99979,100
2019-06-28 09:33:50.000000000,100058,460,100029,260,100075,255,100028,255,100078,255,100020,255,100091,100,100011,100,100097,100,100007,100,100099,100,100006,100,100108,100,99997,100,100119,100,99993,100,100124,100,99982,100,100138,100,99979,100
2019-06-28 09:33:53.762226381,100058,360,100029,260,100075,255,100028,255,100078,255,100020,255,100091,100,100011,100,100097,100,100007,100,100099,100,100006,100,100108,100,99997,100,100119,100,99993,100,100124,100,99982,100,100138,100,99979,100
2019-06-28 09:34:00.000000000,100058,294,100029,194,100075,194,100028,194,100078,194,100020,194,100091,194,100011,194,100097,194,100007,194,100099,100,100006,100,100108,100,99997,100,100119,100,99993,100,100124,100,99982,100,100138,100,99979,100
2019-06-28 09:34:01.779968220,100058,294,100029,194,100075,194,100028,194,100078,194,100020,194,100091,194,100011,194,100097,194,100007,194,100099,100,100006,100,100108,100,99997,100,100119,100,99993,100,100124,100,99982,100,100138,100,99979,100
2019-06-28 09:34:06.433527189,100058,194,100029,194,100075,194,100028,194,100078,194,100020,194,100091,194,100011,194,100097,194,100007,194,100099,100,100006,100,100108,100,99997,100,100119,100,99993,100,100124,100,99982,100,100138,100,99979,100
2019-06-28 09:34:10.000000000,100058,260,100029,260,100075,255,100028,255,100078,255,100020,255,100091,100,100011,100,100097,100,100007,100,100099,100,100006,100,100108,100,99997,100,100119,100,99993,100,100124,100,99982,100,100138,100,99979,100
2019-06-28 09:34:17.800031379,100058,160,100029,260,100075,255,100028,255,100078,255,100020,255,100091,100,100011,100,100099,100,100007,100,100108,100,100006,100,100119,100,99997,100,100124,100,99993,100,100138,100,99982,100,100326,100,99979,100
2019-06-28 09:34:20.000000000,100075,336,100029,336,100078,336,100028,336,100091,100,100020,100,100099,100,100011,100,100108,100,100007,100,100119,100,100006,100,100124,100,99997,100,100138,100,99993,100,100326,100,99982,100,100378,100,99979,100
2019-06-28 09:34:30.000000000,100075,260,100029,260,100078,255,100028,255,100091,255,100020,255,100099,100,100011,100,100108,100,100007,100,100119,100,100006,100,100124,100,99997,100,100138,100,99993,100,100326,100,99982,100,100378,100,99979,100
2019-06-28 09:34:33.560274317,100075,260,100029,260,100078,255,100028,255,100091,255,100020,255,100099,100,100011,100,100108,100,100007,100,100119,100,100006,100,100124,100,99997,100,100138,100,99993,100,100326,100,99982,100,100378,100,99979,100
2019-06-28 09:34:36.493693768,100075,160,100029,260,100078,255,100028,255,100091,255,100020,255,100099,100,100011,100,100108,100,100007,100,100119,100,100006,100,100124,100,99997,100,100138,100,99993,100,100326,100,99982,100,100378,100,99979,100
2019-06-28 09:34:40.000000000,100078,260,100029,260,100091,255,100028,255,100099,255,100020,255,100108,100,100011,100,100119,100,100007,100,100124,100,100006,100,100138,100,99997,100,100326,100,99993,100,100378,100,99982,100,100437,100,99979,100
2019-06-28 09:34:41.071776140,100078,260,100029,260,100091,255,100028,255,100099,255,100020,255,100108,100,100011,100,100119,100,100007,100,100124,100,100006,100,100138,100,99997,100,100326,100,99993,100,100378,100,99982,100,100437,100,99979,100
2019-06-28 09:34:50.000000000,100078,336,100029,336,100091,336,100028,336,100099,100,100020,100,100108,100,100011,100,100119,100,100007,100,100124,100,100006,100,100138,100,99997,100,100326,100,99993,100,100378,100,99982,100,100437,100,99979,100
2019-06-28 09:34:55.854302161,100078,236,100029,336,100091,336,100028,336,100099,100,100020,100,100108,100,100011,100,100119,100,100007,100,100124,100,100006,100,100138,100,99997,100,100326,100,99993,100,100378,100,99982,100,100437,100,99979,100
2019-06-28 09:35:00.000000000,100091,336,100029,336,100099,336,100028,336,100108,100,100020,100,100119,100,100011,100,100124,100,100007,100,100138,100,100006,100,100326,100,99997,100,100378,100,99993,100,100437,100,99982,100,100481,100,99979,100
2019-06-28 09:35:07.098749154,100091,236,100029,336,100099,336,100028,336,100108,100,100020,100,100119,100,100011,100,100124,100,100007,100,100138,100,100006,100,100326,100,99997,100,100378,100,99993,100,100437,100,99982,100,100481,100,99979,100
2019-06-28 09:35:10.000000000,100099,571,100029,571,100108,100,100028,100,100119,100,100020,100,100124,100,100011,100,100138,100,100007,100,100326,100,100006,100,100378,100,99997,100,100437,100,99993,100,100481,100,99982,100,100747,100,99979,100
2019-06-28 09:35:20.000000000,100099,218,100029,218,100108,218,100028,218,100119,218,100020,218,100124,218,100011,218,100138,100,100007,100,100326,100,100006,100,100378,100,99997,100,100437,100,99993,100,100481,100,99982,100,100747,100,99979,100
2019-06-28 09:35:29.683047288,100099,118,100029,218,100108,218,100028,218,100119,118,100020,218,100124,218,100011,218,100138,100,100007,100,100326,100,100006,100,100378,100,99997,100,100437,100,99993,100,100481,100,99982,100,100747,100,99979,100
2019-06-28 09:35:30.000000000,100108,571,100029,571,100124,100,100028,100,100138,100,100020,100,100326,100,100011,100,100378,100,100007,100,100437,100,100006,100,100481,100,99997,100,100747,100,99993,100,100785,100,99982,100,100790,100,99979,100
2019-06-28 09:35:31.656539906,100108,571,100029,571,100124,100,100028,100,100138,100,100020,100,100326,100,100011,100,100376,100,100007,100,100378,100,100006,100,100437,100,99997,100,100481,100,99993,100,100747,100,99982,100,100785,100,99979,100
2019-06-28 09:35:39.142692903,100108,471,100029,571,100138,100,100028,100,100326,100,100020,100,100376,100,100011,100,100378,100,100007,100,100437,100,100006,100,100481,100,99997,100,100747,100,99993,100,100785,100,99982,100,100790,100,99979,100
2019-06-28 09:35:40.000000000,100138,571,100029,571,100326,100,100028,100,100376,100,100020,100,100378,100,100011,100,100437,100,100007,100,100481,100,100006,100,100747,100,99997,100,100785,100,99993,100,100790,100,99982,100,,,99979,100
2019-06-28 09:35:50.000000000,100138,336,100029,336,100326,336,100028,336,100376,100,100020,100,100378,100,100011,100,100437,100,100007,100,100481,100,100006,100,100747,100,99997,100,100785,100,99993,100,100790,100,99982,100,,,99979,100
2019-06-28 09:35:52.716754900,100138,236,100029,336,100326,336,100028,336,100376,100,100020,100,100378,100,100011,100,100437,100,100007,100,100481,100,100006,100,100747,100,99997,100,100785,100,99993,100,100790,100,99982,100,,,99979,100
2019-06-28 09:36:00.000000000,100326,194,100029,194,100376,194,100028,194,100378,194,100020,194,100437,194,100011,194,100481,194,100007,194,100747,100,100006,100,100785,100,99997,100,100790,100,99993,100,,,99982,100,,,99979,100
2019-06-28 09:36:10.000000000,100326,571,100029,571,100376,100,100028,100,100378,100,100020,100,100437,100,100011,100,100481,100,100007,100,100747,100,100006,100,100785,100,99997,100,100790,100,99993,100,,,99982,100,,,99979,100
2019-06-28 09:36:13.474789598,100326,571,100029,571,100376,100,100028,100,100378,100,100020,100,100437,100,100011,100,100481,100,100007,100,100602,100,100006,100,100785,100,99997,100,100790,100,99993,100,,,99982,100,,,99979,100
2019-06-28 09:36:20.000000000,100326,571,100029,571,100376,100,100028,100,100378,100,100020,100,100437,100,100011,100,100481,100,100007,100,100602,100,100006,100,100785,100,99997,100,100790,100,99993,100,,,99982,100,,,99979,100
2019-06-28 09:36:29.689955248,100326,571,100029,571,100376,100,100028,100,100378,100,100020,100,100437,100,100011,100,100481,100,100007,100,100602,100,100006,100,100716,100,99997,100,100785,100,99993,100,100790,100,99982,100,,,99979,100
2019-06-28 09:36:30.000000000,100326,218,100029,218,100376,218,100028,218,100378,218,100020,218,100437,218,100011,218,100481,100,100007,100,100602,100,100006,100,100716,100,99997,100,100785,100,99993,100,100790,100,99982,100,,,99979,100
2019-06-28 09:36:33.151385881,100326,118,100029,218,100376,218,100028,218,100378,218,100020,218,100437,218,100011,218,100481,100,100007,100,100602,100,100006,100,100716,100,99997,100,100785,100,99993,100,100790,100,99982,100,,,99979,100
2019-06-28 09:36:36.481755297,100326,118,100138,100,100376,218,100029,218,100378,218,100028,218,100437,218,100020,218,100481,100,100011,218,100602,100,100007,100,100716,100,100006,100,100785,100,99997,100,100790,100,99993,100,,,99982,100
2019-06-28 09:36:40.000000000,100376,260,100138,260,100378,255,100029,255,100437,255,100028,255,100481,100,100020,100,100602,100,100011,100,100716,100,100007,100,100785,100,100006,100,100790,100,99997,100,,,99993,100,,,99982,100
2019-06-28 09:36:50.000000000,100376,218,100138,218,100378,218,100029,218,100437,218,100028,218,100481,218,100020,218,100602,100,100011,100,100716,100,100007,100,100785,100,100006,100,100790,100,99997,100,,,99993,100,,,99982,100
2019-06-28 09:36:51.453350899,100307,100,100138,218,100376,118,100029,218,100378,218,100028,218,100437,218,100020,218,100481,218,100011,100,100602,100,100007,100,100716,100,100006,100,100785,100,99997,100,100790,100,99993,100,,,99982,100
2019-06-28 09:36:51.977077136,100376,118,100138,218,100378,218,100029,218,100437,218,100028,218,100481,218,100020,218,100602,100,100011,100,100716,100,100007,100,100785,100,100006,100,100790,100,99997,100,,,99982,100,,,99979,100
2019-06-28 09:37:00.000000000,100378,571,100138,571,100437,100,100029,100,100481,100,100028,100,100602,100,100020,100,100716,100,100011,100,100785,100,100007,100,100790,100,100006,100,,,99997,100,,,99982,100,,,99979,100
2019-06-28 09:37:03.172477034,100378,571,100177,100,100437,100,100138,571,100481,100,100029,100,100716,100,100028,100,100785,100,100020,100,100790,100,100011,100,,,100007,100,,,100006,100,,,99997,100,,,99982,100
2019-06-28 09:37:10.000000000,100378,336,100177,336,100437,336,100138,336,100481,100,100029,100,100716,100,100028,100,100785,100,100020,100,100790,100,100011,100,,,100007,100,,,100006,100,,,99997,100,,,99982,100
2019-06-28 09:37:13.474151179,100353,100,100177,336,100378,336,100138,336,100437,336,100029,100,100481,100,100028,100,100716,100,100020,100,100785,100,100011,100,100790,100,100007,100,,,100006,100,,,99997,100,,,99982,100
2019-06-28 09:37:20.000000000,100353,336,100177,336,100378,336,100138,336,100437,100,100029,100,100481,100,100028,100,100716,100,100020,100,100785,100,100011,100,100790,100,100007,100,,,100006,100,,,99997,100,,,99982,100
2019-06-28 09:37:22.521421844,100353,336,100177,236,100378,336,100138,336,100437,100,100029,100,100481,100,100028,100,100716,100,100020,100,100785,100,100011,100,100790,100,100007,100,,,100006,100,,,99997,100,,,99982,100
2019-06-28 09:37:30.000000000,100353,571,100138,571,100378,100,100029,100,100437,100,100028,100,100481,100,100020,100,100716,100,100011,100,100785,100,100007,100,100790,100,100006,100,,,99997,100,,,99982,100,,,99979,100
2019-06-28 09:37:40.000000000,100353,336,100138,336,100378,336,100029,336,100437,100,100028,100,100481,100,100020,100,100716,100,100011,100,100785,100,100007,100,100790,100,100006,100,,,99997,100,,,99982,100,,,99979,100
2019-06-28 09:37:50.000000000,100353,260,100138,260,100378,255,100029,255,100437,255,100028,255,100481,100,100020,100,100716,100,100011,100,100785,100,100007,100,100790,100,100006,100,,,99997,100,,,99982,100,,,99979,100
2019-06-28 09:37:55.929377239,100353,260,100138,160,100378,255,100029,255,100437,255,100028,255,100481,100,100020,100,100716,100,100011,100,100785,100,100007,100,100790,100,100006,100,,,99997,100,,,99982,100,,,99979,100
2019-06-28 09:38:00.000000000,100353,218,100029,218,100378,218,100028,218,100437,218,100020,218,100481,218,100011,218,100716,100,100007,100,100785,100,100006,100,100790,100,99997,100,,,99982,100,,,99979,100,,,99959,100
2019-06-28 09:38:01.003238507,100353,218,100029,118,100378,218,100028,218,100437,218,100020,218,100481,218,100011,218,100716,100,100007,100,100785,100,100006,100,100790,100,99997,100,,,99982,100,,,99979,100,,,99959,100
2019-06-28 09:38:10.000000000,100353,260,100028,260,100378,255,100020,255,100437,255,100011,255,100481,100,100007,100,100716,100,100006,100,100785,100,99997,100,100790,100,99982,100,,,99979,100,,,99959,100,,,99952,100
2019-06-28 09:38:12.938012521,100353,260,100028,160,100378,255,100020,255,100437,255,100011,255,100481,100,100007,100,100716,100,100006,100,100785,100,99997,100,100790,100,99982,100,,,99979,100,,,99959,100,,,99952,100
2019-06-28 09:38:20.000000000,100353,194,100020,194,100378,194,100011,194,100437,194,100007,194,100481,194,100006,194,100716,194,99997,194,100785,100,99982,100,100790,100,99979,100,,,99959,100,,,99952,100,,,99944,100
2019-06-28 09:38:26.063453772,100286,100,100020,194,100353,194,100011,194,100378,194,100007,194,100437,194,100006,194,100481,194,99997,194,100716,194,99982,100,100785,100,99979,100,100790,100,99959,100,,,99952,100,,,99944,100
2019-06-28 09:38:30.000000000,100286,571,100020,571,100353,100,100011,100,100378,100,100007,100,100437,100,100006,100,100481,100,99997,100,100716,100,99982,100,100785,100,99979,100,100790,100,99959,100,,,99952,100,,,99944,100
2019-06-28 09:38:37.098335840,100286,471,100020,571,100378,100,100011,100,100437,100,100007,100,100481,100,100006,100,100716,100,99997,100,100785,100,99982,100,100790,100,99979,100,,,99959,100,,,99952,100,,,99944,100
2019-06-28 09:38:40.000000000,100378,260,100020,260,100437,255,100011,255,100481,255,100007,255,100716,100,100006,100,100785,100,99997,100,100790,100,99982,100,,,99979,100,,,99959,100,,,99952,100,,,99944,100
2019-06-28 09:38:43.903336868,100378,260,100029,100,100437,255,100020,260,100481,255,100011,255,100716,100,100007,255,100785,100,100006,100,100790,100,99997,100,,,99982,100,,,99979,100,,,99959,100,,,99952,100
2019-06-28 09:38:48.607851417,100378,260,100029,100,100437,255,100020,260,100481,255,100011,255,100662,100,100007,255,100716,100,100006,100,100785,100,99997,100,100790,100,99982,100,,,99979,100,,,99959,100,,,99952,100
2019-06-28 09:38:50.000000000,100378,218,100029,218,100437,218,100020,218,100481,218,100011,218,100662,218,100007,218,100716,100,100006,100,100785,100,99997,100,100790,100,99982,100,,,99979,100,,,99959,100,,,99952,100
2019-06-28 09:39:00.000000000,100378,218,100029,218,100437,218,100020,218,100481,218,100011,218,100662,218,100007,218,100716,100,100006,100,100785,100,99997,100,100790,100,99982,100,,,99979,100,,,99959,100,,,99952,100
2019-06-28 09:39:02.385937172,100378,218,100029,218,100437,218,100020,218,100481,218,100011,218,100662,218,100007,218,100716,100,100006,100,100785,100,99997,100,100790,100,99982,100,100870,100,99979,100,,,99959,100,,,99952,100
2019-06-28 09:39:10.000000000,100378,336,100029,336,100437,336,100020,336,100481,100,100011,100,100662,100,100007,100,100716,100,100006,100,100785,100,99997,100,100790,100,99982,100,100870,100,99979,100,,,99959,100,,,99952,100
2019-06-28 09:39:20.000000000,100378,218,100029,218,100437,218,100020,218,100481,218,100011,218,100662,218,100007,218,100716,100,100006,100,100785,100,99997,100,100790,100,99982,100,100870,100,99979,100,,,99959,100,,,99952,100
2019-06-28 09:39:23.819303160,100378,118,100029,218,100437,218,100020,218,100481,218,100011,218,100662,218,100007,218,100716,100,100006,100,100785,100,99997,100,100790,100,99982,100,100870,100,99979,100,,,99959,100,,,99952,100
2019-06-28 09:39:26.006042269,100378,118,100029,218,100437,218,100020,218,100481,218,100011,218,100662,218,100007,218,100716,100,100006,100,100785,100,99997,100,100790,100,99982,100,100870,100,99979,100,101045,100,99959,100,,,99952,100
2019-06-28 09:39:30.000000000,100437,336,100029,336,100481,336,100020,336,100662,100,100011,100,100716,100,100007,100,100785,100,100006,100,100790,100,99997,100,100870,100,99982,100,101045,100,99979,100,,,99959,100,,,99952,100
2019-06-28 09:39:36.523580185,100437,336,100029,336,100481,336,100020,336,100662,100,100011,100,100716,100,100007,100,100785,100,100006,100,100790,100,99997,100,100817,100,99982,100,100870,100,99979,100,101045,100,99959,100,,,99952,100
2019-06-28 09:39:40.000000000,100437,260,100029,260,100481,255,100020,255,100662,255,100011,255,100716,100,100007,100,100785,100,100006,100,100790,100,99997,100,100817,100,99982,100,100870,100,99979,100,101045,100,99959,100,,,99952,100
2019-06-28 09:39:45.060759331,100437,160,100029,260,100481,255,100020,255,100662,255,100011,255,100716,100,100007,100,100785,100,100006,100,100790,100,99997,100,100817,100,99982,100,100870,100,99979,100,101045,100,99959,100,,,99952,100
2019-06-28 09:39:50.000000000,100481,571,100029,571,100662,100,100020,100,100716,100,100011,100,100785,100,100007,100,100790,100,100006,100,100817,100,99997,100,100870,100,99982,100,101045,100,99979,100,,,99959,100,,,99952,100
2019-06-28 09:40:00.000000000,100481,260,100029,260,100662,255,100020,255,100716,255,100011,255,100785,100,100007,100,100790,100,100006,100,100817,100,99997,100,100870,100,99982,100,101045,100,99979,100,,,99959,100,,,99952,100
2019-06-28 09:40:10.000000000,100481,336,100029,336,100662,336,100020,336,100716,100,100011,100,100785,100,100007,100,100790,100,100006,100,100817,100,99997,100,100870,100,99982,100,101045,100,99979,100,,,99959,100,,,99952,100
2019-06-28 09:40:11.473064553,100481,236,100029,336,100662,336,100020,336,100716,100,100011,100,100785,100,100007,100,100790,100,100006,100,100817,100,99997,100,100870,100,99982,100,101045,100,99979,100,,,99959,100,,,99952,100
2019-06-28 09:40:18.981470213,100481,136,100029,336,100662,336,100020,336,100716,100,100011,100,100785,100,100007,100,100790,100,100006,100,100817,100,99997,100,100870,100,99982,100,101045,100,99979,100,,,99959,100,,,99952,100
2019-06-28 09:40:20.000000000,100662,260,100029,260,100716,255,100020,255,100785,255,100011,255,100790,100,100007,100,100817,100,100006,100,100870,100,99997,100,101045,100,99982,100,,,99979,100,,,99959,100,,,99952,100
2019-06-28 09:40:30.000000000,100662,336,100029,336,100716,336,100020,336,100785,100,100011,100,100790,100,100007,100,100817,100,100006,100,100870,100,99997,100,101045,100,99982,100,,,99979,100,,,99959,100,,,99952,100
2019-06-28 09:40:40.000000000,100662,260,100029,260,100716,255,100020,255,100785,255,100011,255,100790,100,100007,100,100817,100,100006,100,100870,100,99997,100,101045,100,99982,100,,,99979,100,,,99959,100,,,99952,100
2019-06-28 09:40:49.487469341,100662,260,100029,260,100716,255,100020,255,100785,255,100011,255,100790,100,100007,100,100817,100,100006,100,100870,100,99997,100,101045,100,99982,100,101082,100,99979,100,,,99959,100,,,99952,100
2019-06-28 09:40:50.000000000,100662,571,100029,571,100716,100,100020,100,100785,100,100011,100,100790,100,100007,100,100817,100,100006,100,100870,100,99997,100,101045,100,99982,100,101082,100,99979,100,,,99959,100,,,99952,100
2019-06-28 09:41:00.000000000,100662,336,100029,336,100716,336,100020,336,100785,100,100011,100,100790,100,100007,100,100817,100,100006,100,100870,100,99997,100,101045,100,99982,100,101082,100,99979,100,,,99959,100,,,99952,100
2019-06-28 09:41:10.000000000,100662,336,100029,336,100716,336,100020,336,100785,100,100011,100,100790,100,100007,100,100817,100,100006,100,100870,100,99997,100,101045,100,99982,100,101082,100,99979,100,,,99959,100,,,99952,100
2019-06-28 09:41:20.000000000,100662,218,100029,218,100716,218,100020,218,100785,218,100011,218,100790,218,100007,218,100817,100,100006,100,100870,100,99997,100,101045,100,99982,100,101082,100,99979,100,,,99959,100,,,99952,100
2019-06-28 09:41:30.000000000,100662,336,100029,336,100716,336,100020,336,100785,100,100011,100,100790,100,100007,100,100817,100,100006,100,100870,100,99997,100,101045,100,99982,100,101082,100,99979,100,,,99959,100,,,99952,100
2019-06-28 09:41:40.000000000,100662,336,100029,336,100716,336,100020,336,100785,100,100011,100,100790,100,100007,100,100817,100,100006,100,100870,100,99997,100,101045,100,99982,100,101082,100,99979,100,,,99959,100,,,99952,100
2019-06-28 09:41:50.000000000,100662,194,100029,194,100716,194,100020,194,100785,194,100011,194,100790,194,100007,194,100817,194,100006,194,100870,100,99997,100,101045,100,99982,100,101082,100,99979,100,,,99959,100,,,99952,100
2019-06-28 09:42:00.000000000,100662,571,100029,571,100716,100,100020,100,100785,100,100011,100,100790,100,100007,100,100817,100,100006,100,100870,100,99997,100,101045,100,99982,100,101082,100,99979,100,,,99959,100,,,99952,100
2019-06-28 09:42:10.000000000,100662,194,100029,194,100716,194,100020,194,100785,194,100011,194,100790,194,100007,194,100817,194,100006,194,100870,100,99997,100,101045,100,99982,100,101082,100,99979,100,,,99959,100,,,99952,100
2019-06-28 09:42:10.953235327,100662,194,100481,100,100716,194,100029,194,100785,194,100020,194,100790,194,100011,194,100817,194,100007,194,100870,100,100006,194,101045,100,99997,100,101082,100,99982,100,,,99979,100,,,99959,100
2019-06-28 09:42:18.278721078,100662,194,100481,200,100716,194,100029,194,100785,194,100020,194,100790,194,100011,194,100817,194,100007,194,100870,100,100006,194,101045,100,99997,100,101082,100,99982,100,,,99979,100,,,99959,100
2019-06-28 09:42:20.000000000,100662,194,100481,294,100716,194,100029,194,100785,194,100020,194,100790,194,100011,194,100817,194,100007,194,100870,100,100006,100,101045,100,99997,100,101082,100,99982,100,,,99979,100,,,99959,100
2019-06-28 09:42:30.000000000,100662,218,100481,318,100716,218,100029,218,100785,218,100020,218,100790,218,100011,218,100817,100,100007,100,100870,100,100006,100,101045,100,99997,100,101082,100,99982,100,,,99979,100,,,99959,100
2019-06-28 09:42:40.000000000,100662,571,100481,671,100716,100,100029,100,100785,100,100020,100,100790,100,100011,100,100817,100,100007,100,100870,100,100006,100,101045,100,99997,100,101082,100,99982,100,,,99979,100,,,99959,100
2019-06-28 09:42:50.000000000,100662,260,100481,360,100716,255,100029,255,100785,255,100020,255,100790,100,100011,100,100817,100,100007,100,100870,100,100006,100,101045,100,99997,100,101082,100,99982,100,,,99979,100,,,99959,100
2019-06-28 09:42:50.722399106,100662,160,100481,360,100716,255,100029,255,100785,255,100020,255,100790,100,100011,100,100817,100,100007,100,100870,100,100006,100,101045,100,99997,100,101082,100,99982,100,,,99979,100,,,99959,100
2019-06-28 09:43:00.000000000,100716,260,100481,360,100785,255,100029,255,100790,255,100020,255,100817,100,100011,100,100870,100,100007,100,101045,100,100006,100,101082,100,99997,100,,,99982,100,,,99979,100,,,99959,100
2019-06-28 09:43:00.434449728,100716,260,100481,360,100785,255,100029,255,100790,255,100020,255,100817,100,100011,100,100870,100,100007,100,100999,100,100006,100,101045,100,99997,100,101082,100,99982,100,,,99979,100,,,99959,100
2019-06-28 09:43:03.059799233,100716,260,100481,360,100785,255,100029,255,100790,255,100020,255,100817,100,100011,100,100870,100,100007,100,100895,100,100006,100,100999,100,99997,100,101045,100,99982,100,101082,100,99979,100,,,99959,100
2019-06-28 09:43:10.000000000,100716,336,100481,436,100785,336,100029,336,100790,100,100020,100,100817,100,100011,100,100870,100,100007,100,100895,100,100006,100,100999,100,99997,100,101045,100,99982,100,101082,100,99979,100,,,99959,100
2019-06-28 09:43:20.000000000,100716,260,100481,360,100785,255,100029,255,100790,255,100020,255,100817,100,100011,100,100870,100,100007,100,100895,100,100006,100,100999,100,99997,100,101045,100,99982,100,101082,100,99979,100,,,99959,100
2019-06-28 09:43:30.000000000,100716,571,100481,671,100785,100,100029,100,100790,100,100020,100,100817,100,100011,100,100870,100,100007,100,100895,100,100006,100,100999,100,99997,100,101045,100,99982,100,101082,100,99979,100,,,99959,100
2019-06-28 09:43:39.224406909,100716,571,100481,671,100785,100,100029,100,100790,100,100020,100,100817,100,100011,100,100870,100,100006,100,100895,100,99997,100,100999,100,99982,100,101045,100,99979,100,101082,100,99959,100,,,99952,100
2019-06-28 09:43:40.000000000,100716,336,100481,436,100785,336,100029,336,100790,100,100020,100,100817,100,100011,100,100870,100,100006,100,100895,100,99997,100,100999,100,99982,100,101045,100,99979,100,101082,100,99959,100,,,99952,100
2019-06-28 09:43:40.827423690,100716,336,100482,100,100785,336,100481,436,100790,100,100029,336,100817,100,100020,100,100870,100,100011,100,100895,100,100006,100,100999,100,99997,100,101045,100,99982,100,101082,100,99979,100,,,99959,100
2019-06-28 09:43:50.000000000,100716,336,100482,336,100785,336,100481,436,100790,100,100029,100,100817,100,100020,100,100870,100,100011,100,100895,100,100006,100,100999,100,99997,100,101045,100,99982,100,101082,100,99979,100,,,99959,100
2019-06-28 09:44:00.000000000,100716,218,100482,218,100785,218,100481,318,100790,218,100029,218,100817,218,100020,218,100870,100,100011,100,100895,100,100006,100,100999,100,99997,100,101045,100,99982,100,101082,100,99979,100,,,99959,100
2019-06-28 09:44:10.000000000,100716,571,100482,571,100785,100,100481,200,100790,100,100029,100,100817,100,100020,100,100870,100,100011,100,100895,100,100006,100,100999,100,99997,100,101045,100,99982,100,101082,100,99979,100,,,99959,100
2019-06-28 09:44:20.000000000,100716,260,100482,260,100785,255,100481,355,100790,255,100029,255,100817,100,100020,100,100870,100,100011,100,100895,100,100006,100,100999,100,99997,100,101045,100,99982,100,101082,100,99979,100,,,99959,100
2019-06-28 09:44:22.012228964,100661,100,100482,260,100716,260,100481,355,100785,255,100029,255,100790,255,100020,100,100817,100,100011,100,100870,100,100006,100,100895,100,99997,100,100999,100,99982,100,101045,100,99979,100,101082,100,99959,100
2019-06-28 09:44:30.000000000,100661,336,100482,336,100716,336,100481,436,100785,100,100029,100,100790,100,100020,100,100817,100,100011,100,100870,100,100006,100,100895,100,99997,100,100999,100,99982,100,101045,100,99979,100,101082,100,99959,100
2019-06-28 09:44:31.780811034,100661,336,100482,336,100716,336,100481,436,100785,100,100067,100,100790,100,100029,100,100817,100,100020,100,100870,100,100011,100,100895,100,100006,100,100999,100,99997,100,101045,100,99982,100,101082,100,99979,100
2019-06-28 09:44:34.849052601,100661,336,100482,236,100716,336,100481,436,100785,100,100067,100,100790,100,100029,100,100817,100,100020,100,100870,100,100011,100,100895,100,100006,100,100999,100,99997,100,101045,100,99982,100,101082,100,99979,100
2019-06-28 09:44:40.000000000,100661,218,100481,318,100716,218,100067,218,100785,218,100029,218,100790,218,100020,218,100817,100,100011,100,100870,100,100006,100,100895,100,99997,100,100999,100,99982,100,101045,100,99979,100,101082,100,99959,100
2019-06-28 09:44:50.000000000,100661,194,100481,294,100716,194,100067,194,100785,194,100029,194,100790,194,100020,194,100817,194,100011,194,100870,100,100006,100,100895,100,99997,100,100999,100,99982,100,101045,100,99979,100,101082,100,99959,100
2019-06-28 09:45:00.000000000,100661,218,100481,318,100716,218,100067,218,100785,218,100029,218,100790,218,100020,218,100817,100,100011,100,100870,100,100006,100,100895,100,99997,100,100999,100,99982,100,101045,100,99979,100,101082,100,99959,100
2019-06-28 09:45:10.000000000,100661,194,100481,294,100716,194,100067,194,100785,194,100029,194,100790,194,100020,194,100817,194,100011,194,100870,100,100006,100,100895,100,99997,100,100999,100,99982,100,101045,100,99979,100,101082,100,99959,100
2019-06-28 09:45:12.875027561,100661,194,100481,294,100716,194,100346,100,100785,194,100067,194,100790,194,100029,194,100817,194,100020,194,100870,100,100011,194,100895,100,100006,100,100999,100,99997,100,101045,100,99982,100,101082,100,99979,100
2019-06-28 09:45:20.000000000,100661,336,100481,436,100716,336,100346,336,100785,100,100067,100,100790,100,100029,100,100817,100,100020,100,100870,100,100011,100,100895,100,100006,100,100999,100,99997,100,101045,100,99982,100,101082,100,99979,100
2019-06-28 09:45:22.030194956,100661,336,100481,436,100716,336,100346,336,100785,100,100260,100,100790,100,100067,100,100817,100,100029,100,100870,100,100020,100,100895,100,100011,100,100999,100,100006,100,101045,100,99997,100,101082,100,99982,100
2019-06-28 09:45:30.000000000,100661,571,100481,671,100716,100,100346,100,100785,100,100260,100,100790,100,100067,100,100817,100,100029,100,100870,100,100020,100,100895,100,100011,100,100999,100,100006,100,101045,100,99997,100,101082,100,99982,100
2019-06-28 09:45:32.072552466,100661,571,100481,571,100716,100,100346,100,100785,100,100260,100,100790,100,100067,100,100817,100,100029,100,100870,100,100020,100,100895,100,100011,100,100999,100,100006,100,101045,100,99997,100,101082,100,99982,100
2019-06-28 09:45:37.045302147,100661,571,100481,471,100716,100,100346,100,100785,100,100260,100,100790,100,100067,100,100817,100,100029,100,100870,100,100020,100,100895,100,100011,100,100999,100,100006,100,101045,100,99982,100,101082,100,99979,100
2019-06-28 09:45:37.924117365,100661,571,100481,371,100716,100,100346,100,100785,100,100260,100,100790,100,100067,100,100817,100,100029,100,100870,100,100020,100,100895,100,100011,100,100999,100,100006,100,101045,100,99982,100,101082,100,99979,100
2019-06-28 09:45:38.949434320,100661,571,100481,271,100716,100,100346,100,100785,100,100260,100,100790,100,100067,100,100817,100,100029,100,100870,100,100020,100,100895,100,100011,100,100999,100,100006,100,101045,100,99982,100,101082,100,99979,100
2019-06-28 09:45:40.000000000,100661,336,100346,336,100716,336,100260,336,100785,100,100067,100,100790,100,100029,100,100817,100,100020,100,100870,100,100011,100,100895,100,100006,100,100999,100,99982,100,101045,100,99979,100,101082,100,99959,100
2019-06-28 09:45:50.000000000,100661,571,100346,571,100716,100,100260,100,100785,100,100067,100,100790,100,100029,100,100817,100,100020,100,100870,100,100011,100,100895,100,100006,100,100999,100,99982,100,101045,100,99979,100,101082,100,99959,100
2019-06-28 09:46:00.000000000,100661,336,100346,336,100716,336,100260,336,100785,100,100067,100,100790,100,100029,100,100817,100,100020,100,100870,100,100011,100,100895,100,100006,100,100999,100,99982,100,101045,100,99979,100,101082,100,99959,100
2019-06-28 09:46:07.013979940,100661,336,100346,336,100716,336,100260,336,100785,100,100067,100,100790,100,100049,100,100817,100,100029,100,100870,100,100020,100,100895,100,100011,100,100999,100,100006,100,101045,100,99982,100,101082,100,99979,100
2019-06-28 09:46:10.000000000,100661,218,100346,218,100716,218,100260,218,100785,218,100067,218,100790,218,100049,218,100817,100,100029,100,100870,100,100020,100,100895,100,100011,100,100999,100,100006,100,101045,100,99982,100,101082,100,99979,100
2019-06-28 09:46:20.000000000,100661,571,100346,571,100716,100,100260,100,100785,100,100067,100,100790,100,100049,100,100817,100,100029,100,100870,100,100020,100,100895,100,100011,100,100999,100,100006,100,101045,100,99982,100,101082,100,99979,100
2019-06-28 09:46:30.000000000,100661,336,100346,336,100716,336,100260,336,100785,100,100067,100,100790,100,100049,100,100817,100,100029,100,100870,100,100020,100,100895,100,100011,100,100999,100,100006,100,101045,100,99982,100,101082,100,99979,100
2019-06-28 09:46:40.000000000,100661,336,100346,336,100716,336,100260,336,100785,100,100067,100,100790,100,100049,100,100817,100,100029,100,100870,100,100020,100,100895,100,100011,100,100999,100,100006,100,101045,100,99982,100,101082,100,99979,100
2019-06-28 09:46:42.100953047,100661,336,100346,336,100716,336,100260,336,100785,100,100094,100,100790,100,100049,100,100817,100,100029,100,100870,100,100020,100,100895,100,100011,100,100999,100,100006,100,101045,100,99982,100,101082,100,99979,100
2019-06-28 09:46:50.000000000,100661,194,100346,194,100716,194,100260,194,100785,194,100094,194,100790,194,100049,194,100817,194,100029,194,100870,100,100020,100,100895,100,100011,100,100999,100,100006,100,101045,100,99982,100,101082,100,99979,100
2019-06-28 09:47:00.000000000,100661,571,100346,571,100716,100,100260,100,100785,100,100094,100,100790,100,100049,100,100817,100,100029,100,100870,100,100020,100,100895,100,100011,100,100999,100,100006,100,101045,100,99982,100,101082,100,99979,100
2019-06-28 09:47:01.530699742,100661,571,100346,471,100716,100,100260,100,100785,100,100094,100,100790,100,100049,100,100817,100,100029,100,100870,100,100020,100,100895,100,100011,100,100999,100,100006,100,101045,100,99979,100,101082,100,99959,100
2019-06-28 09:47:10.000000000,100661,260,100260,260,100716,255,100094,255,100785,255,100049,255,100790,100,100029,100,100817,100,100020,100,100870,100,100011,100,100895,100,100006,100,100999,100,99979,100,101045,100,99959,100,101082,100,99952,100
2019-06-28 09:47:12.080559283,100269,100,100260,260,100661,260,100094,255,100716,255,100049,255,100785,255,100029,100,100790,100,100020,100,100817,100,100011,100,100870,100,100006,100,100895,100,99979,100,100999,100,99959,100,101045,100,99944,100
2019-06-28 09:47:20.000000000,100269,218,100260,218,100661,218,100094,218,100716,218,100049,218,100785,218,100029,218,100790,100,100020,100,100817,100,100011,100,100870,100,100006,100,100895,100,99979,100,100999,100,99959,100,101045,100,99944,100
2019-06-28 09:47:30.000000000,100269,336,100260,336,100661,336,100094,336,100716,100,100049,100,100785,100,100029,100,100790,100,100020,100,100817,100,100011,100,100870,100,100006,100,100895,100,99979,100,100999,100,99959,100,101045,100,99944,100
2019-06-28 09:47:32.045239874,100269,336,100260,336,100296,100,100094,336,100661,336,100049,100,100716,100,100029,100,100785,100,100020,100,100790,100,100011,100,100817,100,100006,100,100870,100,99979,100,100895,100,99959,100,100999,100,99944,100
2019-06-28 09:47:40.000000000,100269,571,100260,571,100296,100,100094,100,100661,100,100049,100,100716,100,100029,100,100785,100,100020,100,100790,100,100011,100,100817,100,100006,100,100870,100,99979,100,100895,100,99959,100,100999,100,99944,100
2019-06-28 09:47:50.000000000,100269,336,100260,336,100296,336,100094,336,100661,100,100049,100,100716,100,100029,100,100785,100,100020,100,100790,100,100011,100,100817,100,100006,100,100870,100,99979,100,100895,100,99959,100,100999,100,99944,100
2019-06-28 09:48:00.000000000,100269,336,100260,336,100296,336,100094,336,100661,100,100049,100,100716,100,100029,100,100785,100,100020,100,100790,100,100011,100,100817,100,100006,100,100870,100,99979,100,100895,100,99959,100,100999,100,99944,100
2019-06-28 09:48:03.546973646,100269,336,100260,336,100296,336,100094,336,100481,100,100049,100,100661,100,100029,100,100716,100,100020,100,100785,100,100011,100,100790,100,100006,100,100817,100,99979,100,100870,100,99959,100,100895,100,99944,100
2019-06-28 09:48:08.533658948,100269,336,100260,236,100296,336,100094,336,100481,100,100049,100,100661,100,100029,100,100716,100,100020,100,100785,100,100011,100,100790,100,100006,100,100817,100,99979,100,100870,100,99959,100,100895,100,99944,100
2019-06-28 09:48:10.000000000,100269,336,100094,336,100296,336,100049,336,100481,100,100029,100,100661,100,100020,100,100716,100,100011,100,100785,100,100006,100,100790,100,99979,100,100817,100,99959,100,100870,100,99944,100,100895,100,99943,100
2019-06-28 09:48:20.000000000,100269,194,100094,194,100296,194,100049,194,100481,194,100029,194,100661,194,100020,194,100716,194,100011,194,100785,100,100006,100,100790,100,99979,100,100817,100,99959,100,100870,100,99944,100,100895,100,99943,100
2019-06-28 09:48:24.503999316,100269,194,100117,100,100296,194,100094,194,100481,194,100049,194,100661,194,100029,194,100716,194,100020,194,100785,100,100011,194,100790,100,100006,100,100817,100,99979,100,100870,100,99959,100,100895,100,99944,100
2019-06-28 09:48:30.000000000,100269,260,100117,260,100296,255,100094,255,100481,255,100049,255,100661,100,100029,100,100716,100,100020,100,100785,100,100011,100,100790,100,100006,100,100817,100,99979,100,100870,100,99959,100,100895,100,99944,100
2019-06-28 09:48:37.163210356,100196,100,100117,260,100269,260,100094,255,100296,255,100049,255,100481,255,100029,100,100661,100,100020,100,100716,100,100011,100,100785,100,100006,100,100790,100,99979,100,100817,100,99959,100,100870,100,99944,100
2019-06-28 09:48:39.059926802,100196,100,100117,260,100269,260,100094,255,100296,255,100049,255,100378,100,100029,100,100481,255,100020,100,100661,100,100011,100,100716,100,100006,100,100785,100,99979,100,100790,100,99959,100,100817,100,99944,100
2019-06-28 09:48:40.000000000,100196,194,100117,194,100269,194,100094,194,100296,194,100049,194,100378,194,100029,194,100481,194,100020,194,100661,100,100011,100,100716,100,100006,100,100785,100,99979,100,100790,100,99959,100,100817,100,99944,100
2019-06-28 09:48:43.391365423,100196,194,100117,194,100269,194,100094,94,100282,100,100049,194,100296,194,100029,194,100378,194,100020,194,100481,194,100011,100,100661,100,100006,100,100716,100,99979,100,100785,100,99959,100,100790,100,99944,100
2019-06-28 09:48:48.421976092,100196,194,100117,194,100269,194,100094,94,100282,100,100049,194,100296,194,100029,194,100378,194,100020,194,100428,100,100011,100,100481,194,100006,100,100661,100,99979,100,100716,100,99959,100,100785,100,99944,100
2019-06-28 09:48:49.100483385,100196,194,100117,194,100269,194,100094,94,100282,100,100049,194,100296,194,100029,194,100378,194,100020,194,100395,100,100011,100,100428,100,100006,100,100481,194,99979,100,100661,100,99959,100,100716,100,99944,100
2019-06-28 09:48:50.000000000,100196,194,100117,194,100269,194,100049,194,100282,194,100029,194,100296,194,100020,194,100378,194,100011,194,100395,100,100006,100,100428,100,99979,100,100481,100,99959,100,100661,100,99944,100,100716,100,99943,100
2019-06-28 09:48:51.512534892,100196,94,100117,194,100269,194,100049,194,100282,194,100029,194,100296,194,100020,194,100378,194,100011,194,100395,100,100006,100,100428,100,99979,100,100481,100,99959,100,100661,100,99944,100,100716,100,99943,100
2019-06-28 09:49:00.000000000,100269,260,100117,260,100282,255,100049,255,100296,255,100029,255,100378,100,100020,100,100395,100,100011,100,100428,100,100006,100,100481,100,99979,100,100661,100,99959,100,100716,100,99944,100,100785,100,99943,100
2019-06-28 09:49:10.000000000,100269,336,100117,336,100282,336,100049,336,100296,100,100029,100,100378,100,100020,100,100395,100,100011,100,100428,100,100006,100,100481,100,99979,100,100661,100,99959,100,100716,100,99944,100,100785,100,99943,100
2019-06-28 09:49:12.525504116,100269,336,100117,336,100282,336,100049,336,100296,100,100029,100,100378,100,100020,100,100395,100,100011,100,100428,100,100006,100,100481,100,99979,100,100661,100,99970,100,100716,100,99959,100,100785,100,99944,100
2019-06-28 09:49:15.754188680,100269,336,100239,100,100282,336,100117,336,100296,100,100049,336,100378,100,100029,100,100428,100,100020,100,100481,100,100011,100,100661,100,100006,100,100716,100,99979,100,100785,100,99970,100,100790,100,99959,100
2019-06-28 09:49:20.000000000,100269,571,100239,571,100282,100,100117,100,100296,100,100049,100,100378,100,100029,100,100428,100,100020,100,100481,100,100011,100,100661,100,100006,100,100716,100,99979,100,100785,100,99970,100,100790,100,99959,100
2019-06-28 09:49:23.813431769,100269,571,100239,471,100282,100,100117,100,100296,100,100049,100,100378,100,100029,100,100428,100,100020,100,100481,100,100011,100,100661,100,100006,100,100716,100,99979,100,100785,100,99970,100,100790,100,99959,100
2019-06-28 09:49:30.000000000,100269,194,100117,194,100282,194,100049,194,100296,194,100029,194,100378,194,100020,194,100428,194,100011,194,100481,100,100006,100,100661,100,99979,100,100716,100,99970,100,100785,100,99959,100,100790,100,99944,100
2019-06-28 09:49:40.000000000,100269,571,100117,571,100282,100,100049,100,100296,100,100029,100,100378,100,100020,100,100428,100,100011,100,100481,100,100006,100,100661,100,99979,100,100716,100,99970,100,100785,100,99959,100,100790,100,99944,100
2019-06-28 09:49:50.000000000,100269,218,100117,218,100282,218,100049,218,100296,218,100029,218,100378,218,100020,218,100428,100,100011,100,100481,100,100006,100,100661,100,99979,100,100716,100,99970,100,100785,100,99959,100,100790,100,99944,100
2019-06-28 09:49:54.144692314,100269,218,100117,218,100282,218,100049,218,100296,218,100029,218,100378,218,100020,218,100428,100,100006,100,100465,100,99979,100,100481,100,99970,100,100661,100,99959,100,100716,100,99944,100,100785,100,99943,100
2019-06-28 09:50:00.000000000,100269,218,100117,218,100282,218,100049,218,100296,218,100029,218,100378,218,100020,218,100428,100,100006,100,100465,100,99979,100,100481,100,99970,100,100661,100,99959,100,100716,100,99944,100,100785,100,99943,100
2019-06-28 09:50:10.000000000,100269,336,100117,336,100282,336,100049,336,100296,100,100029,100,100378,100,100020,100,100428,100,100006,100,100465,100,99979,100,100481,100,99970,100,100661,100,99959,100,100716,100,99944,100,100785,100,99943,100
2019-06-28 09:50:20.000000000,100269,260,100117,260,100282,255,100049,255,100296,255,100029,255,100378,100,100020,100,100428,100,100006,100,100465,100,99979,100,100481,100,99970,100,100661,100,99959,100,100716,100,99944,100,100785,100,99943,100
2019-06-28 09:50:29.945098555,100269,260,100117,260,100282,255,100080,100,100296,255,100049,255,100378,100,100029,255,100428,100,100020,100,100465,100,100006,100,100481,100,99979,100,100661,100,99970,100,100716,100,99959,100,100785,100,99944,100
2019-06-28 09:50:30.000000000,100269,260,100117,260,100282,255,100080,255,100296,255,100049,255,100378,100,100029,100,100428,100,100020,100,100465,100,100006,100,100481,100,99979,100,100661,100,99970,100,100716,100,99959,100,100785,100,99944,100
2019-06-28 09:50:31.334048582,100269,160,100117,260,100282,255,100080,255,100296,255,100049,255,100378,100,100029,100,100428,100,100020,100,100481,100,100006,100,100661,100,99979,100,100716,100,99970,100,100785,100,99959,100,100790,100,99944,100
2019-06-28 09:50:32.829488454,100269,160,100117,160,100282,255,100080,255,100296,255,100049,255,100378,100,100029,100,100428,100,100020,100,100481,100,100006,100,100661,100,99979,100,100716,100,99970,100,100785,100,99959,100,100790,100,99944,100
2019-06-28 09:50:37.744162562,100269,160,100117,160,100282,255,100088,100,100296,255,100080,255,100378,100,100049,255,100428,100,100029,100,100481,100,100020,100,100661,100,100006,100,100716,100,99979,100,100785,100,99970,100,100790,100,99959,100
2019-06-28 09:50:40.000000000,100282,336,100088,336,100296,336,100080,336,100378,100,100049,100,100428,100,100029,100,100481,100,100020,100,100661,100,100006,100,100716,100,99979,100,100785,100,99970,100,100790,100,99959,100,100817,100,99944,100
2019-06-28 09:50:50.000000000,100282,571,100088,571,100296,100,100080,100,100378,100,100049,100,100428,100,100029,100,100481,100,100020,100,100661,100,100006,100,100716,100,99979,100,100785,100,99970,100,100790,100,99959,100,100817,100,99944,100
2019-06-28 09:51:00.000000000,100282,218,100088,218,100296,218,100080,218,100378,218,100049,218,100428,218,100029,218,100481,100,100020,100,100661,100,100006,100,100716,100,99979,100,100785,100,99970,100,100790,100,99959,100,100817,100,99944,100
2019-06-28 09:51:10.000000000,100282,571,100088,571,100296,100,100080,100,100378,100,100049,100,100428,100,100029,100,100481,100,100020,100,100661,100,100006,100,100716,100,99979,100,100785,100,99970,100,100790,100,99959,100,100817,100,99944,100
2019-06-28 09:51:14.743892880,100282,571,100088,571,100296,100,100080,100,100378,100,100049,100,100428,100,100045,100,100481,100,100029,100,100661,100,100020,100,100716,100,100006,100,100785,100,99979,100,100790,100,99970,100,100817,100,99959,100
2019-06-28 09:51:20.000000000,100282,260,100088,260,100296,255,100080,255,100378,255,100049,255,100428,100,100045,100,100481,100,100029,100,100661,100,100020,100,100716,100,100006,100,100785,100,99979,100,100790,100,99970,100,100817,100,99959,100
2019-06-28 09:51:30.000000000,100282,571,100088,571,100296,100,100080,100,100378,100,100049,100,100428,100,100045,100,100481,100,100029,100,100661,100,100020,100,100716,100,100006,100,100785,100,99979,100,100790,100,99970,100,100817,100,99959,100
2019-06-28 09:51:31.258569988,100282,471,100088,571,100296,100,100080,100,100378,100,100049,100,100428,100,100045,100,100481,100,100029,100,100661,100,100020,100,100716,100,100006,100,100785,100,99979,100,100817,100,99970,100,100870,100,99959,100
2019-06-28 09:51:40.000000000,100296,571,100088,571,100378,100,100080,100,100428,100,100049,100,100481,100,100045,100,100661,100,100029,100,100716,100,100020,100,100785,100,100006,100,100817,100,99979,100,100870,100,99970,100,100895,100,99959,100
2019-06-28 09:51:50.000000000,100296,194,100088,194,100378,194,100080,194,100428,194,100049,194,100481,194,100045,194,100661,194,100029,194,100716,100,100020,100,100785,100,100006,100,100817,100,99979,100,100870,100,99970,100,100895,100,99959,100
2019-06-28 09:51:54.148239800,100296,194,100091,100,100378,194,100088,194,100428,194,100080,194,100481,194,100049,194,100661,194,100045,194,100716,100,100029,194,100785,100,100020,100,100817,100,100006,100,100870,100,99979,100,100895,100,99970,100
2019-06-28 09:52:00.000000000,100296,571,100091,571,100378,100,100088,100,100428,100,100080,100,100481,100,100049,100,100661,100,100045,100,100716,100,100029,100,100785,100,100020,100,100817,100,100006,100,100870,100,99979,100,100895,100,99970,100
2019-06-28 09:52:10.000000000,100296,336,100091,336,100378,336,100088,336,100428,100,100080,100,100481,100,100049,100,100661,100,100045,100,100716,100,100029,100,100785,100,100020,100,100817,100,100006,100,100870,100,99979,100,100895,100,99970,100
2019-06-28 09:52:19.797261442,100296,236,100091,336,100378,336,100088,336,100428,100,100080,100,100481,100,100049,100,100661,100,100045,100,100716,100,100029,100,100785,100,100020,100,100817,100,100006,100,100870,100,99970,100,100895,100,99959,100
2019-06-28 09:52:20.000000000,100378,336,100091,336,100428,336,100088,336,100481,100,100080,100,100661,100,100049,100,100716,100,100045,100,100785,100,100029,100,100817,100,100020,100,100870,100,100006,100,100895,100,99970,100,100999,100,99959,100
2019-06-28 09:52:30.000000000,100378,260,100091,260,100428,255,100088,255,100481,255,100080,255,100661,100,100049,100,100716,100,100045,100,100785,100,100029,100,100817,100,100020,100,100870,100,100006,100,100895,100,99970,100,100999,100,99959,100
2019-06-28 09:52:40.000000000,100378,194,100091,194,100428,194,100088,194,100481,194,100080,194,100661,194,100049,194,100716,194,100045,194,100785,100,100029,100,100817,100,100020,100,100870,100,100006,100,100895,100,99970,100,100999,100,99959,100
2019-06-28 09:52:50.000000000,100378,336,100091,336,100428,336,100088,336,100481,100,100080,100,100661,100,100049,100,100716,100,100045,100,100785,100,100029,100,100817,100,100020,100,100870,100,100006,100,100895,100,99970,100,100999,100,99959,100
2019-06-28 09:52:57.817103693,100147,100,100091,336,100378,336,100088,336,100428,336,100080,100,100481,100,100049,100,100661,100,100045,100,100716,100,100029,100,100785,100,100020,100,100817,100,100006,100,100870,100,99970,100,100895,100,99959,100
2019-06-28 09:53:00.000000000,100147,571,100091,571,100378,100,100088,100,100428,100,100080,100,100481,100,100049,100,100661,100,100045,100,100716,100,100029,100,100785,100,100020,100,100817,100,100006,100,100870,100,99970,100,100895,100,99959,100
2019-06-28 09:53:10.000000000,100147,194,100091,194,100378,194,100088,194,100428,194,100080,194,100481,194,100049,194,100661,194,100045,194,100716,100,100029,100,100785,100,100020,100,100817,100,100006,100,100870,100,99970,100,100895,100,99959,100
2019-06-28 09:53:19.950174627,100147,194,100091,194,100378,194,100088,194,100428,194,100080,194,100481,194,100049,194,100661,194,100045,194,100716,100,100029,100,100785,100,100020,100,100817,100,100006,100,100870,100,99970,100,100895,100,99959,100
2019-06-28 09:53:20.000000000,100147,336,100091,336,100378,336,100088,336,100428,100,100080,100,100481,100,100049,100,100661,100,100045,100,100716,100,100029,100,100785,100,100020,100,100817,100,100006,100,100870,100,99970,100,100895,100,99959,100
2019-06-28 09:53:30.000000000,100147,218,100091,218,100378,218,100088,218,100428,218,100080,218,100481,218,100049,218,100661,100,100045,100,100716,100,100029,100,100785,100,100020,100,100817,100,100006,100,100870,100,99970,100,100895,100,99959,100
2019-06-28 09:53:38.372920927,100147,218,100091,118,100378,218,100088,218,100428,218,100080,218,100481,218,100049,218,100661,100,100045,100,100716,100,100029,100,100785,100,100020,100,100817,100,100006,100,100870,100,99970,100,100895,100,99959,100
2019-06-28 09:53:39.735683792,100146,100,100091,118,100147,218,100088,218,100378,218,100080,218,100428,218,100049,218,100481,218,100045,100,100661,100,100029,100,100716,100,100020,100,100785,100,100006,100,100817,100,99970,100,100870,100,99959,100
2019-06-28 09:53:40.000000000,100146,194,100088,194,100147,194,100080,194,100378,194,100049,194,100428,194,100045,194,100481,194,100029,194,100661,100,100020,100,100716,100,100006,100,100785,100,99970,100,100817,100,99959,100,100870,100,99944,100
2019-06-28 09:53:40.375312520,100146,194,100088,194,100147,194,100080,194,100378,194,100049,194,100428,194,100045,194,100481,194,100029,194,100661,100,100020,100,100716,100,100013,100,100785,100,100006,100,100817,100,99970,100,100870,100,99959,100
2019-06-28 09:53:40.971452252,100146,194,100088,94,100147,194,100080,194,100378,194,100049,194,100428,194,100045,194,100481,194,100029,194,100661,100,100020,100,100716,100,100013,100,100785,100,100006,100,100817,100,99970,100,100870,100,99959,100
2019-06-28 09:53:50.000000000,100146,194,100080,194,100147,194,100049,194,100378,194,100045,194,100428,194,100029,194,100481,194,100020,194,100661,100,100013,100,100716,100,100006,100,100785,100,99970,100,100817,100,99959,100,100870,100,99944,100
2019-06-28 09:54:00.000000000,100146,571,100080,571,100147,100,100049,100,100378,100,100045,100,100428,100,100029,100,100481,100,100020,100,100661,100,100013,100,100716,100,100006,100,100785,100,99970,100,100817,100,99959,100,100870,100,99944,100
2019-06-28 09:54:03.653314274,100146,571,100080,571,100147,100,100049,100,100378,100,100045,100,100428,100,100029,100,100481,100,100020,100,100580,100,100013,100,100661,100,100006,100,100716,100,99970,100,100785,100,99959,100,100817,100,99944,100
2019-06-28 09:54:10.000000000,100146,194,100080,194,100147,194,100049,194,100378,194,100045,194,100428,194,100029,194,100481,194,100020,194,100580,100,100013,100,100661,100,100006,100,100716,100,99970,100,100785,100,99959,100,100817,100,99944,100
2019-06-28 09:54:20.000000000,100146,218,100080,218,100147,218,100049,218,100378,218,100045,218,100428,218,100029,218,100481,100,100020,100,100580,100,100013,100,100661,100,100006,100,100716,100,99970,100,100785,100,99959,100,100817,100,99944,100
2019-06-28 09:54:30.000000000,100146,336,100080,336,100147,336,100049,336,100378,100,100045,100,100428,100,100029,100,100481,100,100020,100,100580,100,100013,100,100661,100,100006,100,100716,100,99970,100,100785,100,99959,100,100817,100,99944,100
2019-06-28 09:54:34.615312011,100146,336,100080,336,100147,336,100049,336,100378,100,100045,100,100428,100,100029,100,100481,100,100020,100,100580,100,100013,100,100661,100,100007,100,100716,100,100006,100,100785,100,99970,100,100817,100,99959,100
2019-06-28 09:54:40.000000000,100146,260,100080,260,100147,255,100049,255,100378,255,100045,255,100428,100,100029,100,100481,100,100020,100,100580,100,100013,100,100661,100,100007,100,100716,100,100006,100,100785,100,99970,100,100817,100,99959,100
2019-06-28 09:54:43.120524635,100146,160,100080,260,100147,255,100049,255,100378,255,100045,255,100428,100,100029,100,100481,100,100020,100,100580,100,100013,100,100661,100,100007,100,100716,100,100006,100,100785,100,99970,100,100817,100,99959,100
2019-06-28 09:54:50.000000000,100147,260,100080,260,100378,255,100049,255,100428,255,100045,255,100481,100,100029,100,100580,100,100020,100,100661,100,100013,100,100716,100,100007,100,100785,100,100006,100,100817,100,99970,100,100870,100,99959,100
2019-06-28 09:54:57.383647757,100147,260,100089,100,100378,255,100080,260,100428,255,100049,255,100481,100,100045,255,100580,100,100029,100,100661,100,100013,100,100716,100,100007,100,100785,100,100006,100,100817,100,99970,100,100870,100,99959,100
2019-06-28 09:55:00.000000000,100147,571,100089,571,100378,100,100080,100,100428,100,100049,100,100481,100,100045,100,100580,100,100029,100,100661,100,100013,100,100716,100,100007,100,100785,100,100006,100,100817,100,99970,100,100870,100,99959,100
2019-06-28 09:55:10.000000000,100147,194,100089,194,100378,194,100080,194,100428,194,100049,194,100481,194,100045,194,100580,194,100029,194,100661,100,100013,100,100716,100,100007,100,100785,100,100006,100,100817,100,99970,100,100870,100,99959,100
2019-06-28 09:55:20.000000000,100147,218,100089,218,100378,218,100080,218,100428,218,100049,218,100481,218,100045,218,100580,100,100029,100,100661,100,100013,100,100716,100,100007,100,100785,100,100006,100,100817,100,99970,100,100870,100,99959,100
2019-06-28 09:55:21.857609029,100147,218,100089,218,100378,218,100080,218,100428,218,100049,218,100481,218,100045,218,100576,100,100029,100,100580,100,100013,100,100661,100,100007,100,100716,100,100006,100,100785,100,99959,100,100817,100,99944,100
2019-06-28 09:55:30.000000000,100147,571,100089,571,100378,100,100080,100,100428,100,100049,100,100481,100,100045,100,100576,100,100029,100,100580,100,100013,100,100661,100,100007,100,100716,100,100006,100,100785,100,99959,100,100817,100,99944,100
2019-06-28 09:55:40.000000000,100147,336,100089,336,100378,336,100080,336,100428,100,100049,100,100481,100,100045,100,100576,100,100029,100,100580,100,100013,100,100661,100,100007,100,100716,100,100006,100,100785,100,99959,100,100817,100,99944,100
2019-06-28 09:55:50.000000000,100147,194,100089,194,100378,194,100080,194,100428,194,100049,194,100481,194,100045,194,100576,194,100029,194,100580,100,100013,100,100661,100,100007,100,100716,100,100006,100,100785,100,99959,100,100817,100,99944,100
2019-06-28 09:56:00.000000000,100147,571,100089,571,100378,100,100080,100,100428,100,100049,100,100481,100,100045,100,100576,100,100029,100,100580,100,100013,100,100661,100,100007,100,100716,100,100006,100,100785,100,99959,100,100817,100,99944,100
2019-06-28 09:56:07.281568020,100147,571,100089,571,100378,100,100080,100,100428,100,100049,100,100481,100,100045,100,100576,100,100029,100,100580,100,100013,100,100661,100,100007,100,100716,100,100006,100,100785,100,99959,100,100817,100,99951,100
2019-06-28 09:56:10.000000000,100147,218,100089,218,100378,218,100080,218,100428,218,100049,218,100481,218,100045,218,100576,100,100029,100,100580,100,100013,100,100661,100,100007,100,100716,100,100006,100,100785,100,99959,100,100817,100,99951,100
2019-06-28 09:56:20.000000000,100147,218,100089,218,100378,218,100080,218,100428,218,100049,218,100481,218,100045,218,100576,100,100029,100,100580,100,100013,100,100661,100,100007,100,100716,100,100006,100,100785,100,99959,100,100817,100,99951,100
2019-06-28 09:56:23.831974025,100147,218,100089,218,100378,218,100080,218,100428,218,100049,218,100481,218,100045,218,100576,100,100013,100,100580,100,100007,100,100661,100,100006,100,100716,100,99959,100,100785,100,99951,100,100817,100,99944,100
2019-06-28 09:56:30.000000000,100147,571,100089,571,100378,100,100080,100,100428,100,100049,100,100481,100,100045,100,100576,100,100013,100,100580,100,100007,100,100661,100,100006,100,100716,100,99959,100,100785,100,99951,100,100817,100,99944,100
2019-06-28 09:56:40.000000000,100147,218,100089,218,100378,218,100080,218,100428,218,100049,218,100481,218,100045,218,100576,100,100013,100,100580,100,100007,100,100661,100,100006,100,100716,100,99959,100,100785,100,99951,100,100817,100,99944,100
2019-06-28 09:56:41.166112759,100145,100,100089,218,100147,218,100080,218,100378,218,100049,218,100428,218,100045,218,100481,218,100013,100,100576,100,100007,100,100580,100,100006,100,100661,100,99959,100,100716,100,99951,100,100785,100,99944,100
2019-06-28 09:56:43.123005257,100145,100,100089,218,100147,218,100080,218,100378,218,100049,218,100428,218,100045,218,100481,218,100013,100,100576,100,100007,100,100580,100,100006,100,100661,100,99988,100,100716,100,99959,100,100785,100,99951,100
2019-06-28 09:56:50.000000000,100145,194,100089,194,100147,194,100080,194,100378,194,100049,194,100428,194,100045,194,100481,194,100013,194,100576,100,100007,100,100580,100,100006,100,100661,100,99988,100,100716,100,99959,100,100785,100,99951,100
2019-06-28 09:56:50.121886822,100145,194,100089,194,100147,194,100080,194,100378,194,100049,194,100428,194,100045,194,100481,194,100013,194,100576,100,100007,100,100580,100,100006,100,100661,100,99988,100,100716,100,99959,100,100785,100,99951,100
2019-06-28 09:57:00.000000000,100145,194,100089,194,100147,194,100080,194,100378,194,100049,194,100428,194,100045,194,100481,194,100013,194,100576,100,100007,100,100580,100,100006,100,100661,100,99988,100,100716,100,99959,100,100785,100,99951,100
2019-06-28 09:57:01.815658759,100145,94,100089,194,100147,194,100080,194,100378,194,100049,194,100428,194,100045,94,100481,194,100013,194,100576,100,100007,100,100580,100,100006,100,100661,100,99988,100,100716,100,99959,100,100785,100,99951,100
2019-06-28 09:57:10.000000000,100147,218,100089,218,100378,218,100080,218,100428,218,100049,218,100481,218,100013,218,100576,100,100007,100,100580,100,100006,100,100661,100,99988,100,100716,100,99959,100,100785,100,99951,100,100817,100,99944,100
2019-06-28 09:57:20.000000000,100147,571,100089,571,100378,100,100080,100,100428,100,100049,100,100481,100,100013,100,100576,100,100007,100,100580,100,100006,100,100661,100,99988,100,100716,100,99959,100,100785,100,99951,100,100817,100,99944,100
2019-06-28 09:57:30.000000000,100147,218,100089,218,100378,218,100080,218,100428,218,100049,218,100481,218,100013,218,100576,100,100007,100,100580,100,100006,100,100661,100,99988,100,100716,100,99959,100,100785,100,99951,100,100817,100,99944,100
2019-06-28 09:57:37.507695445,100147,218,100089,218,100378,218,100080,218,100428,218,100076,100,100481,218,100049,218,100576,100,100013,218,100580,100,100007,100,100661,100,100006,100,100716,100,99988,100,100785,100,99959,100,100817,100,99951,100
2019-06-28 09:57:40.000000000,100147,571,100089,571,100378,100,100080,100,100428,100,100076,100,100481,100,100049,100,100576,100,100013,100,100580,100,100007,100,100661,100,100006,100,100716,100,99988,100,100785,100,99959,100,100817,100,99951,100
2019-06-28 09:57:40.181274322,100147,571,100089,571,100178,100,100080,100,100378,100,100076,100,100428,100,100049,100,100481,100,100013,100,100576,100,100007,100,100580,100,100006,100,100661,100,99988,100,100716,100,99959,100,100785,100,99951,100
2019-06-28 09:57:50.000000000,100147,194,100089,194,100178,194,100080,194,100378,194,100076,194,100428,194,100049,194,100481,194,100013,194,100576,100,100007,100,100580,100,100006,100,100661,100,99988,100,100716,100,99959,100,100785,100,99951,100
2019-06-28 09:57:52.852977081,100147,194,100089,194,100178,194,100080,194,100378,194,100076,194,100428,194,100049,194,100481,94,100013,194,100576,100,100007,100,100580,100,100006,100,100661,100,99988,100,100716,100,99959,100,100785,100,99951,100
2019-06-28 09:57:53.348115658,100147,194,100107,100,100178,194,100089,194,100378,194,100080,194,100428,194,100076,194,100481,94,100049,194,100576,100,100013,194,100580,100,100007,100,100661,100,100006,100,100716,100,99959,100,100785,100,99951,100
2019-06-28 09:57:57.283791651,100147,194,100089,194,100178,194,100080,194,100378,194,100076,194,100428,194,100049,194,100481,94,100013,194,100576,100,100007,100,100580,100,100006,100,100661,100,99959,100,100716,100,99951,100,100785,100,99944,100
2019-06-28 09:58:00.000000000,100147,218,100089,218,100178,218,100080,218,100378,218,100076,218,100428,218,100049,218,100576,100,100013,100,100580,100,100007,100,100661,100,100006,100,100716,100,99959,100,100785,100,99951,100,100817,100,99944,100
2019-06-28 09:58:10.000000000,100147,218,100089,218,100178,218,100080,218,100378,218,100076,218,100428,218,100049,218,100576,100,100013,100,100580,100,100007,100,100661,100,100006,100,100716,100,99959,100,100785,100,99951,100,100817,100,99944,100
2019-06-28 09:58:20.000000000,100147,336,100089,336,100178,336,100080,336,100378,100,100076,100,100428,100,100049,100,100576,100,100013,100,100580,100,100007,100,100661,100,100006,100,100716,100,99959,100,100785,100,99951,100,100817,100,99944,100
2019-06-28 09:58:26.932677548,100147,336,100089,336,100178,336,100080,336,100378,100,100076,100,100428,100,100049,100,100576,100,100013,100,100580,100,100007,100,100661,100,100006,100,100716,100,99951,100,100785,100,99944,100,100817,100,99922,100
2019-06-28 09:58:30.000000000,100147,571,100089,571,100178,100,100080,100,100378,100,100076,100,100428,100,100049,100,100576,100,100013,100,100580,100,100007,100,100661,100,100006,100,100716,100,99951,100,100785,100,99944,100,100817,100,99922,100
2019-06-28 09:58:31.764298872,100147,571,100089,571,100178,100,100080,100,100181,100,100076,100,100378,100,100049,100,100428,100,100013,100,100576,100,100007,100,100580,100,100006,100,100661,100,99951,100,100716,100,99944,100,100785,100,99922,100
2019-06-28 09:58:40.000000000,100147,260,100089,260,100178,255,100080,255,100181,255,100076,255,100378,100,100049,100,100428,100,100013,100,100576,100,100007,100,100580,100,100006,100,100661,100,99951,100,100716,100,99944,100,100785,100,99922,100
2019-06-28 09:58:42.592052999,100147,260,100089,260,100178,255,100080,255,100181,255,100076,255,100378,100,100071,100,100428,100,100049,100,100576,100,100013,100,100580,100,100007,100,100661,100,100006,100,100716,100,99951,100,100785,100,99944,100
2019-06-28 09:58:45.204459129,100147,160,100089,260,100178,255,100080,255,100181,255,100076,255,100378,100,100071,100,100428,100,100049,100,100576,100,100007,100,100580,100,100006,100,100661,100,99951,100,100716,100,99944,100,100785,100,99922,100
2019-06-28 09:58:50.000000000,100178,260,100089,260,100181,255,100080,255,100378,255,100076,255,100428,100,100071,100,100576,100,100049,100,100580,100,100007,100,100661,100,100006,100,100716,100,99951,100,100785,100,99944,100,100817,100,99922,100
2019-06-28 09:59:00.000000000,100178,571,100089,571,100181,100,100080,100,100378,100,100076,100,100428,100,100071,100,100576,100,100049,100,100580,100,100007,100,100661,100,100006,100,100716,100,99951,100,100785,100,99944,100,100817,100,99922,100
2019-06-28 09:59:08.313281134,100178,571,100098,100,100181,100,100089,571,100378,100,100080,100,100428,100,100076,100,100576,100,100071,100,100580,100,100049,100,100661,100,100007,100,100716,100,100006,100,100785,100,99951,100,100817,100,99944,100
2019-06-28 09:59:10.000000000,100178,571,100098,571,100181,100,100089,100,100378,100,100080,100,100428,100,100076,100,100576,100,100071,100,100580,100,100049,100,100661,100,100007,100,100716,100,100006,100,100785,100,99951,100,100817,100,99944,100
2019-06-28 09:59:18.473146321,100178,571,100098,571,100181,100,100089,100,100335,100,100080,100,100378,100,100076,100,100428,100,100071,100,100576,100,100049,100,100580,100,100007,100,100661,100,100006,100,100716,100,99951,100,100785,100,99944,100
2019-06-28 09:59:20.000000000,100178,194,100098,194,100181,194,100089,194,100335,194,100080,194,100378,194,100076,194,100428,194,100071,194,100576,100,100049,100,100580,100,100007,100,100661,100,100006,100,100716,100,99951,100,100785,100,99944,100
2019-06-28 09:59:30.000000000,100178,218,100098,218,100181,218,100089,218,100335,218,100080,218,100378,218,100076,218,100428,100,100071,100,100576,100,100049,100,100580,100,100007,100,100661,100,100006,100,100716,100,99951,100,100785,100,99944,100
2019-06-28 09:59:40.000000000,100178,218,100098,218,100181,218,100089,218,100335,218,100080,218,100378,218,100076,218,100428,100,100071,100,100576,100,100049,100,100580,100,100007,100,100661,100,100006,100,100716,100,99951,100,100785,100,99944,100
2019-06-28 09:59:46.840824161,100178,218,100107,100,100181,218,100098,218,100335,218,100089,218,100378,218,100080,218,100428,100,100076,218,100576,100,100071,100,100580,100,100049,100,100661,100,100007,100,100716,100,100006,100,100785,100,99951,100
2019-06-28 09:59:48.443928999,100178,218,100107,100,100181,218,100098,218,100335,218,100089,218,100378,218,100080,218,100428,100,100076,218,100576,100,100071,100,100580,100,100049,100,100716,100,100007,100,100785,100,100006,100,100817,100,99951,100
2019-06-28 09:59:50.000000000,100178,194,100107,194,100181,194,100098,194,100335,194,100089,194,100378,194,100080,194,100428,194,100076,194,100576,100,100071,100,100580,100,100049,100,100716,100,100007,100,100785,100,100006,100,100817,100,99951,100
2019-06-28 09:59:54.082538873,100178,94,100107,194,100181,194,100098,194,100335,194,100089,194,100378,194,100080,194,100428,194,100076,194,100576,100,100071,100,100580,100,100049,100,100716,100,100007,100,100785,100,100006,100,100817,100,99951,100
2019-06-28 10:00:00.000000000,100181,260,100107,260,100335,255,100098,255,100378,255,100089,255,100428,100,100080,100,100576,100,100076,100,100580,100,100071,100,100716,100,100049,100,100785,100,100007,100,100817,100,100006,100,100870,100,99951,100
2019-06-28 10:00:09.129993587,100181,260,100107,260,100335,255,100098,255,100378,255,100089,255,100428,100,100080,100,100576,100,100076,100,100580,100,100071,100,100707,100,100049,100,100716,100,100007,100,100785,100,100006,100,100817,100,99951,100
2019-06-28 10:00:10.000000000,100181,194,100107,194,100335,194,100098,194,100378,194,100089,194,100428,194,100080,194,100576,194,100076,194,100580,100,100071,100,100707,100,100049,100,100716,100,100007,100,100785,100,100006,100,100817,100,99951,100
2019-06-28 10:00:20.000000000,100181,571,100107,571,100335,100,100098,100,100378,100,100089,100,100428,100,100080,100,100576,100,100076,100,100580,100,100071,100,100707,100,100049,100,100716,100,100007,100,100785,100,100006,100,100817,100,99951,100
2019-06-28 10:00:21.941026532,100181,471,100107,571,100335,100,100098,100,100378,100,100089,100,100428,100,100080,100,100576,100,100076,100,100580,100,100071,100,100716,100,100049,100,100785,100,100007,100,100817,100,100006,100,100870,100,99951,100
2019-06-28 10:00:30.000000000,100335,336,100107,336,100378,336,100098,336,100428,100,100089,100,100576,100,100080,100,100580,100,100076,100,100716,100,100071,100,100785,100,100049,100,100817,100,100007,100,100870,100,100006,100,100895,100,99951,100
2019-06-28 10:00:40.000000000,100335,336,100107,336,100378,336,100098,336,100428,100,100089,100,100576,100,100080,100,100580,100,100076,100,100716,100,100071,100,100785,100,100049,100,100817,100,100007,100,100870,100,100006,100,100895,100,99951,100
2019-06-28 10:00:40.247887319,100335,336,100107,336,100378,336,100098,336,100428,100,100089,100,100576,100,100080,100,100580,100,100076,100,100716,100,100071,100,100785,100,100049,100,100817,100,100007,100,100870,100,100006,100,100895,100,99951,100
2019-06-28 10:00:50.000000000,100335,218,100107,218,100378,218,100098,218,100428,218,100089,218,100576,218,100080,218,100580,100,100076,100,100716,100,100071,100,100785,100,100049,100,100817,100,100007,100,100870,100,100006,100,100895,100,99951,100
2019-06-28 10:01:00.000000000,100335,571,100107,571,100378,100,100098,100,100428,100,100089,100,100576,100,100080,100,100580,100,100076,100,100716,100,100071,100,100785,100,100049,100,100817,100,100007,100,100870,100,100006,100,100895,100,99951,100
2019-06-28 10:01:03.702013297,100335,471,100107,571,100378,100,100098,100,100428,100,100089,100,100576,100,100080,100,100580,100,100076,100,100716,100,100071,100,100785,100,100049,100,100817,100,100007,100,100870,100,100006,100,100895,100,99951,100
2019-06-28 10:01:07.560842828,100335,371,100107,571,100378,100,100098,100,100428,100,100089,100,100576,100,100080,100,100580,100,100076,100,100716,100,100071,100,100785,100,100049,100,100817,100,100007,100,100870,100,100006,100,100895,100,99951,100
2019-06-28 10:01:10.000000000,100378,336,100107,336,100428,336,100098,336,100576,100,100089,100,100580,100,100080,100,100716,100,100076,100,100785,100,100071,100,100817,100,100049,100,100870,100,100007,100,100895,100,100006,100,100999,100,99951,100
2019-06-28 10:01:11.522964355,100378,236,100107,336,100428,336,100098,336,100576,100,100089,100,100580,100,100080,100,100716,100,100076,100,100785,100,100071,100,100817,100,100049,100,100870,100,100007,100,100895,100,100006,100,100999,100,99951,100
2019-06-28 10:01:19.002898412,100378,236,100107,336,100428,336,100098,336,100576,100,100089,100,100580,100,100080,100,100716,100,100076,100,100785,100,100071,100,100817,100,100049,100,100870,100,100007,100,100895,100,100006,100,100999,100,99951,100
2019-06-28 10:01:20.000000000,100428,336,100107,336,100576,336,100098,336,100580,100,100089,100,100716,100,100080,100,100785,100,100076,100,100817,100,100071,100,100870,100,100049,100,100895,100,100007,100,100999,100,100006,100,101061,100,99951,100
2019-06-28 10:01:30.000000000,100428,571,100107,571,100576,100,100098,100,100580,100,100089,100,100716,100,100080,100,100785,100,100076,100,100817,100,100071,100,100870,100,100049,100,100895,100,100007,100,100999,100,100006,100,101061,100,99951,100
2019-06-28 10:01:36.091474016,100428,571,100335,100,100576,100,100107,571,100580,100,100098,100,100716,100,100089,100,100785,100,100080,100,100817,100,100076,100,100870,100,100071,100,100895,100,100049,100,100999,100,100007,100,101061,100,100006,100
2019-06-28 10:01:40.000000000,100428,218,100335,218,100576,218,100107,218,100580,218,100098,218,100716,218,100089,218,100785,100,100080,100,100817,100,100076,100,100870,100,100071,100,100895,100,100049,100,100999,100,100007,100,101061,100,100006,100
2019-06-28 10:01:50.000000000,100428,218,100335,218,100576,218,100107,218,100580,218,100098,218,100716,218,100089,218,100785,100,100080,100,100817,100,100076,100,100870,100,100071,100,100895,100,100049,100,100999,100,100007,100,101061,100,100006,100
2019-06-28 10:02:00.000000000,100428,218,100335,218,100576,218,100107,218,100580,218,100098,218,100716,218,100089,218,100785,100,100080,100,100817,100,100076,100,100870,100,100071,100,100895,100,100049,100,100999,100,100007,100,101061,100,100006,100
2019-06-28 10:02:02.068959797,100428,218,100335,218,100576,218,100107,218,100580,218,100098,218,100716,218,100089,218,100785,100,100080,100,100817,100,100076,100,100857,100,100071,100,100870,100,100049,100,100895,100,100007,100,100999,100,100006,100
2019-06-28 10:02:10.000000000,100428,218,100335,218,100576,218,100107,218,100580,218,100098,218,100716,218,100089,218,100785,100,100080,100,100817,100,100076,100,100857,100,100071,100,100870,100,100049,100,100895,100,100007,100,100999,100,100006,100
2019-06-28 10:02:11.987260159,100428,218,100335,218,100576,218,100107,218,100580,218,100098,218,100716,218,100089,218,100785,100,100080,100,100817,100,100076,100,100826,100,100071,100,100857,100,100049,100,100870,100,100006,100,100895,100,99951,100
2019-06-28 10:02:20.000000000,100428,260,100335,260,100576,255,100107,255,100580,255,100098,255,100716,100,100089,100,100785,100,100080,100,100817,100,100076,100,100826,100,100071,100,100857,100,100049,100,100870,100,100006,100,100895,100,99951,100
2019-06-28 10:02:30.000000000,100428,336,100335,336,100576,336,100107,336,100580,100,100098,100,100716,100,100089,100,100785,100,100080,100,100817,100,100076,100,100826,100,100071,100,100857,100,100049,100,100870,100,100006,100,100895,100,99951,100
2019-06-28 10:02:40.000000000,100428,336,100335,336,100576,336,100107,336,100580,100,100098,100,100716,100,100089,100,100785,100,100080,100,100817,100,100076,100,100826,100,100071,100,100857,100,100049,100,100870,100,100006,100,100895,100,99951,100
2019-06-28 10:02:50.000000000,100428,218,100335,218,100576,218,100107,218,100580,218,100098,218,100716,218,100089,218,100785,100,100080,100,100817,100,100076,100,100826,100,100071,100,100857,100,100049,100,100870,100,100006,100,100895,100,99951,100
2019-06-28 10:03:00.000000000,100428,218,100335,218,100576,218,100107,218,100580,218,100098,218,100716,218,100089,218,100785,100,100080,100,100817,100,100076,100,100826,100,100071,100,100857,100,100049,100,100870,100,100006,100,100895,100,99951,100
2019-06-28 10:03:00.826686717,100428,218,100335,218,100516,100,100107,218,100576,218,100098,218,100580,218,100089,218,100716,218,100080,100,100785,100,100076,100,100817,100,100071,100,100857,100,100049,100,100870,100,100006,100,100895,100,99951,100
2019-06-28 10:03:04.953252392,100428,118,100335,218,100516,100,100107,218,100576,218,100098,218,100580,218,100089,218,100716,218,100080,100,100785,100,100076,100,100817,100,100071,100,100857,100,100049,100,100870,100,100006,100,100895,100,99951,100
2019-06-28 10:03:10.000000000,100516,571,100335,571,100576,100,100107,100,100580,100,100098,100,100716,100,100089,100,100785,100,100080,100,100817,100,100076,100,100857,100,100071,100,100870,100,100049,100,100895,100,100006,100,100999,100,99951,100
2019-06-28 10:03:20.000000000,100516,260,100335,260,100576,255,100107,255,100580,255,100098,255,100716,100,100089,100,100785,100,100080,100,100817,100,100076,100,100857,100,100071,100,100870,100,100049,100,100895,100,100006,100,100999,100,99951,100
2019-06-28 10:03:30.000000000,100516,218,100335,218,100576,218,100107,218,100580,218,100098,218,100716,218,100089,218,100785,100,100080,100,100817,100,100076,100,100857,100,100071,100,100870,100,100049,100,100895,100,100006,100,100999,100,99951,100
2019-06-28 10:03:34.362259861,100516,118,100335,218,100576,218,100107,218,100580,218,100098,218,100716,218,100089,218,100785,100,100080,100,100817,100,100076,100,100857,100,100071,100,100870,100,100049,100,100895,100,100006,100,100999,100,99951,100
2019-06-28 10:03:40.000000000,100576,218,100335,218,100580,218,100107,218,100716,218,100098,218,100785,218,100089,218,100817,100,100080,100,100857,100,100076,100,100870,100,100071,100,100895,100,100049,100,100999,100,100006,100,101063,100,99951,100
2019-06-28 10:03:43.198449271,100576,218,100335,218,100580,218,100107,218,100716,218,100098,218,100785,218,100089,218,100821,100,100080,100,100857,100,100076,100,100870,100,100071,100,100895,100,100049,100,100999,100,100006,100,101063,100,99951,100
2019-06-28 10:03:50.000000000,100576,194,100335,194,100580,194,100107,194,100716,194,100098,194,100785,194,100089,194,100821,194,100080,194,100857,100,100076,100,100870,100,100071,100,100895,100,100049,100,100999,100,100006,100,101063,100,99951,100
2019-06-28 10:03:50.266614898,100576,194,100509,100,100580,194,100335,194,100716,194,100107,194,100785,194,100098,94,100821,194,100089,194,100857,100,100080,194,100870,100,100076,100,100895,100,100071,100,100999,100,100049,100,101063,100,100006,100
2019-06-28 10:04:00.000000000,100576,336,100509,336,100580,336,100335,336,100716,100,100107,100,100785,100,100089,100,100821,100,100080,100,100857,100,100076,100,100870,100,100071,100,100895,100,100049,100,100999,100,100006,100,101063,100,99951,100
2019-06-28 10:04:03.653328508,100576,336,100509,336,100580,336,100335,336,100616,100,100107,100,100716,100,100089,100,100785,100,100080,100,100821,100,100076,100,100857,100,100071,100,100870,100,100049,100,100895,100,100006,100,100999,100,99951,100
2019-06-28 10:04:10.000000000,100576,218,100509,218,100580,218,100335,218,100616,218,100107,218,100716,218,100089,218,100785,100,100080,100,100821,100,100076,100,100857,100,100071,100,100870,100,100049,100,100895,100,100006,100,100999,100,99951,100
2019-06-28 10:04:19.148956544,100576,218,100509,218,100580,218,100335,218,100616,218,100282,100,100716,218,100107,218,100785,100,100089,218,100821,100,100080,100,100857,100,100076,100,100870,100,100071,100,100895,100,100049,100,100999,100,100006,100
2019-06-28 10:04:20.000000000,100576,194,100509,194,100580,194,100335,194,100616,194,100282,194,100716,194,100107,194,100785,194,100089,194,100821,100,100080,100,100857,100,100076,100,100870,100,100071,100,100895,100,100049,100,100999,100,100006,100
2019-06-28 10:04:26.120644904,100576,94,100509,194,100580,194,100374,100,100616,194,100335,194,100716,194,100282,194,100785,194,100107,194,100821,100,100089,194,100857,100,100080,100,100870,100,100076,100,100895,100,100071,100,100999,100,100049,100
2019-06-28 10:04:30.000000000,100580,571,100509,571,100616,100,100374,100,100716,100,100335,100,100785,100,100282,100,100821,100,100107,100,100857,100,100089,100,100870,100,100080,100,100895,100,100076,100,100999,100,100071,100,101063,100,100049,100
2019-06-28 10:04:31.921747049,100515,100,100509,571,100580,571,100374,100,100616,100,100335,100,100716,100,100282,100,100785,100,100107,100,100821,100,100089,100,100857,100,100080,100,100870,100,100076,100,100895,100,100071,100,100999,100,100049,100
2019-06-28 10:04:40.000000000,100515,571,100509,571,100580,100,100374,100,100616,100,100335,100,100716,100,100282,100,100785,100,100107,100,100821,100,100089,100,100857,100,100080,100,100870,100,100076,100,100895,100,100071,100,100999,100,100049,100
2019-06-28 10:04:41.825984498,100515,571,100509,471,100580,100,100374,100,100616,100,100335,100,100716,100,100282,100,100821,100,100107,100,100857,100,100089,100,100870,100,100080,100,100895,100,100076,100,100999,100,100071,100,101063,100,100049,100
2019-06-28 10:04:45.215450238,100510,100,100509,471,100515,571,100374,100,100580,100,100335,100,100616,100,100282,100,100716,100,100107,100,100821,100,100089,100,100857,100,100080,100,100870,100,100076,100,100895,100,100071,100,100999,100,100049,100
2019-06-28 10:04:50.000000000,100510,194,100374,194,100515,194,100335,194,100580,194,100282,194,100616,194,100107,194,100716,194,100089,194,100821,100,100080,100,100857,100,100076,100,100870,100,100071,100,100895,100,100049,100,100999,100,100006,100
2019-06-28 10:05:00.000000000,100510,194,100374,194,100515,194,100335,194,100580,194,100282,194,100616,194,100107,194,100716,194,100089,194,100821,100,100080,100,100857,100,100076,100,100870,100,100071,100,100895,100,100049,100,100999,100,100006,100
2019-06-28 10:05:05.858188321,100510,194,100374,194,100515,94,100335,194,100580,194,100282,194,100616,194,100107,194,100716,194,100089,194,100821,100,100080,100,100857,100,100076,100,100870,100,100071,100,100895,100,100049,100,100999,100,100006,100
2019-06-28 10:05:10.000000000,100510,218,100374,218,100580,218,100335,218,100616,218,100282,218,100716,218,100107,218,100821,100,100089,100,100857,100,100080,100,100870,100,100076,100,100895,100,100071,100,100999,100,100049,100,101063,100,100006,100
2019-06-28 10:05:10.321288905,100459,100,100374,218,100510,218,100335,218,100580,218,100282,218,100616,218,100107,218,100716,218,100089,100,100821,100,100080,100,100857,100,100076,100,100870,100,100071,100,100895,100,100049,100,100999,100,100006,100
2019-06-28 10:05:20.000000000,100459,194,100374,194,100510,194,100335,194,100580,194,100282,194,100616,194,100107,194,100716,194,100089,194,100821,100,100080,100,100857,100,100076,100,100870,100,100071,100,100895,100,100049,100,100999,100,100006,100
2019-06-28 10:05:30.000000000,100459,571,100374,571,100510,100,100335,100,100580,100,100282,100,100616,100,100107,100,100716,100,100089,100,100821,100,100080,100,100857,100,100076,100,100870,100,100071,100,100895,100,100049,100,100999,100,100006,100
2019-06-28 10:05:40.000000000,100459,194,100374,194,100510,194,100335,194,100580,194,100282,194,100616,194,100107,194,100716,194,100089,194,100821,100,100080,100,100857,100,100076,100,100870,100,100071,100,100895,100,100049,100,100999,100,100006,100
2019-06-28 10:05:50.000000000,100459,336,100374,336,100510,336,100335,336,100580,100,100282,100,100616,100,100107,100,100716,100,100089,100,100821,100,100080,100,100857,100,100076,100,100870,100,100071,100,100895,100,100049,100,100999,100,100006,100
2019-06-28 10:05:56.503089985,100459,336,100374,336,100510,336,100335,336,100580,100,100282,100,100616,100,100107,100,100659,100,100089,100,100716,100,100080,100,100821,100,100076,100,100857,100,100071,100,100870,100,100049,100,100895,100,100006,100
2019-06-28 10:05:58.481064313,100459,236,100374,336,100510,336,100335,336,100580,100,100282,100,100616,100,100107,100,100659,100,100089,100,100716,100,100080,100,100821,100,100076,100,100857,100,100071,100,100870,100,100049,100,100999,100,100006,100
2019-06-28 10:06:00.000000000,100510,194,100374,194,100580,194,100335,194,100616,194,100282,194,100659,194,100107,194,100716,194,100089,194,100821,100,100080,100,100857,100,100076,100,100870,100,100071,100,100999,100,100049,100,101063,100,100006,100
2019-06-28 10:06:03.558969715,100510,194,100374,194,100580,194,100335,194,100616,194,100282,194,100659,194,100107,194,100716,194,100089,194,100798,100,100080,100,100821,100,100076,100,100857,100,100071,100,100870,100,100049,100,100999,100,100006,100
2019-06-28 10:06:10.000000000,100510,571,100374,571,100580,100,100335,100,100616,100,100282,100,100659,100,100107,100,100716,100,100089,100,100798,100,100080,100,100821,100,100076,100,100857,100,100071,100,100870,100,100049,100,100999,100,100006,100
2019-06-28 10:06:13.077876276,100510,571,100501,100,100580,100,100374,571,100616,100,100335,100,100659,100,100282,100,100716,100,100107,100,100798,100,100089,100,100821,100,100080,100,100857,100,100076,100,100870,100,100071,100,100999,100,100049,100
2019-06-28 10:06:20.000000000,100510,218,100501,218,100580,218,100374,218,100616,218,100335,218,100659,218,100282,218,100716,100,100107,100,100798,100,100089,100,100821,100,100080,100,100857,100,100076,100,100870,100,100071,100,100999,100,100049,100
2019-06-28 10:06:30.000000000,100510,260,100501,260,100580,255,100374,255,100616,255,100335,255,100659,100,100282,100,100716,100,100107,100,100798,100,100089,100,100821,100,100080,100,100857,100,100076,100,100870,100,100071,100,100999,100,100049,100
2019-06-28 10:06:40.000000000,100510,336,100501,336,100580,336,100374,336,100616,100,100335,100,100659,100,100282,100,100716,100,100107,100,100798,100,100089,100,100821,100,100080,100,100857,100,100076,100,100870,100,100071,100,100999,100,100049,100
