,ask_price_1,ask_size_1,bid_price_1,bid_size_1,ask_price_2,ask_size_2,bid_price_2,bid_size_2,ask_price_3,ask_size_3,bid_price_3,bid_size_3,ask_price_4,ask_size_4,bid_price_4,bid_size_4,ask_price_5,ask_size_5,bid_price_5,bid_size_5,ask_price_6,ask_size_6,bid_price_6,bid_size_6,ask_price_7,ask_size_7,bid_price_7,bid_size_7,ask_price_8,ask_size_8,bid_price_8,bid_size_8,ask_price_9,ask_size_9,bid_price_9,bid_size_9,ask_price_10,ask_size_10,bid_price_10,bid_size_10
2019-06-28 09:30:00.000000001,100125,100,,,,,,,,,,,,,,,,,,,,,,,,,,,,,,,,,,,,,,
2019-06-28 09:30:00.000000003,100116,100,100024,100,100125,100,,,,,,,,,,,,,,,,,,,,,,,,,,,,,,,,,,
2019-06-28 09:30:00.000000004,100107,100,100024,100,100116,100,,,100125,100,,,,,,,,,,,,,,,,,,,,,,,,,,,,,,
2019-06-28 09:30:00.000000007,100107,100,100024,100,100116,100,99855,100,100125,100,,,100134,100,,,,,,,,,,,,,,,,,,,,,,,,,,
2019-06-28 09:30:00.000000011,100107,100,100024,100,100116,100,99992,100,100125,100,99864,100,100134,100,99855,100,,,,,,,,,,,,,,,,,,,,,,,,
2019-06-28 09:30:00.000000014,100067,100,100024,100,100107,100,99992,100,100116,100,99864,100,100125,100,99855,100,100134,100,,,,,,,,,,,,,,,,,,,,,,
2019-06-28 09:30:00.000000015,100043,100,100024,100,100067,100,100010,100,100107,100,99992,100,100116,100,99978,100,100125,100,99864,100,100134,100,99855,100,,,,,,,,,,,,,,,,
2019-06-28 09:30:00.000000017,100067,100,100024,100,100107,100,100010,100,100116,100,99992,100,100125,100,99978,100,100134,100,99864,100,,,99855,100,,,,,,,,,,,,,,,,
2019-06-28 09:30:00.000000020,100067,100,100024,100,100107,100,100010,100,100116,100,99992,100,100125,100,99978,100,100134,100,99869,100,,,99864,100,,,99855,100,,,,,,,,,,,,
2019-06-28 09:30:00.000000021,100067,100,100024,100,100107,100,100010,100,100116,100,99992,100,100125,100,99987,100,100134,100,99978,100,,,99879,100,,,99869,100,,,99864,100,,,99855,100,,,,
2019-06-28 09:30:00.000000022,100067,100,100010,100,100107,100,99992,100,100116,100,99987,100,100125,100,99978,100,100134,100,99879,100,,,99869,100,,,99864,100,,,99855,100,,,,,,,,
2019-06-28 09:30:00.000000023,100067,100,100010,100,100107,100,99992,100,100116,100,99987,100,100125,100,99978,100,100134,100,99912,100,,,99879,100,,,99869,100,,,99864,100,,,99855,100,,,,
2019-06-28 09:30:00.000000031,100067,100,100010,100,100107,100,99992,100,100116,100,99987,100,100125,100,99978,100,100126,100,99912,100,100134,100,99879,100,,,99869,100,,,99864,100,,,99855,100,,,,
2019-06-28 09:30:00.000000032,100067,100,100010,100,100086,100,99992,100,100107,100,99987,100,100116,100,99978,100,100125,100,99912,100,100126,100,99879,100,100134,100,99869,100,,,99864,100,,,99855,100,,,,
2019-06-28 09:30:00.000000034,100067,100,99992,100,100086,100,99987,100,100107,100,99978,100,100116,100,99912,100,100125,100,99879,100,100126,100,99869,100,100134,100,99864,100,,,99855,100,,,,,,,,
2019-06-28 09:30:00.000000035,100067,100,99992,100,100086,100,99987,100,100107,100,99978,100,100113,100,99912,100,100116,100,99879,100,100125,100,99869,100,100126,100,99864,100,100134,100,99855,100,,,,,,,,
2019-06-28 09:30:00.000000036,100067,100,99987,100,100086,100,99978,100,100107,100,99912,100,100113,100,99879,100,100116,100,99869,100,100125,100,99864,100,100126,100,99855,100,100134,100,,,,,,,,,,
2019-06-28 09:30:00.000000038,100067,100,99996,100,100086,100,99987,100,100107,100,99978,100,100113,100,99940,100,100116,100,99912,100,100125,100,99879,100,100126,100,99869,100,100134,100,99864,100,,,99855,100,,,,
2019-06-28 09:30:00.000000041,100010,200,99996,100,100063,100,99987,100,100067,100,99978,100,100086,100,99940,100,100107,100,99912,100,100113,100,99879,100,100116,100,99869,100,100125,100,99864,100,100126,100,99855,100,100134,100,,
2019-06-28 09:30:00.000000044,100010,200,99996,100,100011,100,99987,100,100063,100,99978,100,100067,100,99940,100,100086,100,99912,100,100107,100,99879,100,100113,100,99869,100,100116,100,99864,100,100125,100,99855,100,100126,100,,
2019-06-28 09:30:00.000000046,100010,200,99996,100,100011,100,99987,100,100063,100,99978,100,100067,100,99940,100,100086,100,99912,100,100107,100,99881,100,100113,100,99879,100,100116,100,99869,100,100125,100,99864,100,100126,100,99855,100
2019-06-28 09:30:00.000000050,100010,200,99996,100,100011,100,99987,100,100063,100,99978,100,100067,100,99940,100,100086,100,99912,100,100107,100,99881,100,100113,100,99879,100,100116,100,99869,100,100125,100,99864,100,100126,100,99855,100
2019-06-28 09:30:00.000000051,100010,200,99996,100,100011,100,99987,100,100063,100,99978,100,100067,100,99940,100,100086,100,99912,100,100107,100,99881,100,100113,100,99879,100,100116,100,99869,100,100125,100,99864,100,100126,100,99855,100
2019-06-28 09:30:00.000000052,100010,100,99996,100,100011,100,99987,100,100063,100,99978,100,100067,100,99940,100,100086,100,99912,100,100107,100,99881,100,100113,100,99879,100,100116,100,99869,100,100125,100,99864,100,100126,100,99855,100
2019-06-28 09:30:00.000000055,100010,100,99996,100,100011,100,99987,100,100063,100,99978,100,100067,100,99940,100,100086,100,99912,100,100095,100,99881,100,100107,100,99879,100,100113,100,99869,100,100116,100,99864,100,100125,100,99855,100
2019-06-28 09:30:00.000000056,100003,100,99996,100,100010,100,99987,100,100011,100,99978,100,100063,100,99940,100,100067,100,99912,100,100086,100,99881,100,100095,100,99879,100,100107,100,99869,100,100113,100,99864,100,100116,100,99855,100
2019-06-28 09:30:00.000000057,100003,100,99996,100,100010,100,99987,100,100011,100,99978,100,100063,100,99961,100,100067,100,99940,100,100086,100,99912,100,100095,100,99881,100,100107,100,99879,100,100113,100,99869,100,100116,100,99864,100
2019-06-28 09:30:00.000000059,100003,100,99996,100,100010,100,99987,100,100011,100,99978,100,100063,100,99961,100,100067,100,99940,100,100086,100,99912,100,100095,100,99881,100,100105,100,99879,100,100107,100,99869,100,100113,100,99864,100
2019-06-28 09:30:00.000000062,100003,100,99996,100,100010,100,99987,100,100011,100,99978,100,100063,100,99961,100,100067,100,99940,100,100086,100,99912,100,100095,100,99881,100,100105,100,99879,100,100107,100,99869,100,100113,100,99864,100
2019-06-28 09:30:00.000000063,100003,100,99996,100,100010,100,99987,100,100011,100,99978,100,100063,100,99961,100,100067,100,99940,100,100086,100,99912,100,100095,100,99895,100,100105,100,99881,100,100107,100,99879,100,100113,100,99869,100
2019-06-28 09:30:00.000000066,100003,100,99987,100,100010,100,99978,100,100011,100,99961,100,100063,100,99940,100,100067,100,99912,100,100086,100,99895,100,100093,100,99881,100,100095,100,99879,100,100105,100,99869,100,100107,100,99864,100
2019-06-28 09:30:00.000000067,100000,100,99996,100,100003,100,99987,100,100010,100,99978,100,100011,100,99961,100,100063,100,99940,100,100067,100,99912,100,100086,100,99895,100,100093,100,99881,100,100095,100,99879,100,100105,100,99869,100
2019-06-28 09:30:00.000000070,100000,100,99996,100,100002,100,99987,100,100003,100,99978,100,100010,100,99968,100,100011,100,99961,100,100063,100,99940,100,100067,100,99912,100,100086,100,99895,100,100093,100,99881,100,100095,100,99879,100
2019-06-28 09:30:00.000000073,100002,100,99996,100,100003,100,99987,100,100010,100,99978,100,100011,100,99968,100,100063,100,99961,100,100067,100,99940,100,100086,100,99912,100,100093,100,99895,100,100095,100,99881,100,100105,100,99879,100
2019-06-28 09:30:00.000000074,100002,100,99996,100,100003,100,99987,100,100010,100,99978,100,100011,100,99968,100,100030,100,99961,100,100063,100,99940,100,100067,100,99912,100,100086,100,99895,100,100093,100,99881,100,100095,100,99879,100
2019-06-28 09:30:00.000000076,100002,100,99996,100,100003,100,99987,100,100010,100,99978,100,100011,100,99968,100,100028,100,99961,100,100030,100,99940,100,100063,100,99912,100,100067,100,99895,100,100086,100,99881,100,100093,100,99879,100
2019-06-28 09:30:00.000000082,100002,100,99996,100,100003,100,99987,100,100010,100,99978,100,100011,100,99968,100,100028,100,99961,100,100030,100,99960,100,100063,100,99942,100,100067,100,99940,100,100086,100,99912,100,100093,100,99895,100
2019-06-28 09:30:00.000000083,100002,100,99987,100,100003,100,99978,100,100010,100,99968,100,100011,100,99961,100,100028,100,99960,100,100030,100,99942,100,100063,100,99940,100,100067,100,99912,100,100086,100,99903,100,100093,100,99895,100
2019-06-28 09:30:00.000000087,100000,100,99996,100,100002,100,99987,100,100003,100,99978,100,100010,100,99968,100,100011,100,99961,100,100028,100,99960,100,100030,100,99942,100,100063,100,99940,100,100067,100,99912,100,100086,100,99903,100
2019-06-28 09:30:00.000000089,100000,100,99996,100,100002,100,99987,100,100003,100,99978,100,100010,100,99968,100,100011,100,99961,100,100028,100,99960,100,100030,100,99942,100,100063,100,99940,100,100067,100,99912,100,100086,100,99903,100
2019-06-28 09:30:00.000000092,100000,100,99987,100,100002,100,99978,100,100003,100,99968,100,100010,100,99961,100,100011,100,99960,100,100028,100,99942,100,100030,100,99940,100,100063,100,99912,100,100067,100,99903,100,100086,100,99895,100
2019-06-28 09:30:00.000000093,100000,100,99987,100,100002,100,99978,100,100003,100,99968,100,100010,100,99961,100,100011,100,99960,100,100028,100,99942,100,100030,100,99940,100,100063,100,99939,100,100067,100,99912,100,100086,100,99903,100
2019-06-28 09:30:00.000000095,100000,100,99987,100,100002,100,99978,100,100003,100,99968,100,100010,100,99961,100,100011,100,99960,100,100028,100,99942,100,100030,100,99940,100,100063,100,99939,100,100067,100,99912,100,100086,100,99903,100
2019-06-28 09:30:00.000000096,100000,100,99987,100,100002,100,99978,100,100003,100,99968,100,100010,100,99961,100,100011,100,99960,100,100028,100,99942,100,100030,100,99940,100,100063,100,99939,100,100067,100,99912,100,100082,100,99903,100
2019-06-28 09:30:03.295487567,100000,100,99978,100,100002,100,99968,100,100003,100,99961,100,100010,100,99960,100,100011,100,99942,100,100028,100,99939,100,100030,100,99912,100,100063,100,99903,100,100067,100,99895,100,100082,100,99889,100
2019-06-28 09:30:08.185275982,100000,100,99978,100,100002,100,99968,100,100003,100,99961,100,100010,100,99960,100,100011,100,99942,100,100028,100,99939,100,100030,100,99912,100,100063,100,99903,100,100067,100,99895,100,100082,100,99889,100
2019-06-28 09:30:08.387543582,100002,100,99978,100,100003,100,99968,100,100010,100,99961,100,100011,100,99960,100,100028,100,99942,100,100030,100,99939,100,100063,100,99912,100,100067,100,99903,100,100082,100,99895,100,100086,200,99889,100
2019-06-28 09:30:10.000000000,100002,207,99978,207,100003,204,99968,204,100010,204,99961,204,100011,100,99960,100,100028,100,99942,100,100030,100,99939,100,100063,100,99912,100,100067,100,99903,100,100082,100,99895,100,100086,200,99889,100
2019-06-28 09:30:19.610262391,100002,107,99978,207,100003,204,99968,204,100010,204,99961,204,100011,100,99960,100,100028,100,99942,100,100030,100,99939,100,100063,100,99912,100,100067,100,99903,100,100082,100,99895,100,100086,200,99889,100
2019-06-28 09:30:20.000000000,100003,207,99978,207,100010,204,99968,204,100011,204,99961,204,100028,100,99960,100,100030,100,99942,100,100063,100,99939,100,100067,100,99912,100,100082,100,99903,100,100086,200,99895,100,100093,100,99889,100
2019-06-28 09:30:30.000000000,100003,163,99978,163,100010,163,99968,163,100011,163,99961,163,100028,163,99960,163,100030,163,99942,163,100063,100,99939,100,100067,100,99912,100,100082,100,99903,100,100086,200,99895,100,100093,100,99889,100
2019-06-28 09:30:36.676394762,100003,163,99978,63,100010,163,99968,163,100011,163,99961,163,100028,163,99960,163,100030,163,99942,163,100063,100,99939,100,100067,100,99912,100,100082,100,99903,100,100086,200,99895,100,100093,100,99889,100
2019-06-28 09:30:40.000000000,100003,414,99968,414,100010,100,99961,100,100011,100,99960,100,100028,100,99942,100,100030,100,99939,100,100063,100,99912,100,100067,100,99903,100,100082,100,99895,100,100086,200,99889,100,100093,100,99881,100
2019-06-28 09:30:46.562075232,100003,414,99968,414,100010,100,99961,100,100011,100,99960,100,100028,100,99942,100,100030,100,99939,100,100063,100,99912,100,100067,100,99903,100,100082,100,99895,100,100086,200,99889,100,100093,100,99881,100
2019-06-28 09:30:50.000000000,100003,207,99968,207,100010,204,99961,204,100011,204,99960,204,100028,100,99942,100,100030,100,99939,100,100063,100,99912,100,100067,100,99903,100,100082,100,99895,100,100086,200,99889,100,100093,100,99881,100
2019-06-28 09:30:51.489887375,100003,207,99968,207,100010,204,99961,204,100011,204,99960,204,100028,100,99942,100,100030,100,99939,100,100063,100,99912,100,100067,100,99903,100,100082,100,99895,100,100086,200,99889,100,100093,100,99881,100
2019-06-28 09:30:55.565032937,100003,107,99968,207,100010,204,99961,204,100011,204,99960,204,100028,100,99942,100,100030,100,99939,100,100063,100,99912,100,100067,100,99903,100,100082,100,99895,100,100086,200,99889,100,100093,100,99881,100
2019-06-28 09:31:00.000000000,100010,207,99968,207,100011,204,99961,204,100028,204,99960,204,100030,100,99942,100,100063,100,99939,100,100067,100,99912,100,100082,100,99903,100,100086,200,99895,100,100093,100,99889,100,100105,100,99881,100
2019-06-28 09:31:07.841492314,100010,107,99968,207,100011,204,99961,204,100028,204,99960,204,100030,100,99942,100,100063,100,99939,100,100067,100,99912,100,100082,100,99903,100,100086,200,99895,100,100093,100,99889,100,100105,100,99881,100
2019-06-28 09:31:10.000000000,100011,257,99968,257,100028,257,99961,257,100030,100,99960,100,100063,100,99942,100,100067,100,99939,100,100082,100,99912,100,100086,200,99903,100,100093,100,99895,100,100105,100,99889,100,100107,100,99881,100
2019-06-28 09:31:18.021285273,100011,257,100003,100,100028,257,99968,257,100030,100,99961,257,100063,100,99960,100,100067,100,99942,100,100082,100,99939,100,100086,200,99912,100,100093,100,99903,100,100105,100,99895,100,100107,100,99889,100
2019-06-28 09:31:20.000000000,100011,207,100003,207,100028,204,99968,204,100030,204,99961,204,100063,100,99960,100,100067,100,99942,100,100082,100,99939,100,100086,200,99912,100,100093,100,99903,100,100105,100,99895,100,100107,100,99889,100
2019-06-28 09:31:23.918261109,100011,207,100003,207,100028,204,99968,204,100030,204,99961,204,100063,100,99960,100,100067,100,99942,100,100082,100,99939,100,100086,200,99912,100,100093,100,99903,100,100105,100,99895,100,100107,100,99889,100
2019-06-28 09:31:30.000000000,100011,414,100003,414,100028,100,99968,100,100030,100,99961,100,100063,100,99960,100,100067,100,99942,100,100082,100,99939,100,100086,200,99912,100,100093,100,99903,100,100105,100,99895,100,100107,100,99889,100
2019-06-28 09:31:40.000000000,100011,207,100003,207,100028,204,99968,204,100030,204,99961,204,100063,100,99960,100,100067,100,99942,100,100082,100,99939,100,100086,200,99912,100,100093,100,99903,100,100105,100,99895,100,100107,100,99889,100
2019-06-28 09:31:48.426890013,100011,107,100003,207,100028,204,99968,204,100030,204,99961,204,100063,100,99960,100,100067,100,99942,100,100082,100,99939,100,100086,200,99912,100,100093,100,99903,100,100105,100,99895,100,100107,100,99889,100
2019-06-28 09:31:50.000000000,100028,178,100003,178,100030,178,99968,178,100063,178,99961,178,100067,178,99960,178,100082,100,99942,100,100086,200,99939,100,100093,100,99912,100,100105,100,99903,100,100107,100,99895,100,100113,100,99889,100
2019-06-28 09:31:51.841204170,100028,178,100003,178,100030,178,99968,178,100063,178,99961,178,100067,178,99960,178,100082,100,99942,100,100086,200,99939,100,100093,100,99912,100,100105,100,99903,100,100107,100,99895,100,100113,100,99889,100
2019-06-28 09:31:59.352071413,100028,178,100003,178,100030,178,99968,178,100063,178,99961,178,100067,178,99960,178,100082,100,99942,100,100086,200,99939,100,100093,100,99912,100,100105,100,99903,100,100107,100,99895,100,100113,100,99889,100
2019-06-28 09:32:00.000000000,100028,178,100003,178,100030,178,99968,178,100063,178,99961,178,100067,178,99960,178,100082,100,99942,100,100086,200,99939,100,100093,100,99912,100,100105,100,99903,100,100107,100,99895,100,100113,100,99889,100
2019-06-28 09:32:03.787159446,100028,78,100003,178,100030,178,99968,178,100063,178,99961,178,100067,178,99960,178,100082,100,99942,100,100086,200,99939,100,100093,100,99912,100,100105,100,99903,100,100107,100,99895,100,100113,100,99889,100
2019-06-28 09:32:10.000000000,100030,163,100003,163,100063,163,99968,163,100067,163,99961,163,100082,163,99960,163,100086,263,99942,163,100093,100,99939,100,100105,100,99912,100,100107,100,99903,100,100113,100,99895,100,100116,100,99889,100
2019-06-28 09:32:20.000000000,100030,257,100003,257,100063,257,99968,257,100067,100,99961,100,100082,100,99960,100,100086,200,99942,100,100093,100,99939,100,100105,100,99912,100,100107,100,99903,100,100113,100,99895,100,100116,100,99889,100
2019-06-28 09:32:30.000000000,100030,207,100003,207,100063,204,99968,204,100067,204,99961,204,100082,100,99960,100,100086,200,99942,100,100093,100,99939,100,100105,100,99912,100,100107,100,99903,100,100113,100,99895,100,100116,100,99889,100
2019-06-28 09:32:30.334891427,100030,207,100003,207,100063,204,99968,204,100067,204,99961,104,100071,100,99960,100,100082,100,99942,100,100086,200,99939,100,100093,100,99912,100,100105,100,99903,100,100107,100,99895,100,100113,100,99889,100
2019-06-28 09:32:40.000000000,100030,257,100003,257,100063,257,99968,257,100067,100,99960,100,100071,100,99942,100,100082,100,99939,100,100086,200,99912,100,100093,100,99903,100,100105,100,99895,100,100107,100,99889,100,100113,100,99881,100
2019-06-28 09:32:50.000000000,100030,414,100003,414,100063,100,99968,100,100067,100,99960,100,100071,100,99942,100,100082,100,99939,100,100086,200,99912,100,100093,100,99903,100,100105,100,99895,100,100107,100,99889,100,100113,100,99881,100
2019-06-28 09:33:00.000000000,100030,257,100003,257,100063,257,99968,257,100067,100,99960,100,100071,100,99942,100,100082,100,99939,100,100086,200,99912,100,100093,100,99903,100,100105,100,99895,100,100107,100,99889,100,100113,100,99881,100
2019-06-28 09:33:10.000000000,100030,257,100003,257,100063,257,99968,257,100067,100,99960,100,100071,100,99942,100,100082,100,99939,100,100086,200,99912,100,100093,100,99903,100,100105,100,99895,100,100107,100,99889,100,100113,100,99881,100
2019-06-28 09:33:20.000000000,100030,414,100003,414,100063,100,99968,100,100067,100,99960,100,100071,100,99942,100,100082,100,99939,100,100086,200,99912,100,100093,100,99903,100,100105,100,99895,100,100107,100,99889,100,100113,100,99881,100
2019-06-28 09:33:23.974275505,100030,414,100003,414,100063,100,99968,100,100067,100,99960,100,100071,100,99942,100,100082,100,99939,100,100086,100,99912,100,100093,100,99903,100,100105,100,99895,100,100107,100,99889,100,100113,100,99881,100
2019-06-28 09:33:30.000000000,100030,207,100003,207,100063,204,99968,204,100067,204,99960,204,100071,100,99942,100,100082,100,99939,100,100086,100,99912,100,100093,100,99903,100,100105,100,99895,100,100107,100,99889,100,100113,100,99881,100
2019-06-28 09:33:38.069942818,100030,207,100003,207,100063,204,99968,204,100067,204,99960,204,100071,100,99942,100,100082,100,99939,100,100086,100,99912,100,100093,100,99903,100,100105,100,99895,100,100107,100,99889,100,100113,100,99881,100
2019-06-28 09:33:40.000000000,100030,207,100003,207,100063,204,99968,204,100067,204,99960,204,100071,100,99942,100,100082,100,99939,100,100086,100,99912,100,100093,100,99903,100,100105,100,99895,100,100107,100,99889,100,100113,100,99881,100
2019-06-28 09:33:44.329292864,100030,207,100003,107,100063,204,99968,204,100067,204,99960,204,100071,100,99942,100,100082,100,99939,100,100086,100,99912,100,100093,100,99903,100,100105,100,99895,100,100107,100,99889,100,100113,100,99879,100
2019-06-28 09:33:50.000000000,100030,178,99968,178,100063,178,99960,178,100067,178,99942,178,100071,178,99939,178,100082,100,99912,100,100086,100,99903,100,100093,100,99895,100,100105,100,99889,100,100107,100,99879,100,100113,100,99864,100
2019-06-28 09:34:00.000000000,100030,414,99968,414,100063,100,99960,100,100067,100,99942,100,100071,100,99939,100,100082,100,99912,100,100086,100,99903,100,100093,100,99895,100,100105,100,99889,100,100107,100,99879,100,100113,100,99864,100
2019-06-28 09:34:10.000000000,100030,414,99968,414,100063,100,99960,100,100067,100,99942,100,100071,100,99939,100,100082,100,99912,100,100086,100,99903,100,100093,100,99895,100,100105,100,99889,100,100107,100,99879,100,100113,100,99864,100
2019-06-28 09:34:20.000000000,100030,257,99968,257,100063,257,99960,257,100067,100,99942,100,100071,100,99939,100,100082,100,99912,100,100086,100,99903,100,100093,100,99895,100,100105,100,99889,100,100107,100,99879,100,100113,100,99864,100
2019-06-28 09:34:30.000000000,100030,178,99968,178,100063,178,99960,178,100067,178,99942,178,100071,178,99939,178,100082,100,99912,100,100086,100,99903,100,100093,100,99895,100,100105,100,99889,100,100107,100,99879,100,100113,100,99864,100
2019-06-28 09:34:31.029972815,100030,178,99968,78,100063,178,99960,178,100067,178,99942,178,100071,178,99939,178,100082,100,99912,100,100086,100,99903,100,100093,100,99895,100,100105,100,99889,100,100107,100,99879,100,100116,100,99864,100
2019-06-28 09:34:40.000000000,100030,257,99960,257,100063,257,99942,257,100067,100,99939,100,100071,100,99912,100,100082,100,99903,100,100086,100,99895,100,100093,100,99889,100,100105,100,99879,100,100107,100,99864,100,100116,100,99419,100
2019-06-28 09:34:50.000000000,100030,178,99960,178,100063,178,99942,178,100067,178,99939,178,100071,178,99912,178,100082,100,99903,100,100086,100,99895,100,100093,100,99889,100,100105,100,99879,100,100107,100,99864,100,100116,100,99419,100
2019-06-28 09:34:52.361833832,100030,178,99960,178,100063,178,99942,178,100067,178,99939,78,100071,178,99912,178,100082,100,99903,100,100086,100,99895,100,100093,100,99889,100,100105,100,99879,100,100107,100,99864,100,100116,100,99419,100
2019-06-28 09:35:00.000000000,100030,178,99960,178,100063,178,99942,178,100067,178,99912,178,100071,178,99903,178,100082,100,99895,100,100086,100,99889,100,100093,100,99879,100,100105,100,99864,100,100107,100,99419,100,100116,100,98788,100
2019-06-28 09:35:10.000000000,100030,414,99960,414,100063,100,99942,100,100067,100,99912,100,100071,100,99903,100,100082,100,99895,100,100086,100,99889,100,100093,100,99879,100,100105,100,99864,100,100107,100,99419,100,100116,100,98788,100
2019-06-28 09:35:20.000000000,100030,257,99960,257,100063,257,99942,257,100067,100,99912,100,100071,100,99903,100,100082,100,99895,100,100086,100,99889,100,100093,100,99879,100,100105,100,99864,100,100107,100,99419,100,100116,100,98788,100
2019-06-28 09:35:30.000000000,100030,163,99960,163,100063,163,99942,163,100067,163,99912,163,100071,163,99903,163,100082,163,99895,163,100086,100,99889,100,100093,100,99879,100,100105,100,99864,100,100107,100,99419,100,100116,100,98788,100
2019-06-28 09:35:40.000000000,100030,414,99960,414,100063,100,99942,100,100067,100,99912,100,100071,100,99903,100,100082,100,99895,100,100086,100,99889,100,100093,100,99879,100,100105,100,99864,100,100107,100,99419,100,100116,100,98788,100
2019-06-28 09:35:43.608865199,100003,100,99960,414,100030,414,99942,100,100063,100,99912,100,100067,100,99903,100,100071,100,99895,100,100082,100,99889,100,100086,100,99879,100,100093,100,99864,100,100105,100,99419,100,100107,100,98788,100
2019-06-28 09:35:50.000000000,100003,207,99960,207,100030,204,99942,204,100063,204,99912,204,100067,100,99903,100,100071,100,99895,100,100082,100,99889,100,100086,100,99879,100,100093,100,99864,100,100105,100,99419,100,100107,100,98788,100
2019-06-28 09:35:55.124566322,100003,207,99960,107,100030,204,99942,204,100063,204,99912,204,100067,100,99903,100,100071,100,99895,100,100082,100,99879,100,100086,100,99864,100,100093,100,99419,100,100105,100,98788,100,100107,100,,
2019-06-28 09:35:58.672049912,100003,207,99960,107,100030,204,99942,204,100063,204,99912,204,100067,100,99903,100,100071,100,99895,100,100082,100,99879,100,100086,100,99864,100,100093,100,99419,100,100105,100,98788,100,100107,100,98575,100
2019-06-28 09:36:00.000000000,100003,414,99942,414,100030,100,99912,100,100063,100,99903,100,100067,100,99895,100,100071,100,99879,100,100082,100,99864,100,100086,100,99419,100,100093,100,98788,100,100105,100,98575,100,100107,100,,
2019-06-28 09:36:07.664250067,100003,414,99942,414,100030,100,99912,100,100063,100,99903,100,100067,100,99895,100,100071,100,99879,100,100082,100,99864,100,100086,100,99419,100,100093,100,98788,100,100105,100,98575,100,100107,100,98471,100
2019-06-28 09:36:10.000000000,100003,257,99942,257,100030,257,99912,257,100063,100,99903,100,100067,100,99895,100,100071,100,99879,100,100082,100,99864,100,100086,100,99419,100,100093,100,98788,100,100105,100,98575,100,100107,100,98471,100
2019-06-28 09:36:20.000000000,100003,257,99942,257,100030,257,99912,257,100063,100,99903,100,100067,100,99895,100,100071,100,99879,100,100082,100,99864,100,100086,100,99419,100,100093,100,98788,100,100105,100,98575,100,100107,100,98471,100
2019-06-28 09:36:23.846319346,100003,257,99942,157,100030,257,99912,257,100063,100,99903,100,100067,100,99895,100,100071,100,99879,100,100082,100,99864,100,100086,100,99419,100,100093,100,98575,100,100105,100,98471,100,100107,100,,
2019-06-28 09:36:30.000000000,100003,414,99912,414,100030,100,99903,100,100063,100,99895,100,100067,100,99879,100,100071,100,99864,100,100082,100,99419,100,100086,100,98575,100,100093,100,98471,100,100105,100,,,100107,100,,
2019-06-28 09:36:34.796593320,100003,414,99912,214,100030,100,99903,100,100063,100,99895,100,100067,100,99879,100,100071,100,99864,100,100082,100,99419,100,100086,100,98575,100,100093,100,98471,100,100105,100,,,100107,100,,
2019-06-28 09:36:40.000000000,100003,207,99903,207,100030,204,99895,204,100063,204,99879,204,100067,100,99864,100,100071,100,99419,100,100082,100,98575,100,100086,100,98471,100,100093,100,,,100105,100,,,100107,100,,
2019-06-28 09:36:50.000000000,100003,163,99903,163,100030,163,99895,163,100063,163,99879,163,100067,163,99864,163,100071,163,99419,163,100082,100,98575,100,100086,100,98471,100,100093,100,,,100105,100,,,100107,100,,
2019-06-28 09:36:55.416826950,100003,163,99903,163,100030,163,99895,163,100063,163,99879,163,100067,163,99864,163,100071,163,99419,163,100082,100,99126,100,100086,100,98575,100,100093,100,98471,100,100105,100,,,100107,100,,
2019-06-28 09:36:58.739650764,100003,163,99903,63,100030,163,99895,163,100063,163,99879,163,100067,163,99864,163,100071,163,99419,163,100082,100,99126,100,100086,100,98575,100,100093,100,98471,100,100105,100,,,100107,100,,
2019-06-28 09:37:00.000000000,100003,207,99895,207,100030,204,99879,204,100063,204,99864,204,100067,100,99419,100,100071,100,99126,100,100082,100,98575,100,100086,100,98471,100,100093,100,,,100105,100,,,100107,100,,
2019-06-28 09:37:10.000000000,100003,163,99895,163,100030,163,99879,163,100063,163,99864,163,100067,163,99419,163,100071,163,99126,163,100082,100,98575,100,100086,100,98471,100,100093,100,,,100105,100,,,100107,100,,
2019-06-28 09:37:20.000000000,100003,163,99895,163,100030,163,99879,163,100063,163,99864,163,100067,163,99419,163,100071,163,99126,163,100082,100,98575,100,100086,100,98471,100,100093,100,,,100105,100,,,100107,100,,
2019-06-28 09:37:30.000000000,100003,257,99895,257,100030,257,99879,257,100063,100,99864,100,100067,100,99419,100,100071,100,99126,100,100082,100,98575,100,100086,100,98471,100,100093,100,,,100105,100,,,100107,100,,
2019-06-28 09:37:40.000000000,100003,414,99895,414,100030,100,99879,100,100063,100,99864,100,100067,100,99419,100,100071,100,99126,100,100082,100,98575,100,100086,100,98471,100,100093,100,,,100105,100,,,100107,100,,
2019-06-28 09:37:47.074197013,100003,414,99895,314,100030,100,99879,100,100063,100,99864,100,100067,100,99419,100,100071,100,99126,100,100082,100,98575,100,100086,100,98471,100,100093,100,,,100105,100,,,100107,100,,
2019-06-28 09:37:50.000000000,100003,207,99879,207,100030,204,99864,204,100063,204,99419,204,100067,100,99126,100,100071,100,98575,100,100082,100,98471,100,100086,100,,,100093,100,,,100105,100,,,100107,100,,
2019-06-28 09:38:00.000000000,100003,257,99879,257,100030,257,99864,257,100063,100,99419,100,100067,100,99126,100,100071,100,98575,100,100082,100,98471,100,100086,100,,,100093,100,,,100105,100,,,100107,100,,
2019-06-28 09:38:10.000000000,100003,178,99879,178,100030,178,99864,178,100063,178,99419,178,100067,178,99126,178,100071,100,98575,100,100082,100,98471,100,100086,100,,,100093,100,,,100105,100,,,100107,100,,
2019-06-28 09:38:20.000000000,100003,257,99879,257,100030,257,99864,257,100063,100,99419,100,100067,100,99126,100,100071,100,98575,100,100082,100,98471,100,100086,100,,,100093,100,,,100105,100,,,100107,100,,
2019-06-28 09:38:30.000000000,100003,257,99879,257,100030,257,99864,257,100063,100,99419,100,100067,100,99126,100,100071,100,98575,100,100082,100,98471,100,100086,100,,,100093,100,,,100105,100,,,100107,100,,
2019-06-28 09:38:40.000000000,100003,257,99879,257,100030,257,99864,257,100063,100,99419,100,100067,100,99126,100,100071,100,98575,100,100082,100,98471,100,100086,100,,,100093,100,,,100105,100,,,100107,100,,
2019-06-28 09:38:50.000000000,100003,163,99879,163,100030,163,99864,163,100063,163,99419,163,100067,163,99126,163,100071,163,98575,163,100082,100,98471,100,100086,100,,,100093,100,,,100105,100,,,100107,100,,
2019-06-28 09:39:00.000000000,100003,414,99879,414,100030,100,99864,100,100063,100,99419,100,100067,100,99126,100,100071,100,98575,100,100082,100,98471,100,100086,100,,,100093,100,,,100105,100,,,100107,100,,
2019-06-28 09:39:10.000000000,100003,163,99879,163,100030,163,99864,163,100063,163,99419,163,100067,163,99126,163,100071,163,98575,163,100082,100,98471,100,100086,100,,,100093,100,,,100105,100,,,100107,100,,
2019-06-28 09:39:20.000000000,100003,207,99879,207,100030,204,99864,204,100063,204,99419,204,100067,100,99126,100,100071,100,98575,100,100082,100,98471,100,100086,100,,,100093,100,,,100105,100,,,100107,100,,
2019-06-28 09:39:30.000000000,100003,257,99879,257,100030,257,99864,257,100063,100,99419,100,100067,100,99126,100,100071,100,98575,100,100082,100,98471,100,100086,100,,,100093,100,,,100105,100,,,100107,100,,
2019-06-28 09:39:36.166079638,100003,257,99879,257,100030,257,99864,257,100063,100,99419,100,100067,100,99126,100,100071,100,98944,100,100082,100,98575,100,100086,100,98471,100,100093,100,,,100105,100,,,100107,100,,
2019-06-28 09:39:40.000000000,100003,163,99879,163,100030,163,99864,163,100063,163,99419,163,100067,163,99126,163,100071,163,98944,163,100082,100,98575,100,100086,100,98471,100,100093,100,,,100105,100,,,100107,100,,
2019-06-28 09:39:50.000000000,100003,178,99879,178,100030,178,99864,178,100063,178,99419,178,100067,178,99126,178,100071,100,98944,100,100082,100,98575,100,100086,100,98471,100,100093,100,,,100105,100,,,100107,100,,
2019-06-28 09:39:52.205307267,100003,178,99879,178,100030,178,99864,178,100063,178,99419,178,100067,178,99126,178,100071,100,98944,100,100082,100,98876,100,100086,100,98575,100,100093,100,98471,100,100105,100,,,100107,100,,
2019-06-28 09:39:55.145669722,100003,178,99879,78,100030,178,99864,178,100063,178,99419,178,100067,178,99126,178,100071,100,98944,100,100082,100,98876,100,100086,100,98575,100,100093,100,98471,100,100105,100,,,100107,100,,
2019-06-28 09:40:00.000000000,100003,207,99864,207,100030,204,99419,204,100063,204,99126,204,100067,100,98944,100,100071,100,98876,100,100082,100,98575,100,100086,100,98471,100,100093,100,,,100105,100,,,100107,100,,
2019-06-28 09:40:09.485745244,100003,207,99864,207,100030,204,99419,204,100063,204,99126,204,100067,100,98944,100,100071,100,98876,100,100082,100,98787,100,100086,100,98575,100,100093,100,98471,100,100107,100,,,100116,100,,
2019-06-28 09:40:10.000000000,100003,414,99864,414,100030,100,99419,100,100063,100,99126,100,100067,100,98944,100,100071,100,98876,100,100082,100,98787,100,100086,100,98575,100,100093,100,98471,100,100107,100,,,100116,100,,
2019-06-28 09:40:20.000000000,100003,163,99864,163,100030,163,99419,163,100063,163,99126,163,100067,163,98944,163,100071,163,98876,163,100082,100,98787,100,100086,100,98575,100,100093,100,98471,100,100107,100,,,100116,100,,
2019-06-28 09:40:30.000000000,100003,178,99864,178,100030,178,99419,178,100063,178,99126,178,100067,178,98944,178,100071,100,98876,100,100082,100,98787,100,100086,100,98575,100,100093,100,98471,100,100107,100,,,100116,100,,
2019-06-28 09:40:40.000000000,100003,414,99864,414,100030,100,99419,100,100063,100,99126,100,100067,100,98944,100,100071,100,98876,100,100082,100,98787,100,100086,100,98575,100,100093,100,98471,100,100107,100,,,100116,100,,
2019-06-28 09:40:49.328904771,100003,414,99864,414,100030,100,99419,100,100063,100,99126,100,100067,100,98944,100,100071,100,98876,100,100082,100,98872,100,100086,100,98787,100,100093,100,98575,100,100107,100,98471,100,100116,100,,
2019-06-28 09:40:50.000000000,100003,414,99864,414,100030,100,99419,100,100063,100,99126,100,100067,100,98944,100,100071,100,98876,100,100082,100,98872,100,100086,100,98787,100,100093,100,98575,100,100107,100,98471,100,100116,100,,
2019-06-28 09:41:00.000000000,100003,163,99864,163,100030,163,99419,163,100063,163,99126,163,100067,163,98944,163,100071,163,98876,163,100082,100,98872,100,100086,100,98787,100,100093,100,98575,100,100107,100,98471,100,100116,100,,
2019-06-28 09:41:06.390309555,100003,163,99864,63,100030,163,99419,163,100063,163,99126,163,100067,163,98944,163,100071,163,98876,163,100082,100,98787,100,100086,100,98575,100,100093,100,98471,100,100107,100,,,100116,100,,
2019-06-28 09:41:10.000000000,100003,163,99419,163,100030,163,99126,163,100063,163,98944,163,100067,163,98876,163,100071,163,98787,163,100082,100,98575,100,100086,100,98471,100,100093,100,,,100107,100,,,100116,100,,
2019-06-28 09:41:15.488340519,99879,100,99419,163,100003,163,99126,163,100030,163,98944,163,100063,163,98876,163,100067,163,98787,163,100071,163,98575,100,100082,100,98471,100,100086,100,,,100093,100,,,100107,100,,
2019-06-28 09:41:18.135141953,99879,100,99419,163,100003,163,99126,163,100030,163,98944,163,100063,163,98876,163,100067,163,98787,163,100071,163,98661,100,100082,100,98575,100,100086,100,98471,100,100093,100,,,100107,100,,
2019-06-28 09:41:20.000000000,99879,414,99419,414,100003,100,99126,100,100030,100,98944,100,100063,100,98876,100,100067,100,98787,100,100071,100,98661,100,100082,100,98575,100,100086,100,98471,100,100093,100,,,100107,100,,
2019-06-28 09:41:30.000000000,99879,207,99419,207,100003,204,99126,204,100030,204,98944,204,100063,100,98876,100,100067,100,98787,100,100071,100,98661,100,100082,100,98575,100,100086,100,98471,100,100093,100,,,100107,100,,
2019-06-28 09:41:40.000000000,99879,207,99419,207,100003,204,99126,204,100030,204,98944,204,100063,100,98876,100,100067,100,98787,100,100071,100,98661,100,100082,100,98575,100,100086,100,98471,100,100093,100,,,100107,100,,
2019-06-28 09:41:42.397730928,99879,207,99419,207,100003,204,99126,204,100030,204,98944,204,100063,100,98876,100,100067,100,98787,100,100071,100,98661,100,100082,100,98575,100,100086,100,98471,100,100093,100,98428,100,100107,100,,
2019-06-28 09:41:50.000000000,99879,207,99419,207,100003,204,99126,204,100030,204,98944,204,100063,100,98876,100,100067,100,98787,100,100071,100,98661,100,100082,100,98575,100,100086,100,98471,100,100093,100,98428,100,100107,100,,
2019-06-28 09:42:00.000000000,99879,207,99419,207,100003,204,99126,204,100030,204,98944,204,100063,100,98876,100,100067,100,98787,100,100071,100,98661,100,100082,100,98575,100,100086,100,98471,100,100093,100,98428,100,100107,100,,
2019-06-28 09:42:10.000000000,99879,257,99419,257,100003,257,99126,257,100030,100,98944,100,100063,100,98876,100,100067,100,98787,100,100071,100,98661,100,100082,100,98575,100,100086,100,98471,100,100093,100,98428,100,100107,100,,
2019-06-28 09:42:18.935497815,99879,257,99419,157,100003,257,99126,257,100030,100,98944,100,100063,100,98876,100,100067,100,98787,100,100071,100,98661,100,100082,100,98575,100,100086,100,98471,100,100093,100,98428,100,100107,100,,
2019-06-28 09:42:20.000000000,99879,257,99126,257,100003,257,98944,257,100030,100,98876,100,100063,100,98787,100,100067,100,98661,100,100071,100,98575,100,100082,100,98471,100,100086,100,98428,100,100093,100,,,100107,100,,
2019-06-28 09:42:30.000000000,99879,257,99126,257,100003,257,98944,257,100030,100,98876,100,100063,100,98787,100,100067,100,98661,100,100071,100,98575,100,100082,100,98471,100,100086,100,98428,100,100093,100,,,100107,100,,
2019-06-28 09:42:34.429047966,99165,100,99126,257,99879,257,98944,257,100003,257,98876,100,100030,100,98787,100,100063,100,98661,100,100067,100,98575,100,100071,100,98471,100,100082,100,98428,100,100086,100,,,100093,100,,
2019-06-28 09:42:40.000000000,99165,257,99126,257,99879,257,98944,257,100003,100,98876,100,100030,100,98787,100,100063,100,98661,100,100067,100,98575,100,100071,100,98471,100,100082,100,98428,100,100086,100,,,100093,100,,
2019-06-28 09:42:50.000000000,99165,163,99126,163,99879,163,98944,163,100003,163,98876,163,100030,163,98787,163,100063,163,98661,163,100067,100,98575,100,100071,100,98471,100,100082,100,98428,100,100086,100,,,100093,100,,
2019-06-28 09:43:00.000000000,99165,207,99126,207,99879,204,98944,204,100003,204,98876,204,100030,100,98787,100,100063,100,98661,100,100067,100,98575,100,100071,100,98471,100,100082,100,98428,100,100086,100,,,100093,100,,
2019-06-28 09:43:00.239891498,99165,207,99126,207,99274,100,98944,104,99879,204,98876,204,100003,204,98787,100,100030,100,98661,100,100063,100,98575,100,100067,100,98471,100,100071,100,98428,100,100082,100,,,100086,100,,
2019-06-28 09:43:10.000000000,99165,163,99126,163,99274,163,98876,163,99879,163,98787,163,100003,163,98661,163,100030,163,98575,163,100063,100,98471,100,100067,100,98428,100,100071,100,,,100082,100,,,100086,100,,
2019-06-28 09:43:20.000000000,99165,178,99126,178,99274,178,98876,178,99879,178,98787,178,100003,178,98661,178,100030,100,98575,100,100063,100,98471,100,100067,100,98428,100,100071,100,,,100082,100,,,100086,100,,
2019-06-28 09:43:20.806097877,99165,78,99126,178,99274,178,98876,178,99879,178,98787,178,100003,178,98661,178,100030,100,98575,100,100063,100,98471,100,100067,100,98428,100,100071,100,,,100082,100,,,100086,100,,
2019-06-28 09:43:29.157647372,99165,78,99126,178,99274,178,98876,178,99649,100,98787,178,99879,178,98661,178,100003,178,98575,100,100030,100,98471,100,100063,100,98428,100,100067,100,,,100071,100,,,100082,100,,
2019-06-28 09:43:30.000000000,99274,178,99126,178,99649,178,98876,178,99879,178,98787,178,100003,178,98661,178,100030,100,98575,100,100063,100,98471,100,100067,100,98428,100,100071,100,,,100082,100,,,100086,100,,
2019-06-28 09:43:40.000000000,99274,257,99126,257,99649,257,98876,257,99879,100,98787,100,100003,100,98661,100,100030,100,98575,100,100063,100,98471,100,100067,100,98428,100,100071,100,,,100082,100,,,100086,100,,
2019-06-28 09:43:46.684363223,99274,257,99126,257,99649,257,98876,257,99750,100,98787,100,99879,100,98661,100,100003,100,98575,100,100030,100,98471,100,100063,100,98428,100,100067,100,,,100071,100,,,100082,100,,
2019-06-28 09:43:47.789361461,99274,157,99126,257,99649,257,98876,257,99750,100,98787,100,99879,100,98661,100,100003,100,98575,100,100030,100,98471,100,100063,100,98428,100,100067,100,,,100071,100,,,100082,100,,
2019-06-28 09:43:48.767171069,99274,57,99126,257,99649,257,98876,257,99750,100,98787,100,99879,100,98661,100,100003,100,98575,100,100030,100,98471,100,100063,100,98428,100,100067,100,,,100071,100,,,100082,100,,
2019-06-28 09:43:50.000000000,99649,257,99126,257,99750,257,98876,257,99879,100,98787,100,100003,100,98661,100,100030,100,98575,100,100063,100,98471,100,100067,100,98428,100,100071,100,,,100082,100,,,100086,100,,
2019-06-28 09:44:00.000000000,99649,207,99126,207,99750,204,98876,204,99879,204,98787,204,100003,100,98661,100,100030,100,98575,100,100063,100,98471,100,100067,100,98428,100,100071,100,,,100082,100,,,100086,100,,
2019-06-28 09:44:02.551877371,99649,207,99274,100,99750,204,99126,207,99879,204,98876,204,100003,100,98787,204,100030,100,98661,100,100063,100,98575,100,100067,100,98471,100,100071,100,98428,100,100082,100,,,100086,100,,
2019-06-28 09:44:10.000000000,99649,178,99274,178,99750,178,99126,178,99879,178,98876,178,100003,178,98787,178,100030,100,98661,100,100063,100,98575,100,100067,100,98471,100,100071,100,98428,100,100082,100,,,100086,100,,
2019-06-28 09:44:18.362447425,99649,178,99362,100,99750,178,99274,178,99879,178,99126,178,100003,178,98876,178,100030,100,98787,178,100063,100,98661,100,100067,100,98575,100,100071,100,98471,100,100082,100,98428,100,100086,100,,
2019-06-28 09:44:20.000000000,99649,257,99362,257,99750,257,99274,257,99879,100,99126,100,100003,100,98876,100,100030,100,98787,100,100063,100,98661,100,100067,100,98575,100,100071,100,98471,100,100082,100,98428,100,100086,100,,
2019-06-28 09:44:21.725471118,99649,257,99404,100,99750,257,99362,257,99879,100,99274,257,100003,100,99126,100,100030,100,98876,100,100063,100,98787,100,100067,100,98661,100,100071,100,98575,100,100082,100,98471,100,100086,100,98428,100
2019-06-28 09:44:30.000000000,99649,178,99404,178,99750,178,99362,178,99879,178,99274,178,100003,178,99126,178,100030,100,98876,100,100063,100,98787,100,100067,100,98661,100,100071,100,98575,100,100082,100,98471,100,100086,100,98428,100
2019-06-28 09:44:40.000000000,99649,257,99404,257,99750,257,99362,257,99879,100,99274,100,100003,100,99126,100,100030,100,98876,100,100063,100,98787,100,100067,100,98661,100,100071,100,98575,100,100082,100,98471,100,100086,100,98428,100
2019-06-28 09:44:43.569594547,99649,257,99404,257,99750,257,99362,257,99879,100,99274,200,100003,100,99126,100,100030,100,98876,100,100063,100,98787,100,100067,100,98661,100,100071,100,98575,100,100082,100,98471,100,100086,100,98428,100
2019-06-28 09:44:50.000000000,99649,207,99404,207,99750,204,99362,204,99879,204,99274,304,100003,100,99126,100,100030,100,98876,100,100063,100,98787,100,100067,100,98661,100,100071,100,98575,100,100082,100,98471,100,100086,100,98428,100
2019-06-28 09:44:54.930145635,99649,207,99404,207,99750,204,99362,204,99879,204,99274,304,100003,100,99126,100,100012,100,98876,100,100030,100,98787,100,100063,100,98661,100,100067,100,98575,100,100071,100,98471,100,100082,100,,
2019-06-28 09:45:00.000000000,99649,414,99404,414,99750,100,99362,100,99879,100,99274,200,100003,100,99126,100,100012,100,98876,100,100030,100,98787,100,100063,100,98661,100,100067,100,98575,100,100071,100,98471,100,100082,100,,
2019-06-28 09:45:00.569311453,99649,414,99404,414,99750,100,99362,100,99879,100,99274,300,100003,100,99126,100,100012,100,98876,100,100030,100,98787,100,100063,100,98661,100,100067,100,98575,100,100071,100,98471,100,100082,100,,
2019-06-28 09:45:10.000000000,99649,178,99404,178,99750,178,99362,178,99879,178,99274,378,100003,178,99126,178,100012,100,98876,100,100030,100,98787,100,100063,100,98661,100,100067,100,98575,100,100071,100,98471,100,100082,100,,
2019-06-28 09:45:20.000000000,99649,163,99404,163,99750,163,99362,163,99879,163,99274,363,100003,163,99126,163,100012,163,98876,163,100030,100,98787,100,100063,100,98661,100,100067,100,98575,100,100071,100,98471,100,100082,100,,
2019-06-28 09:45:21.417269601,99649,63,99404,163,99750,163,99362,163,99879,163,99274,363,100003,163,99126,163,100012,163,98876,163,100030,100,98787,100,100063,100,98661,100,100067,100,98575,100,100071,100,98471,100,100086,100,,
2019-06-28 09:45:25.604999023,99750,163,99649,37,99879,163,99404,163,100003,163,99362,163,100012,63,99274,363,100030,100,99126,163,100063,100,98876,163,100067,100,98787,100,100071,100,98661,100,100086,100,98575,100,100093,100,98471,100
2019-06-28 09:45:30.000000000,99750,207,99649,144,99879,204,99404,204,100003,204,99362,204,100030,100,99274,300,100063,100,99126,100,100067,100,98876,100,100071,100,98787,100,100086,100,98661,100,100093,100,98575,100,100107,100,98471,100
2019-06-28 09:45:31.526995278,99750,107,99649,144,99879,204,99404,204,100003,204,99362,204,100030,100,99274,300,100063,100,99126,100,100067,100,98876,100,100071,100,98787,100,100086,100,98661,100,100093,100,98575,100,100107,100,98471,100
2019-06-28 09:45:38.978863027,99750,7,99649,144,99879,204,99404,204,100003,204,99362,204,100030,100,99274,300,100063,100,99126,100,100067,100,98876,100,100071,100,98787,100,100086,100,98661,100,100093,100,98575,100,100107,100,98471,100
2019-06-28 09:45:40.000000000,99879,257,99649,194,100003,257,99404,257,100030,100,99362,100,100063,100,99274,300,100067,100,99126,100,100071,100,98876,100,100086,100,98787,100,100093,100,98661,100,100107,100,98575,100,100116,100,98471,100
2019-06-28 09:45:43.806854182,99879,157,99649,194,100003,257,99404,257,100030,100,99362,100,100063,100,99274,300,100067,100,99126,100,100071,100,98876,100,100086,100,98787,100,100093,100,98661,100,100107,100,98575,100,100116,100,98471,100
2019-06-28 09:45:46.112660911,99879,157,99852,100,100003,257,99649,194,100030,100,99404,257,100063,100,99362,100,100067,100,99274,300,100071,100,99126,100,100086,100,98876,100,100093,100,98787,100,100116,100,98661,100,100122,100,98575,100
2019-06-28 09:45:50.000000000,100003,414,99852,414,100030,100,99649,37,100063,100,99404,100,100067,100,99362,100,100071,100,99274,300,100086,100,99126,100,100093,100,98876,100,100116,100,98787,100,100122,100,98661,100,100164,100,98575,100
2019-06-28 09:46:00.000000000,100003,163,99852,163,100030,163,99649,100,100063,163,99404,163,100067,163,99362,163,100071,163,99274,363,100086,100,99126,100,100093,100,98876,100,100116,100,98787,100,100122,100,98661,100,100164,100,98575,100
2019-06-28 09:46:10.000000000,100003,178,99852,178,100030,178,99649,115,100063,178,99404,178,100067,178,99362,178,100071,100,99274,300,100086,100,99126,100,100093,100,98876,100,100116,100,98787,100,100122,100,98661,100,100164,100,98575,100
2019-06-28 09:46:13.760994827,99991,100,99852,178,100003,178,99649,115,100030,178,99404,78,100063,178,99362,178,100067,178,99274,300,100071,100,99126,100,100086,100,98876,100,100093,100,98787,100,100116,100,98661,100,100122,100,98575,100
2019-06-28 09:46:20.000000000,99991,163,99852,163,100003,163,99649,100,100030,163,99362,163,100063,163,99274,363,100067,163,99126,163,100071,100,98876,100,100086,100,98787,100,100093,100,98661,100,100116,100,98575,100,100122,100,98471,100
2019-06-28 09:46:30.000000000,99991,207,99852,207,100003,204,99649,141,100030,204,99362,204,100063,100,99274,300,100067,100,99126,100,100071,100,98876,100,100086,100,98787,100,100093,100,98661,100,100116,100,98575,100,100122,100,98471,100
2019-06-28 09:46:31.180154285,99991,207,99852,207,100003,204,99721,100,100030,204,99649,141,100063,100,99362,204,100067,100,99274,300,100071,100,99126,100,100086,100,98876,100,100093,100,98787,100,100116,100,98661,100,100122,100,98575,100
2019-06-28 09:46:33.894196888,99991,207,99852,207,100003,204,99750,100,100030,204,99721,100,100063,100,99649,141,100067,100,99362,204,100071,100,99274,300,100086,100,99126,100,100093,100,98876,100,100116,100,98787,100,100122,100,98661,100
2019-06-28 09:46:40.000000000,99991,414,99852,414,100003,100,99750,100,100030,100,99721,100,100063,100,99649,37,100067,100,99362,100,100071,100,99274,300,100086,100,99126,100,100093,100,98876,100,100116,100,98787,100,100122,100,98661,100
2019-06-28 09:46:50.000000000,99991,178,99852,178,100003,178,99750,178,100030,178,99721,178,100063,178,99649,115,100067,100,99362,100,100071,100,99274,300,100086,100,99126,100,100093,100,98876,100,100116,100,98787,100,100122,100,98661,100
2019-06-28 09:46:52.379682220,99991,78,99852,178,100003,178,99750,178,100030,178,99721,178,100063,178,99649,115,100067,100,99362,100,100071,100,99274,300,100086,100,98876,100,100093,100,98787,100,100116,100,98661,100,100122,100,98575,100
2019-06-28 09:47:00.000000000,100003,207,99852,207,100030,204,99750,204,100063,204,99721,204,100067,100,99649,37,100071,100,99362,100,100086,100,99274,300,100093,100,98876,100,100116,100,98787,100,100122,100,98661,100,100164,100,98575,100
2019-06-28 09:47:08.810250898,99873,100,99852,207,100003,207,99750,204,100030,204,99721,204,100063,204,99649,37,100067,100,99362,100,100071,100,99274,300,100086,100,98876,100,100093,100,98787,100,100116,100,98661,100,100122,100,98575,100
2019-06-28 09:47:10.000000000,99873,414,99852,414,100003,100,99750,100,100030,100,99721,100,100063,100,99649,37,100067,100,99362,100,100071,100,99274,300,100086,100,98876,100,100093,100,98787,100,100116,100,98661,100,100122,100,98575,100
2019-06-28 09:47:20.000000000,99873,414,99852,414,100003,100,99750,100,100030,100,99721,100,100063,100,99649,37,100067,100,99362,100,100071,100,99274,300,100086,100,98876,100,100093,100,98787,100,100116,100,98661,100,100122,100,98575,100
2019-06-28 09:47:30.000000000,99873,414,99852,414,100003,100,99750,100,100030,100,99721,100,100063,100,99649,37,100067,100,99362,100,100071,100,99274,300,100086,100,98876,100,100093,100,98787,100,100116,100,98661,100,100122,100,98575,100
2019-06-28 09:47:30.368036153,99873,314,99852,414,100003,100,99750,100,100030,100,99649,37,100063,100,99362,100,100067,100,99274,300,100071,100,98876,100,100086,100,98787,100,100093,100,98661,100,100116,100,98575,100,100122,100,,
2019-06-28 09:47:35.479326679,99873,214,99852,414,100003,100,99750,100,100030,100,99649,37,100063,100,99362,100,100067,100,99274,300,100071,100,98876,100,100086,100,98787,100,100093,100,98661,100,100116,100,98575,100,100122,100,,
2019-06-28 09:47:40.000000000,100003,257,99852,257,100030,257,99750,257,100063,100,99649,37,100067,100,99362,100,100071,100,99274,300,100086,100,98876,100,100093,100,98787,100,100116,100,98661,100,100122,100,98575,100,100164,100,,
2019-06-28 09:47:41.543811341,100003,257,99852,257,100030,257,99750,257,100067,100,99649,37,100071,100,99362,100,100086,100,99274,300,100093,100,98876,100,100116,100,98787,100,100122,100,98661,100,100164,100,98575,100,100371,100,,
2019-06-28 09:47:50.000000000,100003,163,99852,163,100030,163,99750,163,100067,163,99649,100,100071,163,99362,163,100086,163,99274,363,100093,100,98876,100,100116,100,98787,100,100122,100,98661,100,100164,100,98575,100,100371,100,,
2019-06-28 09:48:00.000000000,100003,414,99852,414,100030,100,99750,100,100067,100,99649,37,100071,100,99362,100,100086,100,99274,300,100093,100,98876,100,100116,100,98787,100,100122,100,98661,100,100164,100,98575,100,100371,100,,
2019-06-28 09:48:10.000000000,100003,178,99852,178,100030,178,99750,178,100067,178,99649,115,100071,178,99362,178,100086,100,99274,300,100093,100,98876,100,100116,100,98787,100,100122,100,98661,100,100164,100,98575,100,100371,100,,
2019-06-28 09:48:20.000000000,100003,163,99852,163,100030,163,99750,163,100067,163,99649,100,100071,163,99362,163,100086,163,99274,363,100093,100,98876,100,100116,100,98787,100,100122,100,98661,100,100164,100,98575,100,100371,100,,
2019-06-28 09:48:30.000000000,100003,207,99852,207,100030,204,99750,204,100067,204,99649,141,100071,100,99362,100,100086,100,99274,300,100093,100,98876,100,100116,100,98787,100,100122,100,98661,100,100164,100,98575,100,100371,100,,
2019-06-28 09:48:35.702571358,100003,207,99852,207,100030,204,99750,204,100067,204,99649,141,100071,100,99362,100,100086,100,99274,300,100093,100,98876,100,100098,100,98787,100,100116,100,98661,100,100122,100,98575,100,100164,100,,
2019-06-28 09:48:40.000000000,100003,414,99852,414,100030,100,99750,100,100067,100,99649,37,100071,100,99362,100,100086,100,99274,300,100093,100,98876,100,100098,100,98787,100,100116,100,98661,100,100122,100,98575,100,100164,100,,
2019-06-28 09:48:50.000000000,100003,414,99852,414,100030,100,99750,100,100067,100,99649,37,100071,100,99362,100,100086,100,99274,300,100093,100,98876,100,100098,100,98787,100,100116,100,98661,100,100122,100,98575,100,100164,100,,
2019-06-28 09:48:58.369209866,100003,414,99852,414,100030,100,99750,100,100067,100,99649,37,100071,100,99362,100,100086,100,99274,300,100093,100,98876,100,100098,100,98787,100,100116,100,98661,100,100122,100,98575,100,100134,100,,
2019-06-28 09:49:00.000000000,100003,257,99852,257,100030,257,99750,257,100067,100,99649,37,100071,100,99362,100,100086,100,99274,300,100093,100,98876,100,100098,100,98787,100,100116,100,98661,100,100122,100,98575,100,100134,100,,
2019-06-28 09:49:04.248919767,100003,257,99852,257,100030,257,99750,257,100067,100,99649,37,100071,100,99624,100,100086,100,99362,100,100093,100,99274,300,100098,100,98876,100,100116,100,98787,100,100122,100,98661,100,100134,100,98575,100
2019-06-28 09:49:10.000000000,100003,257,99852,257,100030,257,99750,257,100067,100,99649,37,100071,100,99624,100,100086,100,99362,100,100093,100,99274,300,100098,100,98876,100,100116,100,98787,100,100122,100,98661,100,100134,100,98575,100
2019-06-28 09:49:14.271059133,99923,100,99852,257,100003,257,99750,257,100030,257,99649,37,100067,100,99624,100,100071,100,99362,100,100086,100,99274,300,100093,100,98876,100,100098,100,98787,100,100116,100,98661,100,100122,100,98575,100
2019-06-28 09:49:15.319013804,99923,100,99852,257,100003,257,99750,257,100030,257,99649,37,100067,100,99624,100,100071,100,99362,100,100086,100,99274,300,100093,100,98876,100,100098,100,98787,100,100116,100,98661,100,100122,100,98575,100
2019-06-28 09:49:15.578399751,99923,100,99873,100,100003,257,99852,257,100030,257,99750,257,100067,100,99649,37,100071,100,99624,100,100086,100,99362,100,100093,100,99274,300,100098,100,98876,100,100116,100,98787,100,100122,100,98661,100
2019-06-28 09:49:20.000000000,99923,414,99873,414,100003,100,99852,100,100030,100,99750,100,100067,100,99649,37,100071,100,99624,100,100086,100,99362,100,100093,100,99274,300,100098,100,98876,100,100116,100,98787,100,100122,100,98661,100
2019-06-28 09:49:30.000000000,99923,163,99873,163,100003,163,99852,163,100030,163,99750,163,100067,163,99649,100,100071,163,99624,163,100086,100,99362,100,100093,100,99274,300,100098,100,98876,100,100116,100,98787,100,100122,100,98661,100
2019-06-28 09:49:40.000000000,99923,207,99873,207,100003,204,99852,204,100030,204,99750,204,100067,100,99649,37,100071,100,99624,100,100086,100,99362,100,100093,100,99274,300,100098,100,98876,100,100116,100,98787,100,100122,100,98661,100
2019-06-28 09:49:50.000000000,99923,257,99873,257,100003,257,99852,257,100030,100,99750,100,100067,100,99649,37,100071,100,99624,100,100086,100,99362,100,100093,100,99274,300,100098,100,98876,100,100116,100,98787,100,100122,100,98661,100
2019-06-28 09:49:56.650167714,99923,257,99873,257,100003,257,99852,257,100030,100,99750,100,100067,100,99649,37,100071,100,99624,100,100086,100,99362,100,100093,100,99274,300,100098,100,98876,100,100116,100,98787,100,100122,100,98661,100
2019-06-28 09:49:59.264631674,99923,257,99873,257,100003,257,99852,257,100030,100,99750,100,100067,100,99649,37,100071,100,99624,100,100086,100,99362,100,100093,100,99274,300,100098,100,98876,100,100116,100,98787,100,100122,100,98661,100
2019-06-28 09:50:00.000000000,99923,163,99873,163,100003,163,99852,163,100030,163,99750,163,100067,163,99649,100,100071,163,99624,163,100086,100,99362,100,100093,100,99274,300,100098,100,98876,100,100116,100,98787,100,100122,100,98661,100
2019-06-28 09:50:01.597497175,99923,63,99873,163,100003,163,99852,163,100030,163,99750,163,100067,163,99649,100,100071,163,99624,163,100086,100,99362,100,100093,100,99274,300,100098,100,98876,100,100116,100,98787,100,100122,100,98661,100
2019-06-28 09:50:02.494743683,99923,63,99874,100,100003,163,99873,163,100030,163,99852,163,100067,163,99750,163,100071,163,99649,100,100086,100,99624,163,100093,100,99362,100,100098,100,99274,300,100116,100,98876,100,100122,100,98787,100
2019-06-28 09:50:03.655284596,100003,163,99923,37,100030,163,99874,100,100067,163,99873,163,100071,163,99852,163,100086,100,99750,163,100093,100,99649,100,100098,100,99624,163,100116,100,99362,100,100122,100,99274,300,100134,100,98876,100
2019-06-28 09:50:07.545945334,100003,163,99923,37,100030,163,99874,100,100067,163,99873,163,100071,163,99852,163,100086,100,99750,163,100093,100,99649,100,100098,100,99624,163,100116,100,99362,100,100122,100,99274,300,100134,100,98876,100
2019-06-28 09:50:10.000000000,100003,178,99923,115,100030,178,99874,178,100067,178,99873,178,100071,178,99852,178,100086,100,99750,100,100093,100,99649,37,100098,100,99624,100,100116,100,99362,100,100122,100,99274,300,100134,100,98876,100
2019-06-28 09:50:20.000000000,100003,257,99923,194,100030,257,99874,257,100067,100,99873,100,100071,100,99852,100,100086,100,99750,100,100093,100,99649,37,100098,100,99624,100,100116,100,99362,100,100122,100,99274,300,100134,100,98876,100
2019-06-28 09:50:30.000000000,100003,178,99923,115,100030,178,99874,178,100067,178,99873,178,100071,178,99852,178,100086,100,99750,100,100093,100,99649,37,100098,100,99624,100,100116,100,99362,100,100122,100,99274,300,100134,100,98876,100
2019-06-28 09:50:33.029694305,100003,78,99923,115,100030,178,99874,178,100067,178,99873,178,100071,178,99852,178,100086,100,99750,100,100093,100,99649,37,100098,100,99624,100,100116,100,99274,300,100122,100,98876,100,100134,100,98787,100
2019-06-28 09:50:35.414037567,100003,78,99923,115,100030,178,99874,178,100067,178,99873,178,100071,178,99852,178,100086,100,99750,100,100093,100,99649,37,100098,100,99624,100,100116,100,99274,300,100122,100,98876,100,100134,100,98787,100
2019-06-28 09:50:38.336828134,100030,178,100003,22,100067,178,99923,115,100071,178,99874,178,100086,100,99873,178,100093,100,99852,178,100098,100,99750,100,100116,100,99649,37,100122,100,99624,100,100134,100,99274,300,100162,100,98876,100
2019-06-28 09:50:40.000000000,100030,257,100003,179,100067,257,99923,194,100071,100,99874,100,100086,100,99873,100,100093,100,99852,100,100098,100,99750,100,100116,100,99649,37,100122,100,99624,100,100134,100,99274,300,100162,100,98876,100
2019-06-28 09:50:42.058752538,100030,157,100003,179,100067,257,99923,194,100071,100,99874,100,100086,100,99873,100,100093,100,99852,100,100098,100,99750,100,100116,100,99649,37,100122,100,99624,100,100134,100,99274,300,100162,100,98876,100
2019-06-28 09:50:43.455216610,100030,57,100003,179,100067,257,99923,194,100071,100,99874,100,100086,100,99873,100,100093,100,99750,100,100098,100,99649,37,100116,100,99624,100,100122,100,99274,300,100134,100,98876,100,100162,100,98787,100
2019-06-28 09:50:48.054105450,100067,257,100030,43,100071,100,100003,179,100086,100,99923,194,100093,100,99874,100,100098,100,99873,100,100122,100,99750,100,100134,100,99649,37,100162,100,99624,100,100164,100,99274,300,100258,100,98876,100
2019-06-28 09:50:50.000000000,100067,163,100030,106,100071,163,100003,85,100086,163,99923,100,100093,163,99874,163,100098,163,99873,163,100122,100,99750,100,100134,100,99649,37,100162,100,99624,100,100164,100,99274,300,100258,100,98876,100
2019-06-28 09:51:00.000000000,100067,257,100030,200,100071,257,100003,179,100086,100,99923,37,100093,100,99874,100,100098,100,99873,100,100122,100,99750,100,100134,100,99649,37,100162,100,99624,100,100164,100,99274,300,100258,100,98876,100
2019-06-28 09:51:10.000000000,100067,414,100030,357,100071,100,100003,22,100086,100,99923,37,100093,100,99874,100,100098,100,99873,100,100122,100,99750,100,100134,100,99649,37,100162,100,99624,100,100164,100,99274,300,100258,100,98876,100
2019-06-28 09:51:20.000000000,100067,163,100030,106,100071,163,100003,85,100086,163,99923,100,100093,163,99874,163,100098,163,99873,163,100122,100,99750,100,100134,100,99649,37,100162,100,99624,100,100164,100,99274,300,100258,100,98876,100
2019-06-28 09:51:30.000000000,100067,414,100030,357,100071,100,100003,22,100086,100,99923,37,100093,100,99874,100,100098,100,99873,100,100122,100,99750,100,100134,100,99649,37,100162,100,99624,100,100164,100,99274,300,100258,100,98876,100
2019-06-28 09:51:37.267823096,100067,414,100030,257,100071,100,100003,22,100086,100,99923,37,100093,100,99874,100,100098,100,99873,100,100122,100,99750,100,100134,100,99649,37,100162,100,99624,100,100164,100,99274,300,100258,100,98876,100
2019-06-28 09:51:38.674429590,100067,414,100030,157,100071,100,100003,22,100086,100,99923,37,100093,100,99874,100,100098,100,99873,100,100134,100,99750,100,100162,100,99649,37,100164,100,99624,100,100258,100,99274,300,100304,100,98876,100
2019-06-28 09:51:39.753484778,100067,414,100030,157,100071,100,100003,22,100086,100,99923,37,100093,100,99874,100,100098,100,99873,100,100134,100,99750,100,100162,100,99649,37,100164,100,99624,100,100258,100,99431,100,100304,100,99274,300
2019-06-28 09:51:40.000000000,100067,163,100003,85,100071,163,99923,100,100086,163,99874,163,100093,163,99873,163,100098,163,99750,163,100134,100,99649,37,100162,100,99624,100,100164,100,99431,100,100258,100,99274,300,100304,100,98876,100
2019-06-28 09:51:41.159808639,100067,163,100003,85,100071,163,99923,100,100086,163,99874,163,100093,63,99873,163,100098,163,99750,163,100134,100,99649,37,100162,100,99638,100,100164,100,99624,100,100258,100,99431,100,100304,100,99274,300
2019-06-28 09:51:50.000000000,100067,414,100003,336,100071,100,99923,37,100086,100,99874,100,100098,100,99873,100,100134,100,99750,100,100162,100,99649,37,100164,100,99638,100,100258,100,99624,100,100304,100,99431,100,100371,100,99274,300
2019-06-28 09:52:00.000000000,100067,178,100003,100,100071,178,99923,115,100086,178,99874,178,100098,178,99873,178,100134,100,99750,100,100162,100,99649,37,100164,100,99638,100,100258,100,99624,100,100304,100,99431,100,100371,100,99274,300
2019-06-28 09:52:10.000000000,100067,414,100003,336,100071,100,99923,37,100086,100,99874,100,100098,100,99873,100,100134,100,99750,100,100162,100,99649,37,100164,100,99638,100,100258,100,99624,100,100304,100,99431,100,100371,100,99274,300
2019-06-28 09:52:16.275086265,100067,414,100003,336,100071,100,99923,37,100086,100,99874,100,100098,100,99873,100,100134,100,99750,100,100162,100,99649,37,100164,100,99638,100,100169,100,99624,100,100258,100,99431,100,100304,100,99274,300
2019-06-28 09:52:17.733540144,100067,414,100003,336,100071,100,100002,100,100086,100,99923,37,100098,100,99874,100,100134,100,99873,100,100162,100,99750,100,100164,100,99649,37,100169,100,99638,100,100258,100,99624,100,100304,100,99431,100
2019-06-28 09:52:20.000000000,100067,163,100003,85,100071,163,100002,163,100086,163,99923,100,100098,163,99874,163,100134,163,99873,163,100162,100,99750,100,100164,100,99649,37,100169,100,99638,100,100258,100,99624,100,100304,100,99431,100
2019-06-28 09:52:30.000000000,100067,163,100003,85,100071,163,100002,163,100086,163,99923,100,100098,163,99874,163,100134,163,99873,163,100162,100,99750,100,100164,100,99649,37,100169,100,99638,100,100258,100,99624,100,100304,100,99431,100
2019-06-28 09:52:38.165510622,100067,163,100003,85,100071,163,100002,163,100086,163,99923,100,100098,63,99874,163,100134,163,99873,163,100162,100,99750,100,100164,100,99649,37,100169,100,99638,100,100258,100,99624,100,100304,100,99569,100
2019-06-28 09:52:40.000000000,100067,178,100003,100,100071,178,100002,178,100086,178,99923,115,100134,178,99874,178,100162,100,99873,100,100164,100,99750,100,100169,100,99649,37,100258,100,99638,100,100304,100,99624,100,100371,100,99569,100
2019-06-28 09:52:43.150692006,100067,78,100003,100,100071,178,100002,178,100086,178,99923,115,100134,178,99874,178,100162,100,99873,100,100164,100,99808,100,100169,100,99750,100,100258,100,99649,37,100304,100,99638,100,100371,100,99624,100
2019-06-28 09:52:50.000000000,100071,163,100003,85,100086,163,100002,163,100134,163,99923,100,100162,163,99874,163,100164,163,99873,163,100169,100,99808,100,100258,100,99750,100,100304,100,99649,37,100371,100,99638,100,100592,100,99624,100
2019-06-28 09:53:00.000000000,100071,414,100003,336,100086,100,100002,100,100134,100,99923,37,100162,100,99874,100,100164,100,99873,100,100169,100,99808,100,100258,100,99750,100,100304,100,99649,37,100371,100,99638,100,100592,100,99624,100
2019-06-28 09:53:00.760309659,100071,414,100003,336,100086,100,100002,100,100134,100,99923,37,100162,100,99874,100,100164,100,99873,100,100169,100,99808,100,100258,100,99750,100,100304,100,99649,37,100371,100,99638,100,100592,100,99624,100
2019-06-28 09:53:03.024627665,100030,100,100003,336,100071,414,100002,100,100086,100,99923,37,100134,100,99874,100,100162,100,99873,100,100164,100,99808,100,100169,100,99750,100,100258,100,99649,37,100304,100,99638,100,100371,100,99624,100
2019-06-28 09:53:10.000000000,100030,163,100003,85,100071,163,100002,163,100086,163,99923,100,100134,163,99874,163,100162,163,99873,163,100164,100,99808,100,100169,100,99750,100,100258,100,99649,37,100304,100,99638,100,100371,100,99624,100
2019-06-28 09:53:20.000000000,100030,163,100003,85,100071,163,100002,163,100086,163,99923,100,100134,163,99874,163,100162,163,99873,163,100164,100,99808,100,100169,100,99750,100,100258,100,99649,37,100304,100,99638,100,100371,100,99624,100
2019-06-28 09:53:30.000000000,100030,207,100003,129,100071,204,100002,204,100086,204,99923,141,100134,100,99874,100,100162,100,99873,100,100164,100,99808,100,100169,100,99750,100,100258,100,99649,37,100304,100,99638,100,100371,100,99624,100
2019-06-28 09:53:34.357202326,100030,107,100003,129,100071,204,100002,204,100086,204,99923,141,100134,100,99874,100,100162,100,99873,100,100164,100,99808,100,100169,100,99750,100,100258,100,99649,37,100304,100,99638,100,100371,100,99624,100
2019-06-28 09:53:39.296253673,100030,7,100003,129,100071,204,100002,204,100086,204,99923,141,100134,100,99873,100,100162,100,99808,100,100164,100,99750,100,100169,100,99649,37,100258,100,99638,100,100304,100,99624,100,100371,100,99569,100
2019-06-28 09:53:40.000000000,100071,178,100003,100,100086,178,100002,178,100134,178,99923,115,100162,178,99873,178,100164,100,99808,100,100169,100,99750,100,100258,100,99649,37,100304,100,99638,100,100371,100,99624,100,100592,100,99569,100
2019-06-28 09:53:50.000000000,100071,414,100003,336,100086,100,100002,100,100134,100,99923,37,100162,100,99873,100,100164,100,99808,100,100169,100,99750,100,100258,100,99649,37,100304,100,99638,100,100371,100,99624,100,100592,100,99569,100
2019-06-28 09:54:00.000000000,100071,257,100003,179,100086,257,100002,257,100134,100,99923,37,100162,100,99873,100,100164,100,99808,100,100169,100,99750,100,100258,100,99649,37,100304,100,99638,100,100371,100,99624,100,100592,100,99569,100
2019-06-28 09:54:00.376786770,100071,257,100030,100,100086,257,100003,179,100134,100,100002,257,100162,100,99923,37,100164,100,99873,100,100169,100,99808,100,100258,100,99750,100,100304,100,99649,37,100371,100,99638,100,100592,100,99624,100
2019-06-28 09:54:10.000000000,100071,257,100030,257,100086,257,100003,179,100134,100,100002,100,100162,100,99923,37,100164,100,99873,100,100169,100,99808,100,100258,100,99750,100,100304,100,99649,37,100371,100,99638,100,100592,100,99624,100
2019-06-28 09:54:20.000000000,100071,163,100030,163,100086,163,100003,85,100134,163,100002,163,100162,163,99923,100,100164,163,99873,163,100169,100,99808,100,100258,100,99750,100,100304,100,99649,37,100371,100,99638,100,100592,100,99624,100
2019-06-28 09:54:30.000000000,100071,163,100030,163,100086,163,100003,85,100134,163,100002,163,100162,163,99923,100,100164,163,99873,163,100169,100,99808,100,100258,100,99750,100,100304,100,99649,37,100371,100,99638,100,100592,100,99624,100
2019-06-28 09:54:39.567566194,100071,163,100030,63,100086,163,100003,85,100134,163,100002,163,100162,163,99923,100,100164,163,99873,163,100169,100,99808,100,100258,100,99750,100,100304,100,99649,37,100371,100,99638,100,100592,100,99624,100
2019-06-28 09:54:40.000000000,100071,414,100003,336,100086,100,100002,100,100134,100,99923,37,100162,100,99873,100,100164,100,99808,100,100169,100,99750,100,100258,100,99649,37,100304,100,99638,100,100371,100,99624,100,100592,100,99569,100
2019-06-28 09:54:50.000000000,100071,257,100003,179,100086,257,100002,257,100134,100,99923,37,100162,100,99873,100,100164,100,99808,100,100169,100,99750,100,100258,100,99649,37,100304,100,99638,100,100371,100,99624,100,100592,100,99569,100
2019-06-28 09:55:00.000000000,100071,257,100003,179,100086,257,100002,257,100134,100,99923,37,100162,100,99873,100,100164,100,99808,100,100169,100,99750,100,100258,100,99649,37,100304,100,99638,100,100371,100,99624,100,100592,100,99569,100
2019-06-28 09:55:10.000000000,100071,414,100003,336,100086,100,100002,100,100134,100,99923,37,100162,100,99873,100,100164,100,99808,100,100169,100,99750,100,100258,100,99649,37,100304,100,99638,100,100371,100,99624,100,100592,100,99569,100
2019-06-28 09:55:10.478305054,100071,414,100003,336,100086,100,100002,100,100134,100,99923,37,100162,100,99873,100,100164,100,99838,100,100169,100,99808,100,100258,100,99750,100,100304,100,99649,37,100371,100,99638,100,100592,100,99624,100
2019-06-28 09:55:12.803530472,100030,100,100003,336,100071,414,100002,100,100086,100,99923,37,100134,100,99873,100,100162,100,99838,100,100164,100,99808,100,100169,100,99750,100,100258,100,99649,37,100304,100,99638,100,100371,100,99624,100
2019-06-28 09:55:20.000000000,100030,178,100003,100,100071,178,100002,178,100086,178,99923,115,100134,178,99873,178,100162,100,99838,100,100164,100,99808,100,100169,100,99750,100,100258,100,99649,37,100304,100,99638,100,100371,100,99624,100
2019-06-28 09:55:30.000000000,100030,207,100003,129,100071,204,100002,204,100086,204,99923,141,100134,100,99873,100,100162,100,99838,100,100164,100,99808,100,100169,100,99750,100,100258,100,99649,37,100304,100,99638,100,100371,100,99624,100
2019-06-28 09:55:32.960928517,100030,207,100003,129,100071,204,100002,204,100086,204,99923,141,100134,100,99873,100,100162,100,99861,100,100164,100,99838,100,100169,100,99808,100,100258,100,99750,100,100304,100,99649,37,100371,100,99624,100
2019-06-28 09:55:40.000000000,100030,178,100003,100,100071,178,100002,178,100086,178,99923,115,100134,178,99873,178,100162,100,99861,100,100164,100,99838,100,100169,100,99808,100,100258,100,99750,100,100304,100,99649,37,100371,100,99624,100
2019-06-28 09:55:50.000000000,100030,178,100003,100,100071,178,100002,178,100086,178,99923,115,100134,178,99873,178,100162,100,99861,100,100164,100,99838,100,100169,100,99808,100,100258,100,99750,100,100304,100,99649,37,100371,100,99624,100
2019-06-28 09:56:00.000000000,100030,178,100003,100,100071,178,100002,178,100086,178,99923,115,100134,178,99873,178,100162,100,99861,100,100164,100,99838,100,100169,100,99808,100,100258,100,99750,100,100304,100,99649,37,100371,100,99624,100
2019-06-28 09:56:02.678968475,100030,78,100003,100,100071,178,100002,178,100086,178,99923,115,100134,178,99873,178,100162,100,99861,100,100164,100,99838,100,100169,100,99808,100,100258,100,99750,100,100304,100,99649,37,100371,100,99624,100
2019-06-28 09:56:10.000000000,100071,414,100003,336,100086,100,100002,100,100134,100,99923,37,100162,100,99873,100,100164,100,99861,100,100169,100,99838,100,100258,100,99808,100,100304,100,99750,100,100371,100,99649,37,100592,100,99624,100
2019-06-28 09:56:15.791060530,100071,414,100003,236,100086,100,100002,100,100134,100,99923,37,100162,100,99873,100,100164,100,99861,100,100169,100,99838,100,100258,100,99808,100,100304,100,99750,100,100371,100,99649,37,100592,100,99624,100
2019-06-28 09:56:17.238488112,100029,100,100003,236,100071,414,100002,100,100086,100,99923,37,100134,100,99873,100,100162,100,99861,100,100164,100,99838,100,100169,100,99808,100,100258,100,99750,100,100304,100,99649,37,100371,100,99624,100
2019-06-28 09:56:17.527150205,100029,100,100003,136,100071,414,100002,100,100086,100,99923,37,100134,100,99873,100,100162,100,99861,100,100164,100,99838,100,100169,100,99808,100,100258,100,99750,100,100304,100,99649,37,100371,100,99624,100
2019-06-28 09:56:20.000000000,100029,178,100002,178,100071,178,99923,115,100086,178,99873,178,100134,178,99861,178,100162,100,99838,100,100164,100,99808,100,100169,100,99750,100,100258,100,99649,37,100304,100,99624,100,100371,100,99569,100
2019-06-28 09:56:30.000000000,100029,207,100002,207,100071,204,99923,141,100086,204,99873,204,100134,100,99861,100,100162,100,99838,100,100164,100,99808,100,100169,100,99750,100,100258,100,99649,37,100304,100,99624,100,100371,100,99569,100
2019-06-28 09:56:31.498422074,100029,207,100002,207,100071,204,99923,141,100086,204,99873,204,100134,100,99861,100,100162,100,99838,100,100164,100,99808,100,100169,100,99750,100,100258,100,99744,100,100304,100,99649,37,100371,100,99624,100
2019-06-28 09:56:40.000000000,100029,257,100002,257,100071,257,99923,194,100086,100,99873,100,100134,100,99861,100,100162,100,99838,100,100164,100,99808,100,100169,100,99750,100,100258,100,99744,100,100304,100,99649,37,100371,100,99624,100
2019-06-28 09:56:49.534451358,100029,257,100002,257,100071,257,99923,194,100086,100,99873,100,100134,100,99861,100,100162,100,99838,100,100164,100,99808,100,100169,100,99758,100,100258,100,99750,100,100304,100,99744,100,100371,100,99649,37
2019-06-28 09:56:50.000000000,100029,163,100002,163,100071,163,99923,100,100086,163,99873,163,100134,163,99861,163,100162,163,99838,163,100164,100,99808,100,100169,100,99758,100,100258,100,99750,100,100304,100,99744,100,100371,100,99649,37
2019-06-28 09:56:52.030068727,100029,163,100002,163,100071,163,99923,100,100086,163,99873,163,100134,163,99861,163,100162,163,99838,163,100164,100,99808,100,100169,100,99784,100,100258,100,99758,100,100304,100,99750,100,100371,100,99744,100
2019-06-28 09:57:00.000000000,100029,163,100002,163,100071,163,99923,100,100086,163,99873,163,100134,163,99861,163,100162,163,99838,163,100164,100,99808,100,100169,100,99784,100,100258,100,99758,100,100304,100,99750,100,100371,100,99744,100
2019-06-28 09:57:04.880403430,100029,163,100002,163,100071,163,99923,100,100086,163,99873,163,100134,163,99861,163,100162,163,99838,163,100164,100,99808,100,100169,100,99784,100,100258,100,99758,100,100304,100,99750,100,100371,100,99744,100
2019-06-28 09:57:10.000000000,100029,163,100002,163,100071,163,99923,100,100086,163,99873,163,100134,163,99861,163,100162,163,99838,163,100164,100,99808,100,100169,100,99784,100,100258,100,99758,100,100304,100,99750,100,100371,100,99744,100
2019-06-28 09:57:19.540110236,100029,163,100002,163,100071,163,99923,100,100086,163,99873,163,100134,163,99861,163,100162,163,99838,163,100164,100,99808,100,100169,100,99784,100,100181,100,99758,100,100258,100,99750,100,100304,100,99744,100
2019-06-28 09:57:20.000000000,100029,163,100002,163,100071,163,99923,100,100086,163,99873,163,100134,163,99861,163,100162,163,99838,163,100164,100,99808,100,100169,100,99784,100,100181,100,99758,100,100258,100,99750,100,100304,100,99744,100
2019-06-28 09:57:30.000000000,100029,207,100002,207,100071,204,99923,141,100086,204,99873,204,100134,100,99861,100,100162,100,99838,100,100164,100,99808,100,100169,100,99784,100,100181,100,99758,100,100258,100,99750,100,100304,100,99744,100
2019-06-28 09:57:40.000000000,100029,178,100002,178,100071,178,99923,115,100086,178,99873,178,100134,178,99861,178,100162,100,99838,100,100164,100,99808,100,100169,100,99784,100,100181,100,99758,100,100258,100,99750,100,100304,100,99744,100
2019-06-28 09:57:50.000000000,100029,257,100002,257,100071,257,99923,194,100086,100,99873,100,100134,100,99861,100,100162,100,99838,100,100164,100,99808,100,100169,100,99784,100,100181,100,99758,100,100258,100,99750,100,100304,100,99744,100
2019-06-28 09:57:55.820549629,100029,257,100002,257,100071,257,99923,194,100086,100,99873,100,100134,100,99861,100,100162,100,99838,100,100164,100,99808,100,100169,100,99784,100,100181,100,99758,100,100258,100,99750,100,100304,100,99744,100
2019-06-28 09:57:59.752737427,100029,257,100002,257,100071,257,99923,194,100086,100,99873,100,100134,100,99861,100,100162,100,99838,100,100164,100,99808,100,100169,100,99784,100,100181,100,99758,100,100258,100,99750,100,100304,100,99744,100
2019-06-28 09:58:00.000000000,100029,178,100002,178,100071,178,99923,115,100086,178,99873,178,100134,178,99861,178,100162,100,99838,100,100164,100,99808,100,100169,100,99784,100,100181,100,99758,100,100258,100,99750,100,100304,100,99744,100
2019-06-28 09:58:10.000000000,100029,178,100002,178,100071,178,99923,115,100086,178,99873,178,100134,178,99861,178,100162,100,99838,100,100164,100,99808,100,100169,100,99784,100,100181,100,99758,100,100258,100,99750,100,100304,100,99744,100
2019-06-28 09:58:10.549627036,100029,178,100003,100,100071,178,100002,178,100086,178,99923,115,100134,178,99873,178,100162,100,99861,178,100164,100,99838,100,100169,100,99808,100,100181,100,99784,100,100258,100,99758,100,100304,100,99750,100
2019-06-28 09:58:15.790706409,100029,78,100003,100,100071,178,100002,178,100086,178,99923,115,100134,178,99873,178,100162,100,99861,178,100164,100,99838,100,100169,100,99808,100,100181,100,99784,100,100258,100,99758,100,100304,100,99750,100
2019-06-28 09:58:17.075094059,100029,78,100003,100,100071,178,100002,178,100086,178,99923,115,100134,178,99873,78,100162,100,99861,178,100164,100,99838,100,100169,100,99808,100,100181,100,99784,100,100258,100,99758,100,100304,100,99750,100
2019-06-28 09:58:20.000000000,100071,163,100003,163,100086,163,100002,163,100134,163,99923,100,100162,163,99861,163,100164,163,99838,163,100169,100,99808,100,100181,100,99784,100,100258,100,99758,100,100304,100,99750,100,100359,100,99744,100
2019-06-28 09:58:30.000000000,100071,163,100003,163,100086,163,100002,163,100134,163,99923,100,100162,163,99861,163,100164,163,99838,163,100169,100,99808,100,100181,100,99784,100,100258,100,99758,100,100304,100,99750,100,100359,100,99744,100
2019-06-28 09:58:40.000000000,100071,414,100003,414,100086,100,100002,100,100134,100,99923,37,100162,100,99861,100,100164,100,99838,100,100169,100,99808,100,100181,100,99784,100,100258,100,99758,100,100304,100,99750,100,100359,100,99744,100
2019-06-28 09:58:50.000000000,100071,414,100003,414,100086,100,100002,100,100134,100,99923,37,100162,100,99861,100,100164,100,99838,100,100169,100,99808,100,100181,100,99784,100,100258,100,99758,100,100304,100,99750,100,100359,100,99744,100
2019-06-28 09:58:53.529282180,100071,414,100003,414,100086,100,100002,100,100134,100,99923,37,100162,100,99861,100,100164,100,99838,100,100169,100,99808,100,100181,100,99784,100,100258,100,99758,100,100291,100,99750,100,100304,100,99744,100
2019-06-28 09:59:00.000000000,100071,178,100003,178,100086,178,100002,178,100134,178,99923,115,100162,178,99861,178,100164,100,99838,100,100169,100,99808,100,100181,100,99784,100,100258,100,99758,100,100291,100,99750,100,100304,100,99744,100
2019-06-28 09:59:04.983904835,100071,78,100003,178,100086,178,100002,178,100134,178,99923,115,100162,178,99861,178,100164,100,99838,100,100169,100,99784,100,100181,100,99758,100,100258,100,99750,100,100291,100,99744,100,100304,100,99709,100
2019-06-28 09:59:10.000000000,100086,163,100003,163,100134,163,100002,163,100162,163,99923,100,100164,163,99861,163,100169,163,99838,163,100181,100,99784,100,100258,100,99758,100,100291,100,99750,100,100304,100,99744,100,100359,100,99709,100
2019-06-28 09:59:20.000000000,100086,207,100003,207,100134,204,100002,204,100162,204,99923,141,100164,100,99861,100,100169,100,99838,100,100181,100,99784,100,100258,100,99758,100,100291,100,99750,100,100304,100,99744,100,100359,100,99709,100
2019-06-28 09:59:30.000000000,100086,257,100003,257,100134,257,100002,257,100162,100,99923,37,100164,100,99861,100,100169,100,99838,100,100181,100,99784,100,100258,100,99758,100,100291,100,99750,100,100304,100,99744,100,100359,100,99709,100
2019-06-28 09:59:40.000000000,100086,207,100003,207,100134,204,100002,204,100162,204,99923,141,100164,100,99861,100,100169,100,99838,100,100181,100,99784,100,100258,100,99758,100,100291,100,99750,100,100304,100,99744,100,100359,100,99709,100
2019-06-28 09:59:42.440811328,100086,207,100003,207,100134,204,100002,204,100162,204,99969,100,100164,100,99923,141,100169,100,99861,100,100181,100,99838,100,100258,100,99784,100,100291,100,99758,100,100359,100,99750,100,100371,100,99744,100
2019-06-28 09:59:50.000000000,100086,178,100003,178,100134,178,100002,178,100162,178,99969,178,100164,178,99923,115,100169,100,99861,100,100181,100,99838,100,100258,100,99784,100,100291,100,99758,100,100359,100,99750,100,100371,100,99744,100
2019-06-28 10:00:00.000000000,100086,414,100003,414,100134,100,100002,100,100162,100,99969,100,100164,100,99923,37,100169,100,99861,100,100181,100,99838,100,100258,100,99784,100,100291,100,99758,100,100359,100,99750,100,100371,100,99744,100
2019-06-28 10:00:02.155719049,100086,414,100003,414,100134,100,100002,100,100158,100,99969,100,100162,100,99923,37,100164,100,99861,100,100169,100,99838,100,100181,100,99784,100,100258,100,99758,100,100291,100,99750,100,100359,100,99744,100
2019-06-28 10:00:10.000000000,100086,163,100003,163,100134,163,100002,163,100158,163,99969,163,100162,163,99923,100,100164,163,99861,163,100169,100,99838,100,100181,100,99784,100,100258,100,99758,100,100291,100,99750,100,100359,100,99744,100
2019-06-28 10:00:16.332524188,100086,163,100029,100,100134,163,100003,163,100158,163,100002,163,100162,163,99969,163,100164,163,99923,100,100169,100,99861,163,100181,100,99838,100,100258,100,99784,100,100291,100,99758,100,100359,100,99750,100
2019-06-28 10:00:20.000000000,100086,257,100029,257,100134,257,100003,257,100158,100,100002,100,100162,100,99969,100,100164,100,99923,37,100169,100,99861,100,100181,100,99838,100,100258,100,99784,100,100291,100,99758,100,100359,100,99750,100
2019-06-28 10:00:25.691622215,100086,157,100029,257,100134,257,100003,257,100158,100,100002,100,100162,100,99923,37,100164,100,99861,100,100169,100,99838,100,100181,100,99784,100,100258,100,99758,100,100291,100,99750,100,100359,100,99744,100
2019-06-28 10:00:30.000000000,100134,163,100029,163,100158,163,100003,163,100162,163,100002,163,100164,163,99923,100,100169,163,99861,163,100181,100,99838,100,100258,100,99784,100,100291,100,99758,100,100359,100,99750,100,100371,100,99744,100
2019-06-28 10:00:33.724825602,100158,163,100134,37,100162,163,100029,163,100164,163,100003,163,100169,163,100002,163,100181,100,99923,100,100258,100,99861,163,100291,100,99838,100,100359,100,99784,100,100371,100,99758,100,100592,100,99750,100
2019-06-28 10:00:40.000000000,100158,414,100134,351,100162,100,100029,100,100164,100,100003,100,100169,100,100002,100,100181,100,99923,37,100258,100,99861,100,100291,100,99838,100,100359,100,99784,100,100371,100,99758,100,100592,100,99750,100
2019-06-28 10:00:50.000000000,100158,414,100134,351,100162,100,100029,100,100164,100,100003,100,100169,100,100002,100,100181,100,99923,37,100258,100,99861,100,100291,100,99838,100,100359,100,99784,100,100371,100,99758,100,100592,100,99750,100
2019-06-28 10:01:00.000000000,100158,257,100134,194,100162,257,100029,257,100164,100,100003,100,100169,100,100002,100,100181,100,99923,37,100258,100,99861,100,100291,100,99838,100,100359,100,99784,100,100371,100,99758,100,100592,100,99750,100
2019-06-28 10:01:10.000000000,100158,414,100134,351,100162,100,100029,100,100164,100,100003,100,100169,100,100002,100,100181,100,99923,37,100258,100,99861,100,100291,100,99838,100,100359,100,99784,100,100371,100,99758,100,100592,100,99750,100
2019-06-28 10:01:20.000000000,100158,163,100134,100,100162,163,100029,163,100164,163,100003,163,100169,163,100002,163,100181,163,99923,100,100258,100,99861,100,100291,100,99838,100,100359,100,99784,100,100371,100,99758,100,100592,100,99750,100
2019-06-28 10:01:30.000000000,100158,257,100134,194,100162,257,100029,257,100164,100,100003,100,100169,100,100002,100,100181,100,99923,37,100258,100,99861,100,100291,100,99838,100,100359,100,99784,100,100371,100,99758,100,100592,100,99750,100
2019-06-28 10:01:35.394352252,100158,257,100134,194,100162,257,100029,257,100164,100,100014,100,100169,100,100003,100,100181,100,100002,100,100258,100,99923,37,100291,100,99861,100,100359,100,99838,100,100371,100,99784,100,100592,100,99758,100
2019-06-28 10:01:39.334714097,100158,257,100134,194,100162,257,100029,257,100164,100,100014,100,100169,100,100003,100,100181,100,100002,100,100258,100,99998,100,100291,100,99923,37,100359,100,99861,100,100371,100,99838,100,100592,100,99758,100
2019-06-28 10:01:40.000000000,100158,207,100134,144,100162,204,100029,204,100164,204,100014,204,100169,100,100003,100,100181,100,100002,100,100258,100,99998,100,100291,100,99923,37,100359,100,99861,100,100371,100,99838,100,100592,100,99758,100
2019-06-28 10:01:50.000000000,100158,414,100134,351,100162,100,100029,100,100164,100,100014,100,100169,100,100003,100,100181,100,100002,100,100258,100,99998,100,100291,100,99923,37,100359,100,99861,100,100371,100,99838,100,100592,100,99758,100
2019-06-28 10:02:00.000000000,100158,178,100134,115,100162,178,100029,178,100164,178,100014,178,100169,178,100003,178,100181,100,100002,100,100258,100,99998,100,100291,100,99923,37,100359,100,99861,100,100371,100,99838,100,100592,100,99758,100
2019-06-28 10:02:08.878224208,100158,178,100134,15,100162,178,100029,178,100164,178,100014,178,100169,178,100003,178,100181,100,100002,100,100258,100,99998,100,100291,100,99923,37,100359,100,99861,100,100371,100,99838,100,100592,100,99758,100
2019-06-28 10:02:09.080551953,100134,85,100029,178,100158,178,100014,178,100162,178,100003,178,100164,178,100002,100,100169,178,99998,100,100181,100,99923,37,100258,100,99861,100,100291,100,99838,100,100359,100,99758,100,100371,100,99750,100
2019-06-28 10:02:10.000000000,100134,192,100029,207,100158,204,100014,204,100162,204,100003,204,100164,100,100002,100,100169,100,99998,100,100181,100,99923,37,100258,100,99861,100,100291,100,99838,100,100359,100,99758,100,100371,100,99750,100
2019-06-28 10:02:14.509359589,100134,192,100029,207,100158,204,100014,204,100162,204,100003,204,100164,100,100002,100,100169,100,99998,100,100181,100,99923,37,100258,100,99861,100,100291,100,99838,100,100359,100,99804,100,100371,100,99758,100
2019-06-28 10:02:20.000000000,100134,148,100029,163,100158,163,100014,163,100162,163,100003,163,100164,163,100002,163,100169,163,99998,163,100181,100,99923,37,100258,100,99861,100,100291,100,99838,100,100359,100,99804,100,100371,100,99758,100
2019-06-28 10:02:30.000000000,100134,399,100029,414,100158,100,100014,100,100162,100,100003,100,100164,100,100002,100,100169,100,99998,100,100181,100,99923,37,100258,100,99861,100,100291,100,99838,100,100359,100,99804,100,100371,100,99758,100
2019-06-28 10:02:40.000000000,100134,192,100029,207,100158,204,100014,204,100162,204,100003,204,100164,100,100002,100,100169,100,99998,100,100181,100,99923,37,100258,100,99861,100,100291,100,99838,100,100359,100,99804,100,100371,100,99758,100
2019-06-28 10:02:47.654146065,100134,192,100029,107,100158,204,100014,204,100162,204,100003,204,100164,100,100002,100,100169,100,99998,100,100181,100,99923,37,100258,100,99861,100,100291,100,99838,100,100359,100,99804,100,100371,100,99758,100
2019-06-28 10:02:50.000000000,100134,242,100014,257,100158,257,100003,257,100162,100,100002,100,100164,100,99998,100,100169,100,99923,37,100181,100,99861,100,100258,100,99838,100,100291,100,99804,100,100359,100,99758,100,100371,100,99750,100
2019-06-28 10:02:53.241434979,100134,242,100030,100,100158,257,100014,257,100162,100,100003,257,100164,100,100002,100,100169,100,99998,100,100181,100,99923,37,100258,100,99861,100,100291,100,99838,100,100359,100,99804,100,100371,100,99758,100
2019-06-28 10:03:00.000000000,100134,192,100030,207,100158,204,100014,204,100162,204,100003,204,100164,100,100002,100,100169,100,99998,100,100181,100,99923,37,100258,100,99861,100,100291,100,99838,100,100359,100,99804,100,100371,100,99758,100
2019-06-28 10:03:10.000000000,100134,399,100030,414,100158,100,100014,100,100162,100,100003,100,100164,100,100002,100,100169,100,99998,100,100181,100,99923,37,100258,100,99861,100,100291,100,99838,100,100359,100,99804,100,100371,100,99758,100
2019-06-28 10:03:12.675850440,100134,299,100030,414,100158,100,100014,100,100162,100,100003,100,100169,100,100002,100,100181,100,99998,100,100258,100,99923,37,100291,100,99861,100,100359,100,99838,100,100371,100,99804,100,100592,100,99758,100
2019-06-28 10:03:17.053180954,100134,299,100031,100,100158,100,100030,414,100162,100,100014,100,100169,100,100003,100,100181,100,100002,100,100258,100,99998,100,100291,100,99923,37,100359,100,99861,100,100371,100,99838,100,100592,100,99804,100
2019-06-28 10:03:20.000000000,100158,257,100031,257,100162,257,100030,257,100169,100,100014,100,100181,100,100003,100,100258,100,100002,100,100291,100,99998,100,100359,100,99923,37,100371,100,99861,100,100592,100,99838,100,100606,100,99804,100
2019-06-28 10:03:30.000000000,100158,178,100031,178,100162,178,100030,178,100169,178,100014,178,100181,178,100003,178,100258,100,100002,100,100291,100,99998,100,100359,100,99923,37,100371,100,99861,100,100592,100,99838,100,100606,100,99804,100
2019-06-28 10:03:34.951469328,100158,178,100031,178,100162,178,100030,178,100169,178,100014,178,100181,178,100003,178,100258,100,100002,100,100291,100,99998,100,100359,100,99923,37,100371,100,99861,100,100401,100,99838,100,100606,100,99804,100
2019-06-28 10:03:36.608508451,100158,178,100031,178,100162,178,100030,178,100169,178,100014,178,100181,178,100003,178,100258,100,100002,100,100291,100,99998,100,100359,100,99923,37,100371,100,99861,100,100401,100,99838,100,100417,100,99804,100
2019-06-28 10:03:37.972246564,100158,78,100031,178,100162,178,100030,178,100169,178,100014,178,100181,178,100003,178,100258,100,100002,100,100291,100,99998,100,100359,100,99923,37,100371,100,99861,100,100401,100,99838,100,100417,100,99804,100
2019-06-28 10:03:40.000000000,100162,178,100031,178,100169,178,100030,178,100181,178,100014,178,100258,178,100003,178,100291,100,100002,100,100359,100,99998,100,100371,100,99923,37,100401,100,99861,100,100417,100,99838,100,100606,100,99804,100
2019-06-28 10:03:48.445890603,100162,78,100031,178,100169,178,100030,178,100181,178,100014,178,100258,78,100003,178,100291,100,100002,100,100359,100,99998,100,100371,100,99923,37,100401,100,99861,100,100417,100,99838,100,100606,100,99804,100
2019-06-28 10:03:48.451260010,100169,178,100162,22,100181,178,100031,178,100258,78,100030,178,100291,100,100014,178,100359,100,100003,178,100371,100,100002,100,100401,100,99998,100,100417,100,99923,37,100606,100,99861,100,100700,100,99838,100
2019-06-28 10:03:50.000000000,100169,163,100162,85,100181,163,100031,163,100291,163,100030,163,100359,163,100014,163,100371,163,100003,163,100401,100,100002,100,100417,100,99998,100,100606,100,99923,37,100700,100,99861,100,,,99838,100
2019-06-28 10:03:51.197789592,100169,163,100162,85,100181,163,100031,163,100291,163,100030,163,100359,163,100014,163,100371,163,100003,163,100401,100,100002,100,100417,100,99998,100,100529,100,99923,37,100606,100,99861,100,100700,100,99838,100
2019-06-28 10:04:00.000000000,100169,257,100162,179,100181,257,100031,257,100291,100,100030,100,100359,100,100014,100,100371,100,100003,100,100401,100,100002,100,100417,100,99998,100,100529,100,99923,37,100606,100,99861,100,100700,100,99838,100
2019-06-28 10:04:00.059712427,100169,257,100162,179,100181,257,100031,257,100291,100,100030,100,100359,100,100014,100,100371,100,100003,100,100401,100,100002,100,100417,100,99998,100,100529,100,99923,37,100606,100,99838,100,100620,100,99804,100
2019-06-28 10:04:00.387423589,100169,257,100162,279,100181,257,100031,257,100291,100,100030,100,100359,100,100014,100,100371,100,100003,100,100401,100,100002,100,100417,100,99998,100,100529,100,99923,37,100606,100,99838,100,100620,100,99804,100
2019-06-28 10:04:10.000000000,100169,257,100162,279,100181,257,100031,257,100291,100,100030,100,100359,100,100014,100,100371,100,100003,100,100401,100,100002,100,100417,100,99998,100,100529,100,99923,37,100606,100,99838,100,100620,100,99804,100
2019-06-28 10:04:19.721877695,100169,257,100162,379,100181,257,100031,257,100291,100,100030,100,100359,100,100014,100,100371,100,100002,100,100401,100,99998,100,100417,100,99923,37,100529,100,99838,100,100606,100,99804,100,100620,100,99758,100
2019-06-28 10:04:20.000000000,100169,257,100162,379,100181,257,100031,257,100291,100,100030,100,100359,100,100014,100,100371,100,100002,100,100401,100,99998,100,100417,100,99923,37,100529,100,99838,100,100606,100,99804,100,100620,100,99758,100
2019-06-28 10:04:30.000000000,100169,207,100162,329,100181,204,100031,204,100291,204,100030,204,100359,100,100014,100,100371,100,100002,100,100401,100,99998,100,100417,100,99923,37,100529,100,99838,100,100606,100,99804,100,100620,100,99758,100
2019-06-28 10:04:33.199989933,100169,207,100162,429,100181,204,100031,204,100291,204,100030,204,100359,100,100014,100,100371,100,100002,100,100401,100,99998,100,100417,100,99923,37,100529,100,99838,100,100606,100,99804,100,100620,100,99758,100
2019-06-28 10:04:36.359097548,100169,107,100162,429,100181,204,100031,204,100291,204,100030,204,100359,100,100014,100,100371,100,100002,100,100401,100,99998,100,100417,100,99923,37,100529,100,99838,100,100606,100,99804,100,100620,100,99758,100
2019-06-28 10:04:40.000000000,100181,257,100162,479,100291,257,100031,257,100359,100,100030,100,100371,100,100014,100,100401,100,100002,100,100417,100,99998,100,100529,100,99923,37,100606,100,99838,100,100620,100,99804,100,100700,100,99758,100
2019-06-28 10:04:40.486073230,100181,257,100162,479,100291,257,100031,257,100359,100,100030,100,100371,100,100014,100,100390,100,100002,100,100401,100,99998,100,100417,100,99923,37,100529,100,99838,100,100606,100,99804,100,100620,100,99758,100
2019-06-28 10:04:50.000000000,100181,178,100162,400,100291,178,100031,178,100359,178,100030,178,100371,178,100014,178,100390,100,100002,100,100401,100,99998,100,100417,100,99923,37,100529,100,99838,100,100606,100,99804,100,100620,100,99758,100
2019-06-28 10:05:00.000000000,100181,257,100162,479,100291,257,100031,257,100359,100,100030,100,100371,100,100014,100,100390,100,100002,100,100401,100,99998,100,100417,100,99923,37,100529,100,99838,100,100606,100,99804,100,100620,100,99758,100
2019-06-28 10:05:10.000000000,100181,414,100162,636,100291,100,100031,100,100359,100,100030,100,100371,100,100014,100,100390,100,100002,100,100401,100,99998,100,100417,100,99923,37,100529,100,99838,100,100606,100,99804,100,100620,100,99758,100
2019-06-28 10:05:20.000000000,100181,207,100162,429,100291,204,100031,204,100359,204,100030,204,100371,100,100014,100,100390,100,100002,100,100401,100,99998,100,100417,100,99923,37,100529,100,99838,100,100606,100,99804,100,100620,100,99758,100
2019-06-28 10:05:27.789941330,100181,107,100162,429,100291,204,100031,204,100359,204,100030,204,100371,100,100014,100,100390,100,100002,100,100417,100,99998,100,100529,100,99923,37,100606,100,99838,100,100620,100,99804,100,100700,100,99758,100
2019-06-28 10:05:29.502887029,100181,107,100162,429,100291,204,100031,204,100359,204,100030,204,100371,100,100014,100,100390,100,100002,100,100417,100,99998,100,100529,100,99923,37,100606,100,99838,100,100620,100,99804,100,100700,100,99758,100
2019-06-28 10:05:30.000000000,100291,257,100162,479,100359,257,100031,257,100371,100,100030,100,100390,100,100014,100,100417,100,100002,100,100529,100,99998,100,100606,100,99923,37,100620,100,99838,100,100700,100,99804,100,100891,100,99758,100
2019-06-28 10:05:40.000000000,100291,163,100162,385,100359,163,100031,163,100371,163,100030,163,100390,163,100014,163,100417,163,100002,163,100529,100,99998,100,100606,100,99923,37,100620,100,99838,100,100700,100,99804,100,100891,100,99758,100
2019-06-28 10:05:50.000000000,100291,414,100162,636,100359,100,100031,100,100371,100,100030,100,100390,100,100014,100,100417,100,100002,100,100529,100,99998,100,100606,100,99923,37,100620,100,99838,100,100700,100,99804,100,100891,100,99758,100
2019-06-28 10:05:57.449033204,100291,414,100162,636,100359,100,100031,100,100371,100,100030,100,100390,100,100014,100,100417,100,100002,100,100529,100,99998,100,100606,100,99923,37,100620,100,99838,100,100700,100,99804,100,100839,100,99758,100
2019-06-28 10:06:00.000000000,100291,163,100162,385,100359,163,100031,163,100371,163,100030,163,100390,163,100014,163,100417,163,100002,163,100529,100,99998,100,100606,100,99923,37,100620,100,99838,100,100700,100,99804,100,100839,100,99758,100
2019-06-28 10:06:03.506080703,100291,63,100162,363,100359,163,100031,163,100371,163,100030,163,100390,163,100014,163,100417,163,100002,163,100529,100,99998,100,100606,100,99923,37,100620,100,99838,100,100700,100,99804,100,100839,100,99758,100
2019-06-28 10:06:10.000000000,100359,163,100162,363,100371,163,100031,163,100390,163,100030,163,100417,163,100014,163,100529,163,100002,163,100606,100,99998,100,100620,100,99923,37,100700,100,99838,100,100839,100,99804,100,100891,100,99758,100
2019-06-28 10:06:20.000000000,100359,207,100162,407,100371,204,100031,204,100390,204,100030,204,100417,100,100014,100,100529,100,100002,100,100606,100,99998,100,100620,100,99923,37,100700,100,99838,100,100839,100,99804,100,100891,100,99758,100
2019-06-28 10:06:30.000000000,100359,207,100162,407,100371,204,100031,204,100390,204,100030,204,100417,100,100014,100,100529,100,100002,100,100606,100,99998,100,100620,100,99923,37,100700,100,99838,100,100839,100,99804,100,100891,100,99758,100
2019-06-28 10:06:40.000000000,100359,207,100162,407,100371,204,100031,204,100390,204,100030,204,100417,100,100014,100,100529,100,100002,100,100606,100,99998,100,100620,100,99923,37,100700,100,99838,100,100839,100,99804,100,100891,100,99758,100
2019-06-28 10:06:50.000000000,100359,257,100162,457,100371,257,100031,257,100390,100,100030,100,100417,100,100014,100,100529,100,100002,100,100606,100,99998,100,100620,100,99923,37,100700,100,99838,100,100839,100,99804,100,100891,100,99758,100
2019-06-28 10:06:51.671949778,100359,157,100162,457,100371,257,100031,257,100390,100,100030,100,100417,100,100014,100,100529,100,100002,100,100606,100,99998,100,100620,100,99923,37,100700,100,99838,100,100839,100,99804,100,100891,100,99758,100
2019-06-28 10:06:59.179280583,100359,57,100162,457,100371,257,100031,257,100390,100,100030,100,100417,100,100014,100,100529,100,100002,100,100606,100,99998,100,100620,100,99923,37,100700,100,99838,100,100839,100,99804,100,100891,100,99758,100
2019-06-28 10:07:00.000000000,100371,257,100162,457,100390,257,100031,257,100417,100,100030,100,100529,100,100014,100,100606,100,100002,100,100620,100,99998,100,100700,100,99923,37,100839,100,99838,100,100891,100,99804,100,,,99758,100
2019-06-28 10:07:10.000000000,100371,163,100162,363,100390,163,100031,163,100417,163,100030,163,100529,163,100014,163,100606,163,100002,163,100620,100,99998,100,100700,100,99923,37,100839,100,99838,100,100891,100,99804,100,,,99758,100
2019-06-28 10:07:20.000000000,100371,257,100162,457,100390,257,100031,257,100417,100,100030,100,100529,100,100014,100,100606,100,100002,100,100620,100,99998,100,100700,100,99923,37,100839,100,99838,100,100891,100,99804,100,,,99758,100
2019-06-28 10:07:28.103272489,100358,100,100162,457,100371,257,100031,257,100390,257,100030,100,100417,100,100014,100,100529,100,100002,100,100606,100,99998,100,100620,100,99923,37,100700,100,99838,100,100839,100,99804,100,100891,100,99758,100
2019-06-28 10:07:30.000000000,100358,163,100162,363,100371,163,100031,163,100390,163,100030,163,100417,163,100014,163,100529,163,100002,163,100606,100,99998,100,100620,100,99923,37,100700,100,99838,100,100839,100,99804,100,100891,100,99758,100
2019-06-28 10:07:40.000000000,100358,207,100162,407,100371,204,100031,204,100390,204,100030,204,100417,100,100014,100,100529,100,100002,100,100606,100,99998,100,100620,100,99923,37,100700,100,99838,100,100839,100,99804,100,100891,100,99758,100
2019-06-28 10:07:50.000000000,100358,178,100162,378,100371,178,100031,178,100390,178,100030,178,100417,178,100014,178,100529,100,100002,100,100606,100,99998,100,100620,100,99923,37,100700,100,99838,100,100839,100,99804,100,100891,100,99758,100
2019-06-28 10:08:00.000000000,100358,163,100162,363,100371,163,100031,163,100390,163,100030,163,100417,163,100014,163,100529,163,100002,163,100606,100,99998,100,100620,100,99923,37,100700,100,99838,100,100839,100,99804,100,100891,100,99758,100
2019-06-28 10:08:10.000000000,100358,414,100162,614,100371,100,100031,100,100390,100,100030,100,100417,100,100014,100,100529,100,100002,100,100606,100,99998,100,100620,100,99923,37,100700,100,99838,100,100839,100,99804,100,100891,100,99758,100
2019-06-28 10:08:15.868888976,100358,414,100162,514,100371,100,100031,100,100390,100,100030,100,100417,100,100014,100,100529,100,100002,100,100606,100,99998,100,100620,100,99923,37,100700,100,99838,100,100839,100,99804,100,100891,100,99758,100
2019-06-28 10:08:20.000000000,100358,163,100162,263,100371,163,100031,163,100390,163,100030,163,100417,163,100014,163,100529,163,100002,163,100606,100,99998,100,100620,100,99923,37,100700,100,99838,100,100839,100,99804,100,100891,100,99758,100
