,ask_price_1,ask_size_1,bid_price_1,bid_size_1,ask_price_2,ask_size_2,bid_price_2,bid_size_2,ask_price_3,ask_size_3,bid_price_3,bid_size_3,ask_price_4,ask_size_4,bid_price_4,bid_size_4,ask_price_5,ask_size_5,bid_price_5,bid_size_5,ask_price_6,ask_size_6,bid_price_6,bid_size_6,ask_price_7,ask_size_7,bid_price_7,bid_size_7,ask_price_8,ask_size_8,bid_price_8,bid_size_8,ask_price_9,ask_size_9,bid_price_9,bid_size_9,ask_price_10,ask_size_10,bid_price_10,bid_size_10
2019-06-28 09:30:00.000000000,,,,,,,,,,,,,,,,,,,,,,,,,,,,,,,,,,,,,,,,
2019-06-28 09:30:00.000000001,100050,100,,,,,,,,,,,,,,,,,,,,,,,,,,,,,,,,,,,,,,
2019-06-28 09:30:00.000000002,100050,100,99902,100,,,,,,,,,,,,,,,,,,,,,,,,,,,,,,,,,,,,
2019-06-28 09:30:00.000000003,99929,100,99902,100,100050,100,,,,,,,,,,,,,,,,,,,,,,,,,,,,,,,,,,
2019-06-28 09:30:00.000000004,100050,100,99902,100,,,,,,,,,,,,,,,,,,,,,,,,,,,,,,,,,,,,
2019-06-28 09:30:00.000000005,100050,100,99929,100,,,99902,100,,,,,,,,,,,,,,,,,,,,,,,,,,,,,,,,
2019-06-28 09:30:00.000000006,100050,100,100043,100,,,99929,100,,,99902,100,,,,,,,,,,,,,,,,,,,,,,,,,,,,
2019-06-28 09:30:00.000000010,100050,100,100043,100,100061,100,99929,100,,,99902,100,,,,,,,,,,,,,,,,,,,,,,,,,,,,
2019-06-28 09:30:00.000000011,100050,100,100043,100,100061,100,99929,100,100085,100,99902,100,,,,,,,,,,,,,,,,,,,,,,,,,,,,
2019-06-28 09:30:00.000000012,100050,100,100043,100,100061,100,99929,100,100085,200,99902,100,,,,,,,,,,,,,,,,,,,,,,,,,,,,
2019-06-28 09:30:00.000000013,100050,100,100043,100,100061,100,99929,100,100085,200,99902,100,,,99789,100,,,,,,,,,,,,,,,,,,,,,,,,
2019-06-28 09:30:00.000000014,100049,100,100043,100,100050,100,99929,200,100061,100,99902,100,100085,300,99789,100,,,,,,,,,,,,,,,,,,,,,,,,
2019-06-28 09:30:00.000000018,100049,100,100043,100,100050,100,99929,400,100061,100,99902,100,100085,300,99789,100,,,,,,,,,,,,,,,,,,,,,,,,
2019-06-28 09:30:00.000000019,100049,100,100043,100,100050,100,100006,100,100061,100,99929,400,100085,300,99902,100,,,99789,100,,,,,,,,,,,,,,,,,,,,
2019-06-28 09:30:00.000000022,100049,100,100043,100,100050,100,100019,100,100061,100,100006,100,100067,100,99929,400,100085,300,99902,100,,,99789,100,,,,,,,,,,,,,,,,
2019-06-28 09:30:00.000000025,100049,100,100043,100,100050,100,100019,100,100061,100,100006,100,100067,100,99929,500,100085,300,99902,100,,,99789,100,,,,,,,,,,,,,,,,
2019-06-28 09:30:00.000000026,100049,100,100043,100,100050,100,100019,100,100061,100,100006,100,100067,100,99929,500,100085,400,99902,100,,,99789,100,,,,,,,,,,,,,,,,
2019-06-28 09:30:00.000000027,100049,100,100043,100,100050,100,100019,100,100061,100,100006,100,100067,100,99929,500,100076,100,99902,100,100085,400,99789,100,,,,,,,,,,,,,,,,
2019-06-28 09:30:00.000000028,100049,100,100043,100,100050,100,100019,100,100061,100,100006,100,100067,100,99992,100,100076,100,99929,500,100085,400,99902,100,,,99789,100,,,,,,,,,,,,
2019-06-28 09:30:00.000000034,100049,100,100043,100,100050,100,100019,100,100061,100,100006,100,100067,100,99992,100,100076,100,99929,500,100085,400,99902,100,,,99900,100,,,99830,100,,,99789,100,,,,
2019-06-28 09:30:00.000000035,100049,100,100043,100,100050,100,100019,100,100061,100,100006,100,100067,100,99992,100,100076,100,99929,500,100085,400,99902,100,100121,100,99900,100,,,99830,100,,,99789,100,,,,
2019-06-28 09:30:00.000000039,100049,100,100019,100,100050,100,100006,100,100061,100,99992,100,100067,100,99929,500,100076,100,99902,100,100085,400,99900,100,100121,100,99830,100,,,99789,100,,,,,,,,
2019-06-28 09:30:00.000000040,100049,100,100019,100,100050,100,100006,100,100061,100,99992,100,100067,100,99930,100,100076,100,99929,500,100085,400,99902,100,100121,100,99900,100,,,99830,100,,,99789,100,,,,
2019-06-28 09:30:00.000000041,100049,100,100006,100,100050,100,99992,100,100061,100,99930,100,100067,100,99929,500,100076,100,99902,100,100085,400,99900,100,100121,100,99830,100,,,99789,100,,,,,,,,
2019-06-28 09:30:00.000000044,100000,100,99992,100,100011,100,99930,100,100049,100,99929,500,100050,100,99902,100,100061,100,99900,100,100067,100,99830,100,100076,100,99789,100,100085,400,,,100121,100,,,,,,
2019-06-28 09:30:00.000000046,100000,100,99992,100,100011,100,99930,100,100019,100,99929,500,100049,100,99902,100,100050,100,99900,100,100061,100,99830,100,100067,100,99789,100,100076,100,,,100085,400,,,100121,100,,
2019-06-28 09:30:00.000000048,100000,100,99992,100,100011,100,99930,100,100019,100,99929,500,100046,100,99902,100,100049,100,99900,100,100050,100,99830,100,100061,100,99789,100,100067,100,,,100076,100,,,100085,400,,
2019-06-28 09:30:00.000000050,100000,100,99992,100,100011,100,99930,100,100019,100,99929,500,100020,100,99902,100,100046,100,99900,100,100049,100,99830,100,100050,100,99789,100,100061,100,,,100067,100,,,100076,100,,
2019-06-28 09:30:00.000000052,100000,100,99992,100,100011,100,99964,100,100019,100,99930,100,100020,100,99929,500,100046,100,99902,100,100049,100,99900,100,100050,100,99830,100,100061,100,99789,100,100067,100,,,100076,100,,
2019-06-28 09:30:00.000000053,100000,100,99992,100,100011,100,99964,100,100019,100,99930,100,100020,100,99929,500,100046,100,99902,100,100049,100,99900,100,100050,100,99830,100,100061,100,99789,100,100067,100,,,100076,100,,
2019-06-28 09:30:00.000000056,100000,100,99964,100,100011,100,99930,100,100019,100,99929,500,100020,100,99902,100,100046,100,99900,100,100049,100,99830,100,100050,100,99789,100,100061,100,,,100067,100,,,100076,100,,
2019-06-28 09:30:00.000000057,100011,100,99964,100,100019,100,99930,100,100020,100,99929,500,100046,100,99902,100,100049,100,99900,100,100050,100,99830,100,100061,100,99789,100,100067,100,,,100076,100,,,100085,400,,
2019-06-28 09:30:00.000000058,100011,100,99964,100,100019,100,99952,100,100020,100,99930,100,100046,100,99929,500,100049,100,99902,100,100050,100,99900,100,100061,100,99830,100,100067,100,99789,100,100076,100,,,100085,400,,
2019-06-28 09:30:00.000000059,100019,100,99964,100,100020,100,99952,100,100046,100,99930,100,100049,100,99929,500,100050,100,99902,100,100061,100,99900,100,100067,100,99830,100,100076,100,99789,100,100085,400,,,100097,100,,
2019-06-28 09:30:00.000000060,100019,100,99964,100,100020,100,99952,100,100046,100,99949,100,100049,100,99930,100,100050,100,99929,500,100061,100,99902,100,100067,100,99900,100,100076,100,99830,100,100085,400,99789,100,100097,100,,
2019-06-28 09:30:00.000000061,100019,100,99964,100,100020,100,99952,100,100046,100,99949,100,100049,100,99930,100,100050,200,99929,500,100061,100,99902,100,100067,100,99900,100,100076,100,99830,100,100085,400,99789,100,100097,100,,
2019-06-28 09:30:00.000000062,100019,100,99964,100,100020,100,99952,100,100046,100,99949,100,100049,100,99930,100,100050,200,99929,500,100061,100,99902,100,100067,100,99900,100,100076,100,99830,100,100085,400,99789,100,100097,100,,
2019-06-28 09:30:00.000000063,100015,100,99964,100,100019,100,99952,100,100020,100,99949,100,100046,100,99930,100,100049,100,99929,500,100050,200,99902,100,100061,100,99900,100,100067,100,99830,100,100076,100,99789,100,100085,400,,
2019-06-28 09:30:00.000000065,99998,100,99964,100,100015,100,99952,100,100019,100,99949,100,100020,100,99930,100,100046,100,99929,500,100049,100,99902,100,100050,200,99900,100,100061,100,99830,100,100067,100,99789,100,100076,100,,
2019-06-28 09:30:00.000000069,99998,100,99952,100,100015,100,99949,100,100019,100,99930,100,100020,100,99929,500,100046,100,99902,200,100049,100,99900,100,100050,200,99830,100,100061,100,99789,100,100067,100,,,100076,100,,
2019-06-28 09:30:00.000000070,99993,100,99952,100,99998,100,99949,100,100015,100,99930,100,100019,100,99929,500,100020,100,99902,200,100046,100,99900,100,100049,100,99888,100,100050,200,99830,100,100061,100,99789,100,100067,100,,
2019-06-28 09:30:00.000000071,99993,100,99952,100,99998,100,99949,100,100015,100,99930,100,100019,100,99929,500,100020,100,99902,200,100046,100,99900,100,100049,100,99888,100,100050,200,99830,100,100061,100,99789,100,100066,100,,
2019-06-28 09:30:00.000000072,99993,100,99952,100,99998,100,99949,100,100015,100,99930,100,100019,100,99929,500,100020,100,99902,200,100046,100,99900,100,100049,100,99888,100,100050,200,99830,100,100058,100,99789,100,100061,100,,
2019-06-28 09:30:00.000000074,99993,100,99980,100,99998,100,99952,100,100015,100,99949,100,100019,100,99930,100,100020,100,99929,500,100046,100,99902,200,100049,100,99900,100,100050,200,99888,100,100058,100,99830,100,100061,100,99789,100
2019-06-28 09:30:00.000000075,99993,100,99980,100,99998,100,99964,100,100010,100,99952,100,100015,100,99949,100,100019,100,99930,100,100020,100,99929,500,100046,100,99902,200,100049,100,99900,100,100050,200,99888,100,100058,100,99830,100
2019-06-28 09:30:00.000000078,99993,100,99980,100,99998,100,99964,200,100010,100,99952,100,100015,100,99949,200,100019,100,99930,100,100020,100,99929,500,100046,100,99902,200,100049,100,99900,100,100050,200,99888,100,100058,100,99830,100
2019-06-28 09:30:00.000000079,99993,100,99980,100,99998,100,99964,200,100010,100,99952,100,100015,100,99949,200,100019,100,99930,100,100020,100,99929,500,100046,100,99902,200,100049,100,99900,100,100050,200,99899,100,100058,100,99888,100
2019-06-28 09:30:00.000000084,99998,100,99980,100,100010,100,99964,200,100015,100,99952,100,100019,100,99949,200,100020,100,99930,100,100046,100,99929,500,100049,100,99902,200,100050,200,99900,100,100058,100,99899,100,100061,100,99888,100
2019-06-28 09:30:00.000000089,100010,100,99980,100,100015,100,99964,200,100019,100,99952,100,100020,100,99949,200,100046,100,99930,100,100049,100,99929,500,100050,200,99902,200,100058,100,99900,100,100061,100,99899,100,100066,100,99888,100
2019-06-28 09:30:00.000000090,99998,100,99980,100,100010,100,99964,200,100015,100,99952,100,100019,100,99949,200,100020,100,99930,100,100046,100,99929,500,100049,100,99902,200,100050,200,99900,100,100058,100,99899,100,100061,100,99888,100
2019-06-28 09:30:00.000000092,99998,100,99980,100,100009,100,99964,200,100010,100,99952,100,100015,100,99949,200,100019,100,99930,100,100020,100,99929,500,100046,100,99902,200,100049,100,99900,100,100050,200,99899,100,100058,100,99888,100
2019-06-28 09:30:00.000000095,99998,100,99980,100,100009,100,99964,200,100010,100,99952,100,100015,100,99949,200,100019,100,99930,100,100020,100,99929,500,100046,100,99902,200,100049,100,99900,100,100050,200,99899,100,100058,100,99888,100
2019-06-28 09:30:10.000000000,99998,225,99980,225,100009,221,99964,321,100010,221,99952,221,100015,100,99949,200,100019,100,99930,100,100020,100,99929,500,100046,100,99902,200,100049,100,99900,100,100050,200,99899,100,100058,100,99888,100
2019-06-28 09:30:14.009027485,99998,225,99980,225,100009,221,99964,321,100010,221,99952,221,100015,100,99949,200,100019,100,99930,100,100020,100,99929,400,100046,100,99902,200,100049,100,99900,100,100050,200,99899,100,100058,100,99888,100
2019-06-28 09:30:20.000000000,99998,225,99980,225,100009,221,99964,321,100010,221,99952,221,100015,100,99949,200,100019,100,99930,100,100020,100,99929,400,100046,100,99902,200,100049,100,99900,100,100050,200,99899,100,100058,100,99888,100
2019-06-28 09:30:20.263571684,99998,225,99980,225,100009,221,99964,321,100010,221,99952,221,100015,100,99949,200,100019,100,99930,100,100020,100,99929,400,100046,100,99902,200,100049,100,99900,100,100050,200,99899,100,100058,100,99888,100
2019-06-28 09:30:29.811457639,99998,225,99980,225,100009,221,99964,321,100010,221,99952,221,100015,100,99949,100,100019,100,99930,100,100020,100,99929,400,100039,100,99902,200,100046,100,99900,100,100049,100,99899,100,100050,200,99888,100
2019-06-28 09:30:30.000000000,99998,284,99980,284,100009,284,99964,384,100010,100,99952,100,100015,100,99949,100,100019,100,99930,100,100020,100,99929,400,100039,100,99902,200,100046,100,99900,100,100049,100,99899,100,100050,200,99888,100
2019-06-28 09:30:33.482122421,99998,284,99980,284,100009,284,99964,384,100010,100,99952,100,100015,100,99949,100,100019,100,99930,100,100020,100,99929,400,100039,100,99902,200,100046,100,99900,100,100049,100,99899,100,100050,200,99888,100
2019-06-28 09:30:40.000000000,99998,173,99980,173,100009,173,99964,273,100010,173,99952,173,100015,173,99949,173,100019,173,99930,173,100020,100,99929,400,100039,100,99902,200,100046,100,99900,100,100049,100,99899,100,100050,200,99888,100
2019-06-28 09:30:40.662313553,99998,173,99980,173,100009,173,99964,273,100010,173,99952,173,100015,173,99949,173,100019,173,99930,173,100020,100,99929,400,100039,100,99902,200,100046,100,99900,100,100049,100,99899,100,100050,200,99888,100
2019-06-28 09:30:50.000000000,99998,225,99980,225,100009,221,99964,321,100010,221,99952,221,100015,100,99949,100,100019,100,99930,100,100020,100,99929,400,100039,100,99902,200,100046,100,99900,100,100049,100,99899,100,100050,200,99888,100
2019-06-28 09:31:00.000000000,99998,467,99980,467,100009,100,99964,200,100010,100,99952,100,100015,100,99949,100,100019,100,99930,100,100020,100,99929,400,100039,100,99902,200,100046,100,99900,100,100049,100,99899,100,100050,200,99888,100
2019-06-28 09:31:10.000000000,99998,192,99980,192,100009,192,99964,292,100010,192,99952,192,100015,192,99949,192,100019,100,99930,100,100020,100,99929,400,100039,100,99902,200,100046,100,99900,100,100049,100,99899,100,100050,200,99888,100
2019-06-28 09:31:11.396555397,99998,192,99980,192,100009,192,99964,292,100010,192,99952,192,100015,192,99949,192,100019,100,99930,100,100020,100,99929,400,100039,100,99902,200,100046,100,99900,100,100049,100,99899,100,100050,200,99888,100
2019-06-28 09:31:12.389313884,99980,8,99964,292,99998,192,99952,192,100009,192,99949,192,100010,192,99930,100,100015,192,99929,400,100019,100,99902,200,100020,100,99900,100,100039,100,99899,100,100046,100,99888,100,100049,100,99863,100
2019-06-28 09:31:20.000000000,99980,100,99964,292,99998,192,99952,192,100009,192,99949,192,100010,192,99930,192,100015,100,99929,400,100019,100,99902,200,100020,100,99900,100,100039,100,99899,100,100046,100,99888,100,100049,100,99863,100
2019-06-28 09:31:22.801189625,99980,100,99964,292,99998,192,99952,192,100009,192,99949,192,100010,92,99930,192,100015,100,99929,400,100019,100,99902,200,100020,100,99900,100,100039,100,99899,100,100046,100,99888,100,100049,100,99863,100
2019-06-28 09:31:30.000000000,99980,100,99964,292,99998,192,99952,192,100009,192,99949,192,100015,192,99930,192,100019,100,99929,400,100020,100,99902,200,100039,100,99900,100,100046,100,99899,100,100049,100,99888,100,100050,200,99863,100
2019-06-28 09:31:33.807894596,99980,100,99964,192,99998,192,99952,192,100009,192,99949,192,100015,192,99930,192,100019,100,99929,400,100020,100,99902,200,100039,100,99899,100,100046,100,99888,100,100049,100,99863,100,100050,200,99857,100
2019-06-28 09:31:40.000000000,99980,192,99964,284,99998,284,99952,284,100009,100,99949,100,100015,100,99930,100,100019,100,99929,400,100020,100,99902,200,100039,100,99899,100,100046,100,99888,100,100049,100,99863,100,100050,200,99857,100
2019-06-28 09:31:50.000000000,99980,375,99964,467,99998,100,99952,100,100009,100,99949,100,100015,100,99930,100,100019,100,99929,400,100020,100,99902,200,100039,100,99899,100,100046,100,99888,100,100049,100,99863,100,100050,200,99857,100
2019-06-28 09:32:00.000000000,99980,133,99964,225,99998,221,99952,221,100009,221,99949,221,100015,100,99930,100,100019,100,99929,400,100020,100,99902,200,100039,100,99899,100,100046,100,99888,100,100049,100,99863,100,100050,200,99857,100
2019-06-28 09:32:10.000000000,99980,81,99964,173,99998,173,99952,173,100009,173,99949,173,100015,173,99930,173,100019,173,99929,473,100020,100,99902,200,100039,100,99899,100,100046,100,99888,100,100049,100,99863,100,100050,200,99857,100
2019-06-28 09:32:19.117945382,99980,81,99964,73,99998,173,99952,173,100009,173,99949,173,100015,173,99930,173,100019,173,99929,473,100039,100,99902,200,100046,100,99899,100,100049,100,99888,100,100050,200,99863,100,100058,100,99857,100
2019-06-28 09:32:20.000000000,99980,100,99952,192,99998,192,99949,192,100009,192,99930,192,100015,192,99929,492,100019,100,99902,200,100039,100,99899,100,100046,100,99888,100,100049,100,99863,100,100050,200,99857,100,100058,100,99830,100
2019-06-28 09:32:24.075961088,99980,100,99952,192,99998,192,99949,192,100009,192,99930,192,100015,192,99929,492,100019,100,99902,200,100039,100,99899,100,100046,100,99888,100,100049,100,99863,100,100050,200,99857,100,100058,100,99830,100
2019-06-28 09:32:30.000000000,99980,192,99952,284,99998,284,99949,284,100009,100,99930,100,100015,100,99929,400,100019,100,99902,200,100039,100,99899,100,100046,100,99888,100,100049,100,99863,100,100050,200,99857,100,100058,100,99830,100
2019-06-28 09:32:30.623685859,99980,192,99952,284,99998,284,99949,284,100009,100,99930,100,100015,100,99929,300,100019,100,99902,200,100039,100,99899,100,100046,100,99888,100,100049,100,99863,100,100050,200,99857,100,100058,100,99830,100
2019-06-28 09:32:40.000000000,99980,100,99952,192,99998,192,99949,192,100009,192,99930,192,100015,192,99929,392,100019,100,99902,200,100039,100,99899,100,100046,100,99888,100,100049,100,99863,100,100050,200,99857,100,100058,100,99830,100
2019-06-28 09:32:50.000000000,99980,100,99952,192,99998,192,99949,192,100009,192,99930,192,100015,192,99929,392,100019,100,99902,200,100039,100,99899,100,100046,100,99888,100,100049,100,99863,100,100050,200,99857,100,100058,100,99830,100
2019-06-28 09:32:50.847216336,99964,100,99952,192,99980,100,99949,192,99998,192,99930,192,100009,192,99929,392,100015,192,99902,200,100019,100,99899,100,100039,100,99888,100,100046,100,99863,100,100049,100,99857,100,100050,200,99830,100
2019-06-28 09:32:58.009182214,99964,100,99952,192,99980,100,99949,92,99998,192,99930,192,100009,192,99929,392,100015,192,99902,200,100019,100,99899,100,100039,100,99888,100,100046,100,99863,100,100049,100,99857,100,100050,200,99830,100
2019-06-28 09:32:58.639524899,99964,100,99952,192,99980,100,99949,92,99998,192,99930,192,100009,192,99929,392,100015,192,99902,200,100039,100,99899,100,100046,100,99888,100,100049,100,99863,100,100050,200,99857,100,100058,100,99830,100
2019-06-28 09:33:00.000000000,99964,192,99952,192,99980,100,99930,192,99998,192,99929,392,100009,192,99902,292,100015,100,99899,100,100039,100,99888,100,100046,100,99863,100,100049,100,99857,100,100050,200,99830,100,100058,100,99789,100
2019-06-28 09:33:09.788348064,99964,192,99952,92,99980,100,99930,192,99998,192,99929,392,100009,192,99902,292,100015,100,99899,100,100039,100,99888,100,100046,100,99863,100,100049,100,99857,100,100050,200,99830,100,100058,100,99789,100
2019-06-28 09:33:10.000000000,99964,284,99930,284,99980,192,99929,484,99998,100,99902,200,100009,100,99899,100,100015,100,99888,100,100039,100,99863,100,100046,100,99857,100,100049,100,99830,100,100050,200,99789,100,100058,100,99768,100
2019-06-28 09:33:20.000000000,99964,284,99930,284,99980,192,99929,484,99998,100,99902,200,100009,100,99899,100,100015,100,99888,100,100039,100,99863,100,100046,100,99857,100,100049,100,99830,100,100050,200,99789,100,100058,100,99768,100
2019-06-28 09:33:25.241797594,99964,284,99930,284,99980,192,99929,484,99998,100,99902,200,100009,100,99899,100,100015,100,99888,100,100039,100,99863,100,100046,100,99857,100,100049,100,99830,100,100050,200,99789,100,100058,100,99768,100
2019-06-28 09:33:30.000000000,99964,173,99930,173,99980,81,99929,373,99998,173,99902,273,100009,173,99899,173,100015,173,99888,173,100039,100,99863,100,100046,100,99857,100,100049,100,99830,100,100050,200,99789,100,100058,100,99768,100
2019-06-28 09:33:30.821223346,99963,100,99930,173,99964,173,99929,373,99980,81,99902,273,99998,73,99899,173,100009,173,99888,173,100015,173,99863,100,100039,100,99857,100,100046,100,99830,100,100049,100,99789,100,100050,200,99768,100
2019-06-28 09:33:36.139568847,99963,200,99930,173,99964,173,99929,373,99980,81,99902,273,99998,73,99899,173,100009,173,99888,173,100015,173,99863,100,100039,100,99857,100,100046,100,99830,100,100049,100,99789,100,100050,200,99768,100
2019-06-28 09:33:40.000000000,99963,384,99930,284,99964,284,99929,484,99980,8,99902,200,100009,100,99899,100,100015,100,99888,100,100039,100,99863,100,100046,100,99857,100,100049,100,99830,100,100050,200,99789,100,100058,100,99768,100
2019-06-28 09:33:42.129650824,99963,384,99930,184,99964,284,99929,484,99980,8,99902,200,100009,100,99899,100,100015,100,99888,100,100046,100,99863,100,100049,100,99857,100,100050,200,99830,100,100058,100,99789,100,100066,100,99768,100
2019-06-28 09:33:50.000000000,99963,273,99929,373,99964,173,99902,273,99980,81,99899,173,100009,173,99888,173,100015,173,99863,173,100046,100,99857,100,100049,100,99830,100,100050,200,99789,100,100058,100,99768,100,100066,100,99333,100
2019-06-28 09:33:50.114990366,99963,273,99929,373,99964,173,99902,273,99980,81,99899,173,100009,173,99888,173,100015,173,99863,173,100046,100,99857,100,100049,100,99830,100,100050,200,99789,100,100058,100,99768,100,100066,100,99407,100
2019-06-28 09:33:58.165880414,99963,273,99929,373,99964,173,99902,273,99980,81,99899,173,100009,173,99888,173,100015,173,99863,173,100046,100,99857,100,100049,100,99830,100,100050,200,99789,100,100058,100,99768,100,100066,100,99407,100
2019-06-28 09:34:00.000000000,99963,292,99929,392,99964,192,99902,292,99980,100,99899,192,100009,192,99888,192,100015,100,99863,100,100046,100,99857,100,100049,100,99830,100,100050,200,99789,100,100058,100,99768,100,100066,100,99407,100
2019-06-28 09:34:10.000000000,99963,384,99929,484,99964,284,99902,384,99980,8,99899,100,100009,100,99888,100,100015,100,99863,100,100046,100,99857,100,100049,100,99830,100,100050,200,99789,100,100058,100,99768,100,100066,100,99407,100
2019-06-28 09:34:20.000000000,99963,325,99929,425,99964,221,99902,321,99980,129,99899,221,100009,100,99888,100,100015,100,99863,100,100046,100,99857,100,100049,100,99830,100,100050,200,99789,100,100058,100,99768,100,100066,100,99407,100
2019-06-28 09:34:21.082598971,99963,325,99929,325,99964,221,99902,321,99980,129,99899,221,100009,100,99888,100,100015,100,99863,100,100046,100,99857,100,100049,100,99830,100,100050,200,99789,100,100058,100,99768,100,100066,100,99407,100
2019-06-28 09:34:29.072579144,99963,325,99929,225,99964,221,99902,321,99980,129,99899,221,100009,100,99888,100,100015,100,99863,100,100046,100,99857,100,100049,100,99830,100,100050,200,99789,100,100058,100,99768,100,100066,100,99407,100
2019-06-28 09:34:30.000000000,99963,384,99929,284,99964,284,99902,384,99980,8,99899,100,100009,100,99888,100,100015,100,99863,100,100046,100,99857,100,100049,100,99830,100,100050,200,99789,100,100058,100,99768,100,100066,100,99407,100
2019-06-28 09:34:40.000000000,99963,384,99929,284,99964,284,99902,384,99980,8,99899,100,100009,100,99888,100,100015,100,99863,100,100046,100,99857,100,100049,100,99830,100,100050,200,99789,100,100058,100,99768,100,100066,100,99407,100
2019-06-28 09:34:50.000000000,99963,384,99929,284,99964,284,99902,384,99980,8,99899,100,100009,100,99888,100,100015,100,99863,100,100046,100,99857,100,100049,100,99830,100,100050,200,99789,100,100058,100,99768,100,100066,100,99407,100
2019-06-28 09:35:00.000000000,99963,292,99929,192,99964,192,99902,292,99980,100,99899,192,100009,192,99888,192,100015,100,99863,100,100046,100,99857,100,100049,100,99830,100,100050,200,99789,100,100058,100,99768,100,100066,100,99407,100
2019-06-28 09:35:00.501377858,99963,292,99929,92,99964,192,99902,292,99980,100,99899,92,100009,192,99888,192,100015,100,99863,100,100046,100,99857,100,100049,100,99830,100,100050,200,99789,100,100058,100,99768,100,100066,100,99407,100
2019-06-28 09:35:09.484255021,99929,8,99902,292,99963,292,99899,92,99964,192,99888,192,99980,100,99863,100,100009,192,99857,100,100015,100,99830,100,100046,100,99789,100,100049,100,99768,100,100050,200,99407,100,100058,100,99333,100
2019-06-28 09:35:10.000000000,99929,100,99902,292,99963,292,99888,192,99964,192,99863,192,99980,100,99857,192,100009,100,99830,100,100015,100,99789,100,100046,100,99768,100,100049,100,99407,100,100050,200,99333,100,100058,100,99292,100
2019-06-28 09:35:20.000000000,99929,100,99902,292,99963,292,99888,192,99964,192,99863,192,99980,100,99857,192,100009,100,99830,100,100015,100,99789,100,100046,100,99768,100,100049,100,99407,100,100050,200,99333,100,100058,100,99292,100
2019-06-28 09:35:27.950557781,99929,100,99902,192,99963,292,99888,192,99964,192,99863,192,99980,100,99857,192,100009,100,99830,100,100015,100,99789,100,100046,100,99768,100,100049,100,99407,100,100050,200,99333,100,100058,100,99292,100
2019-06-28 09:35:30.000000000,99929,375,99902,467,99963,200,99888,100,99964,100,99863,100,99980,8,99857,100,100009,100,99830,100,100015,100,99789,100,100046,100,99768,100,100049,100,99407,100,100050,200,99333,100,100058,100,99292,100
2019-06-28 09:35:38.839599520,99928,100,99902,467,99929,375,99888,100,99963,200,99863,100,99964,100,99857,100,99980,8,99830,100,100009,100,99789,100,100015,100,99768,100,100046,100,99407,100,100049,100,99333,100,100050,200,99292,100
2019-06-28 09:35:40.000000000,99928,225,99902,225,99929,129,99888,221,99963,321,99863,221,99964,100,99857,100,99980,8,99830,100,100009,100,99789,100,100015,100,99768,100,100046,100,99407,100,100049,100,99333,100,100050,200,99292,100
2019-06-28 09:35:44.504903891,99928,325,99902,225,99929,129,99888,221,99963,321,99863,221,99964,100,99857,100,99980,8,99830,100,100009,100,99789,100,100015,100,99768,100,100046,100,99407,100,100049,100,99333,100,100050,200,99292,100
2019-06-28 09:35:50.000000000,99928,325,99902,225,99929,129,99888,221,99963,321,99863,221,99964,100,99857,100,99980,8,99830,100,100009,100,99789,100,100015,100,99768,100,100046,100,99407,100,100049,100,99333,100,100050,200,99292,100
2019-06-28 09:36:00.000000000,99928,567,99902,467,99929,8,99888,100,99963,200,99863,100,99964,100,99857,100,99980,8,99830,100,100009,100,99789,100,100015,100,99768,100,100046,100,99407,100,100049,100,99333,100,100050,200,99292,100
2019-06-28 09:36:10.000000000,99928,273,99902,173,99929,81,99888,173,99963,273,99863,173,99964,173,99857,173,99980,81,99830,173,100009,100,99789,100,100015,100,99768,100,100046,100,99407,100,100049,100,99333,100,100050,200,99292,100
2019-06-28 09:36:20.000000000,99928,384,99902,284,99929,192,99888,284,99963,200,99863,100,99964,100,99857,100,99980,8,99830,100,100009,100,99789,100,100015,100,99768,100,100046,100,99407,100,100049,100,99333,100,100050,200,99292,100
2019-06-28 09:36:30.000000000,99928,384,99902,284,99929,192,99888,284,99963,200,99863,100,99964,100,99857,100,99980,8,99830,100,100009,100,99789,100,100015,100,99768,100,100046,100,99407,100,100049,100,99333,100,100050,200,99292,100
2019-06-28 09:36:40.000000000,99928,384,99902,284,99929,192,99888,284,99963,200,99863,100,99964,100,99857,100,99980,8,99830,100,100009,100,99789,100,100015,100,99768,100,100046,100,99407,100,100049,100,99333,100,100050,200,99292,100
2019-06-28 09:36:41.206180033,99928,384,99903,100,99929,192,99902,284,99963,200,99888,284,99964,100,99863,100,99980,8,99857,100,100009,100,99830,100,100015,100,99789,100,100046,100,99768,100,100049,100,99407,100,100050,200,99333,100
2019-06-28 09:36:50.000000000,99928,325,99903,225,99929,129,99902,221,99963,321,99888,221,99964,100,99863,100,99980,8,99857,100,100009,100,99830,100,100015,100,99789,100,100046,100,99768,100,100049,100,99407,100,100050,200,99333,100
2019-06-28 09:37:00.000000000,99928,273,99903,173,99929,81,99902,173,99963,273,99888,173,99964,173,99863,173,99980,81,99857,173,100009,100,99830,100,100015,100,99789,100,100046,100,99768,100,100049,100,99407,100,100050,200,99333,100
2019-06-28 09:37:10.000000000,99928,273,99903,173,99929,81,99902,173,99963,273,99888,173,99964,173,99863,173,99980,81,99857,173,100009,100,99830,100,100015,100,99789,100,100046,100,99768,100,100049,100,99407,100,100050,200,99333,100
2019-06-28 09:37:16.380395143,99928,273,99903,173,99929,73,99902,173,99963,273,99888,173,99964,173,99863,173,99980,81,99857,173,100009,100,99830,100,100015,100,99789,100,100046,100,99768,100,100049,100,99738,100,100050,200,99407,100
2019-06-28 09:37:20.000000000,99928,325,99903,225,99963,321,99902,221,99964,221,99888,221,99980,8,99863,100,100009,100,99857,100,100015,100,99830,100,100046,100,99789,100,100049,100,99768,100,100050,200,99738,100,100058,100,99407,100
2019-06-28 09:37:30.000000000,99928,273,99903,173,99963,273,99902,173,99964,173,99888,173,99980,81,99863,173,100009,173,99857,173,100015,100,99830,100,100046,100,99789,100,100049,100,99768,100,100050,200,99738,100,100058,100,99407,100
2019-06-28 09:37:40.000000000,99928,384,99903,284,99963,384,99902,284,99964,100,99888,100,99980,8,99863,100,100009,100,99857,100,100015,100,99830,100,100046,100,99789,100,100049,100,99768,100,100050,200,99738,100,100058,100,99407,100
2019-06-28 09:37:43.795883274,99928,384,99903,284,99963,384,99902,284,99964,100,99888,100,99980,8,99863,100,100009,100,99857,100,100015,100,99830,100,100046,100,99789,100,100049,100,99768,100,100050,200,99738,100,100058,100,99407,100
2019-06-28 09:37:49.773573289,99928,384,99903,284,99963,384,99902,284,99964,100,99888,100,99980,8,99863,100,100009,100,99857,100,100015,100,99830,100,100046,100,99789,100,100049,100,99768,100,100050,200,99738,100,100058,100,99407,100
2019-06-28 09:37:50.000000000,99928,325,99903,225,99963,321,99902,221,99964,221,99888,221,99980,8,99863,100,100009,100,99857,100,100015,100,99830,100,100046,100,99789,100,100049,100,99768,100,100050,200,99738,100,100058,100,99407,100
2019-06-28 09:37:50.663016625,99928,325,99903,225,99955,100,99902,221,99963,321,99888,221,99964,221,99863,100,99980,8,99857,100,100015,100,99830,100,100046,100,99789,100,100049,100,99768,100,100050,200,99738,100,100058,100,99407,100
2019-06-28 09:37:52.547251063,99928,325,99903,225,99955,100,99902,221,99963,321,99888,221,99964,221,99874,100,99980,8,99863,100,100015,100,99857,100,100046,100,99830,100,100049,100,99789,100,100050,100,99768,100,100058,100,99738,100
2019-06-28 09:38:00.000000000,99928,325,99903,225,99955,221,99902,221,99963,321,99888,221,99964,100,99874,100,99980,8,99863,100,100015,100,99857,100,100046,100,99830,100,100049,100,99789,100,100050,100,99768,100,100058,100,99738,100
2019-06-28 09:38:08.624638951,99928,325,99903,325,99955,221,99902,221,99963,321,99888,221,99964,100,99874,100,99980,8,99863,100,100015,100,99857,100,100046,100,99830,100,100049,100,99789,100,100050,100,99768,100,100058,100,99738,100
2019-06-28 09:38:10.000000000,99928,567,99903,567,99955,100,99902,100,99963,200,99888,100,99964,100,99874,100,99980,8,99863,100,100015,100,99857,100,100046,100,99830,100,100049,100,99789,100,100050,100,99768,100,100058,100,99738,100
2019-06-28 09:38:14.802300487,99928,567,99903,567,99955,100,99902,100,99963,200,99888,100,99964,100,99874,100,99980,8,99863,100,100015,100,99857,100,100046,100,99830,100,100049,100,99789,100,100050,100,99768,100,100058,100,99738,100
2019-06-28 09:38:20.000000000,99928,567,99903,567,99955,100,99902,100,99963,200,99888,100,99964,100,99874,100,99980,8,99863,100,100015,100,99857,100,100046,100,99830,100,100049,100,99789,100,100050,100,99768,100,100058,100,99738,100
2019-06-28 09:38:30.000000000,99928,567,99903,567,99955,100,99902,100,99963,200,99888,100,99964,100,99874,100,99980,8,99863,100,100015,100,99857,100,100046,100,99830,100,100049,100,99789,100,100050,100,99768,100,100058,100,99738,100
2019-06-28 09:38:40.000000000,99928,325,99903,325,99955,221,99902,221,99963,321,99888,221,99964,100,99874,100,99980,8,99863,100,100015,100,99857,100,100046,100,99830,100,100049,100,99789,100,100050,100,99768,100,100058,100,99738,100
2019-06-28 09:38:42.181202846,99928,425,99903,325,99955,221,99902,221,99963,221,99888,221,99964,100,99874,100,99980,8,99863,100,100015,100,99857,100,100046,100,99830,100,100049,100,99789,100,100050,100,99768,100,100058,100,99738,100
2019-06-28 09:38:50.000000000,99928,484,99903,384,99955,284,99902,284,99963,100,99888,100,99964,100,99874,100,99980,8,99863,100,100015,100,99857,100,100046,100,99830,100,100049,100,99789,100,100050,100,99768,100,100058,100,99738,100
2019-06-28 09:38:51.971900345,99928,484,99903,484,99955,284,99902,284,99963,100,99888,100,99964,100,99874,100,99980,8,99863,100,100015,100,99857,100,100046,100,99830,100,100049,100,99789,100,100050,100,99768,100,100058,100,99738,100
2019-06-28 09:39:00.000000000,99928,484,99903,484,99955,284,99902,284,99963,100,99888,100,99964,100,99874,100,99980,8,99863,100,100015,100,99857,100,100046,100,99830,100,100049,100,99789,100,100050,100,99768,100,100058,100,99738,100
2019-06-28 09:39:10.000000000,99928,484,99903,484,99955,284,99902,284,99963,100,99888,100,99964,100,99874,100,99980,8,99863,100,100015,100,99857,100,100046,100,99830,100,100049,100,99789,100,100050,100,99768,100,100058,100,99738,100
2019-06-28 09:39:20.000000000,99928,425,99903,425,99955,221,99902,221,99963,221,99888,221,99964,100,99874,100,99980,8,99863,100,100015,100,99857,100,100046,100,99830,100,100049,100,99789,100,100050,100,99768,100,100058,100,99738,100
2019-06-28 09:39:22.792119604,99928,425,99903,425,99955,221,99902,221,99963,221,99888,221,99964,100,99874,100,99980,8,99863,100,100015,100,99857,100,100046,100,99830,100,100049,100,99789,100,100050,100,99768,100,100058,100,99738,100
2019-06-28 09:39:25.264001116,99928,425,99903,425,99955,221,99902,221,99963,221,99888,221,99964,100,99874,100,99980,8,99863,100,100015,100,99857,100,100046,100,99830,100,100049,100,99789,100,100050,100,99768,100,100058,100,99738,100
2019-06-28 09:39:30.000000000,99928,373,99903,373,99955,173,99902,173,99963,173,99888,173,99964,173,99874,173,99980,81,99863,173,100015,100,99857,100,100046,100,99830,100,100049,100,99789,100,100050,100,99768,100,100058,100,99738,100
2019-06-28 09:39:33.862008921,99928,373,99903,473,99955,173,99902,173,99963,173,99888,173,99964,173,99874,173,99980,81,99863,173,100015,100,99857,100,100046,100,99830,100,100049,100,99789,100,100050,100,99768,100,100058,100,99738,100
2019-06-28 09:39:40.000000000,99928,667,99903,767,99955,100,99902,100,99963,100,99888,100,99964,100,99874,100,99980,8,99863,100,100015,100,99857,100,100046,100,99830,100,100049,100,99789,100,100050,100,99768,100,100058,100,99738,100
2019-06-28 09:39:42.556760997,99928,667,99903,867,99955,100,99902,100,99963,100,99888,100,99964,100,99874,100,99980,8,99863,100,100015,100,99857,100,100046,100,99830,100,100049,100,99789,100,100050,100,99768,100,100058,100,99738,100
2019-06-28 09:39:50.000000000,99928,425,99903,625,99955,221,99902,221,99963,221,99888,221,99964,100,99874,100,99980,8,99863,100,100015,100,99857,100,100046,100,99830,100,100049,100,99789,100,100050,100,99768,100,100058,100,99738,100
2019-06-28 09:39:53.752791134,99928,425,99903,625,99955,221,99902,221,99963,221,99888,221,99964,100,99874,100,99980,8,99863,100,100015,100,99857,100,100046,100,99830,100,100050,100,99789,100,100058,100,99768,100,100066,100,99738,100
2019-06-28 09:39:57.857002566,99928,425,99923,100,99955,221,99903,625,99963,221,99902,221,99964,100,99888,221,99980,8,99874,100,100015,100,99863,100,100046,100,99857,100,100050,100,99830,100,100058,100,99789,100,100066,100,99768,100
2019-06-28 09:39:57.947623621,99928,325,99903,625,99955,221,99902,221,99963,221,99888,221,99964,100,99874,100,99980,8,99863,100,100015,100,99857,100,100046,100,99830,100,100050,100,99789,100,100058,100,99768,100,100066,100,99738,100
2019-06-28 09:40:00.000000000,99928,384,99903,684,99955,284,99902,284,99963,100,99888,100,99964,100,99874,100,99980,8,99863,100,100015,100,99857,100,100046,100,99830,100,100050,100,99789,100,100058,100,99768,100,100066,100,99738,100
2019-06-28 09:40:10.000000000,99928,325,99903,625,99955,221,99902,221,99963,221,99888,221,99964,100,99874,100,99980,8,99863,100,100015,100,99857,100,100046,100,99830,100,100050,100,99789,100,100058,100,99768,100,100066,100,99738,100
2019-06-28 09:40:20.000000000,99928,384,99903,684,99955,284,99902,284,99963,100,99888,100,99964,100,99874,100,99980,8,99863,100,100015,100,99857,100,100046,100,99830,100,100050,100,99789,100,100058,100,99768,100,100066,100,99738,100
2019-06-28 09:40:30.000000000,99928,273,99903,573,99955,173,99902,173,99963,173,99888,173,99964,173,99874,173,99980,81,99863,173,100015,100,99857,100,100046,100,99830,100,100050,100,99789,100,100058,100,99768,100,100066,100,99738,100
2019-06-28 09:40:40.000000000,99928,273,99903,573,99955,173,99902,173,99963,173,99888,173,99964,173,99874,173,99980,81,99863,173,100015,100,99857,100,100046,100,99830,100,100050,100,99789,100,100058,100,99768,100,100066,100,99738,100
2019-06-28 09:40:46.706206033,99928,173,99903,573,99955,173,99902,173,99963,173,99888,173,99964,173,99874,173,99980,81,99863,173,100015,100,99857,100,100046,100,99830,100,100050,100,99789,100,100058,100,99768,100,100066,100,99738,100
2019-06-28 09:40:50.000000000,99928,173,99903,573,99955,173,99902,173,99963,173,99888,173,99964,173,99874,173,99980,81,99863,173,100015,100,99857,100,100046,100,99830,100,100050,100,99789,100,100058,100,99768,100,100066,100,99738,100
2019-06-28 09:41:00.000000000,99928,192,99903,592,99955,192,99902,192,99963,192,99888,192,99964,192,99874,192,99980,8,99863,100,100015,100,99857,100,100046,100,99830,100,100050,100,99789,100,100058,100,99768,100,100066,100,99738,100
2019-06-28 09:41:10.000000000,99928,225,99903,625,99955,221,99902,221,99963,221,99888,221,99964,100,99874,100,99980,8,99863,100,100015,100,99857,100,100046,100,99830,100,100050,100,99789,100,100058,100,99768,100,100066,100,99738,100
2019-06-28 09:41:14.397912444,99928,225,99903,625,99955,221,99902,221,99963,221,99888,221,99964,100,99874,100,99980,8,99863,100,100015,100,99857,100,100046,100,99830,100,100050,100,99789,100,100058,100,99768,100,100066,100,99738,100
2019-06-28 09:41:20.000000000,99928,467,99903,867,99955,100,99902,100,99963,100,99888,100,99964,100,99874,100,99980,8,99863,100,100015,100,99857,100,100046,100,99830,100,100050,100,99789,100,100058,100,99768,100,100066,100,99738,100
2019-06-28 09:41:20.168248300,99928,467,99903,867,99955,100,99902,100,99963,100,99888,100,99964,100,99874,100,99980,8,99863,100,100015,100,99857,100,100046,100,99830,100,100050,100,99789,100,100058,100,99738,100,100066,100,99589,100
2019-06-28 09:41:30.000000000,99928,467,99903,867,99955,100,99902,100,99963,100,99888,100,99964,100,99874,100,99980,8,99863,100,100015,100,99857,100,100046,100,99830,100,100050,100,99789,100,100058,100,99738,100,100066,100,99589,100
2019-06-28 09:41:39.928034375,99928,467,99903,867,99955,100,99902,100,99963,100,99888,100,99964,100,99874,100,99980,8,99863,100,100015,100,99857,100,100046,100,99830,100,100050,100,99789,100,100058,100,99738,100,100067,100,99589,100
2019-06-28 09:41:40.000000000,99928,284,99903,684,99955,284,99902,284,99963,100,99888,100,99964,100,99874,100,99980,8,99863,100,100015,100,99857,100,100046,100,99830,100,100050,100,99789,100,100058,100,99738,100,100067,100,99589,100
2019-06-28 09:41:48.618243902,99928,284,99903,684,99955,284,99902,284,99963,100,99888,100,99964,100,99874,100,99980,8,99863,100,100015,100,99857,100,100028,100,99830,100,100046,100,99789,100,100050,100,99738,100,100058,100,99589,100
2019-06-28 09:41:50.000000000,99928,192,99903,592,99955,192,99902,192,99963,192,99888,192,99964,192,99874,192,99980,8,99863,100,100015,100,99857,100,100028,100,99830,100,100046,100,99789,100,100050,100,99738,100,100058,100,99589,100
2019-06-28 09:41:51.432169455,99928,92,99903,592,99955,192,99902,192,99963,192,99888,192,99964,192,99874,192,99980,8,99863,100,100015,100,99857,100,100028,100,99830,100,100046,100,99789,100,100050,100,99738,100,100058,100,99589,100
2019-06-28 09:42:00.000000000,99955,467,99903,867,99963,100,99902,100,99964,100,99888,100,99980,8,99874,100,100015,100,99863,100,100028,100,99857,100,100046,100,99830,100,100050,100,99789,100,100058,100,99738,100,100067,100,99589,100
2019-06-28 09:42:04.052075080,99955,367,99903,867,99963,100,99902,100,99964,100,99888,100,99980,8,99874,100,100015,100,99863,100,100028,100,99857,100,100046,100,99830,100,100050,100,99789,100,100058,100,99738,100,100067,100,99589,100
2019-06-28 09:42:10.000000000,99963,284,99903,684,99964,284,99902,284,99980,8,99888,100,100015,100,99874,100,100028,100,99863,100,100046,100,99857,100,100050,100,99830,100,100058,100,99789,100,100067,100,99738,100,100077,100,99589,100
2019-06-28 09:42:14.946414343,99963,284,99903,684,99964,284,99902,284,99980,8,99888,100,100015,100,99874,100,100028,100,99863,100,100046,100,99857,100,100050,100,99830,100,100058,100,99789,100,100067,100,99738,100,100077,100,99589,100
2019-06-28 09:42:20.000000000,99963,467,99903,867,99964,100,99902,100,99980,8,99888,100,100015,100,99874,100,100028,100,99863,100,100046,100,99857,100,100050,100,99830,100,100058,100,99789,100,100067,100,99738,100,100077,100,99589,100
2019-06-28 09:42:30.000000000,99963,173,99903,573,99964,173,99902,173,99980,81,99888,173,100015,173,99874,173,100028,173,99863,173,100046,100,99857,100,100050,100,99830,100,100058,100,99789,100,100067,100,99738,100,100077,100,99589,100
2019-06-28 09:42:30.596275719,99963,73,99903,573,99964,173,99902,173,99980,81,99888,173,100015,173,99874,173,100028,173,99863,173,100046,100,99857,100,100050,100,99830,100,100058,100,99789,100,100067,100,99738,100,100077,100,99589,100
2019-06-28 09:42:40.000000000,99964,192,99903,592,99980,100,99902,192,100015,192,99888,192,100028,192,99874,192,100046,100,99863,100,100050,100,99857,100,100058,100,99830,100,100067,100,99789,100,100077,100,99738,100,100085,100,99589,100
2019-06-28 09:42:45.864776692,99964,192,99903,492,99980,100,99902,192,100015,192,99888,192,100028,192,99874,192,100046,100,99863,100,100050,100,99857,100,100058,100,99830,100,100067,100,99789,100,100077,100,99738,100,100085,100,99589,100
2019-06-28 09:42:50.000000000,99964,284,99903,584,99980,192,99902,284,100015,100,99888,100,100028,100,99874,100,100046,100,99863,100,100050,100,99857,100,100058,100,99830,100,100067,100,99789,100,100077,100,99738,100,100085,100,99589,100
2019-06-28 09:43:00.000000000,99964,225,99903,525,99980,129,99902,221,100015,221,99888,221,100028,100,99874,100,100046,100,99863,100,100050,100,99857,100,100058,100,99830,100,100067,100,99789,100,100077,100,99738,100,100085,100,99589,100
2019-06-28 09:43:07.106146116,99964,225,99903,425,99980,129,99902,221,100015,221,99888,221,100028,100,99874,100,100046,100,99863,100,100050,100,99857,100,100058,100,99830,100,100067,100,99789,100,100077,100,99738,100,100085,100,99589,100
2019-06-28 09:43:10.000000000,99964,225,99903,425,99980,129,99902,221,100015,221,99888,221,100028,100,99874,100,100046,100,99863,100,100050,100,99857,100,100058,100,99830,100,100067,100,99789,100,100077,100,99738,100,100085,100,99589,100
2019-06-28 09:43:12.049991613,99964,225,99903,425,99980,129,99902,221,100015,221,99888,221,100028,100,99874,100,100046,100,99863,100,100050,100,99857,100,100058,100,99830,100,100067,100,99789,100,100077,100,99738,100,100085,100,99589,100
2019-06-28 09:43:20.000000000,99964,467,99903,667,99980,8,99902,100,100015,100,99888,100,100028,100,99874,100,100046,100,99863,100,100050,100,99857,100,100058,100,99830,100,100067,100,99789,100,100077,100,99738,100,100085,100,99589,100
2019-06-28 09:43:30.000000000,99964,467,99903,667,99980,8,99902,100,100015,100,99888,100,100028,100,99874,100,100046,100,99863,100,100050,100,99857,100,100058,100,99830,100,100067,100,99789,100,100077,100,99738,100,100085,100,99589,100
2019-06-28 09:43:30.841189642,99964,367,99903,667,99980,8,99902,100,100015,100,99888,100,100028,100,99874,100,100046,100,99863,100,100050,100,99857,100,100058,100,99830,100,100067,100,99789,100,100077,100,99738,100,100085,100,99589,100
2019-06-28 09:43:40.000000000,99980,100,99903,392,100015,192,99902,192,100028,192,99888,192,100046,192,99874,192,100050,100,99863,100,100058,100,99857,100,100067,100,99830,100,100077,100,99789,100,100085,100,99738,100,100086,100,99589,100
2019-06-28 09:43:46.835310546,99980,100,99903,392,100015,192,99902,192,100028,192,99888,192,100046,192,99874,192,100050,100,99863,100,100058,100,99857,100,100067,100,99830,100,100077,100,99789,100,100085,100,99738,100,100086,100,99589,100
2019-06-28 09:43:50.000000000,99980,133,99903,425,100015,221,99902,221,100028,221,99888,221,100046,100,99874,100,100050,100,99863,100,100058,100,99857,100,100067,100,99830,100,100077,100,99789,100,100085,100,99738,100,100086,100,99589,100
2019-06-28 09:44:00.000000000,99980,100,99903,392,100015,192,99902,192,100028,192,99888,192,100046,192,99874,192,100050,100,99863,100,100058,100,99857,100,100067,100,99830,100,100077,100,99789,100,100085,100,99738,100,100086,100,99589,100
2019-06-28 09:44:09.675001876,100015,192,99903,392,100028,192,99902,192,100046,192,99888,192,100050,100,99874,192,100058,100,99863,100,100067,100,99857,100,100077,100,99830,100,100085,100,99789,100,100086,100,99738,100,100097,100,99589,100
2019-06-28 09:44:10.000000000,100015,284,99903,484,100028,284,99902,284,100046,100,99888,100,100050,100,99874,100,100058,100,99863,100,100067,100,99857,100,100077,100,99830,100,100085,100,99789,100,100086,100,99738,100,100097,100,99589,100
2019-06-28 09:44:15.069182621,100015,284,99903,484,100028,284,99902,284,100046,100,99888,100,100058,100,99874,100,100067,100,99863,100,100077,100,99857,100,100085,100,99830,100,100086,100,99789,100,100097,100,99738,100,100134,100,99589,100
2019-06-28 09:44:20.000000000,100015,467,99903,667,100028,100,99902,100,100046,100,99888,100,100058,100,99874,100,100067,100,99863,100,100077,100,99857,100,100085,100,99830,100,100086,100,99789,100,100097,100,99738,100,100134,100,99589,100
2019-06-28 09:44:21.186959062,100015,367,99903,667,100046,100,99902,100,100058,100,99888,100,100067,100,99874,100,100077,100,99863,100,100085,100,99857,100,100086,100,99830,100,100097,100,99789,100,100134,100,99738,100,100176,100,99589,100
2019-06-28 09:44:26.747978143,100015,367,99903,567,100046,100,99902,100,100058,100,99888,100,100067,100,99874,100,100077,100,99863,100,100085,100,99857,100,100086,100,99830,100,100097,100,99789,100,100134,100,99738,100,100176,100,99589,100
2019-06-28 09:44:30.000000000,100046,192,99903,292,100058,192,99902,192,100067,192,99888,192,100077,192,99874,192,100085,100,99863,100,100086,100,99857,100,100097,100,99830,100,100134,100,99789,100,100176,100,99738,100,100236,100,99589,100
2019-06-28 09:44:31.827547716,100046,192,99903,292,100058,192,99902,192,100067,192,99888,192,100077,192,99874,192,100085,100,99863,100,100086,100,99857,100,100097,100,99830,100,100134,100,99789,100,100176,100,99738,100,100236,100,99589,100
2019-06-28 09:44:36.414497060,100046,192,99903,292,100058,192,99902,192,100067,192,99888,92,100077,192,99874,192,100085,100,99863,100,100086,100,99857,100,100097,100,99830,100,100134,100,99789,100,100176,100,99738,100,100236,100,99589,100
2019-06-28 09:44:36.949464459,100046,192,99980,100,100058,192,99903,292,100067,192,99902,192,100077,192,99888,92,100085,100,99874,192,100086,100,99863,100,100097,100,99857,100,100134,100,99830,100,100176,100,99789,100,100236,100,99738,100
2019-06-28 09:44:38.789145690,100046,92,99980,100,100058,192,99903,292,100067,192,99902,192,100077,192,99888,92,100085,100,99874,192,100086,100,99863,100,100097,100,99857,100,100134,100,99830,100,100176,100,99789,100,100236,100,99738,100
2019-06-28 09:44:40.000000000,100058,467,99980,467,100067,100,99903,200,100077,100,99902,100,100085,100,99874,100,100086,100,99863,100,100097,100,99857,100,100134,100,99830,100,100176,100,99789,100,100236,100,99738,100,100248,100,99589,100
2019-06-28 09:44:45.249509214,100058,467,99980,367,100067,100,99903,200,100077,100,99902,100,100085,100,99874,100,100086,100,99863,100,100097,100,99857,100,100134,100,99830,100,100176,100,99789,100,100236,100,99738,100,100248,100,99589,100
2019-06-28 09:44:49.308593900,100058,467,99980,367,100067,100,99903,200,100077,100,99874,100,100085,100,99863,100,100086,100,99857,100,100097,100,99830,100,100134,100,99789,100,100176,100,99738,100,100236,100,99589,100,100248,100,99407,100
2019-06-28 09:44:50.000000000,100058,225,99903,325,100067,221,99874,221,100077,221,99863,221,100085,100,99857,100,100086,100,99830,100,100097,100,99789,100,100134,100,99738,100,100176,100,99589,100,100236,100,99407,100,100248,100,99333,100
2019-06-28 09:44:50.047247931,100058,225,99903,325,100067,221,99874,221,100077,221,99863,221,100085,100,99857,100,100086,100,99830,100,100097,100,99789,100,100134,100,99738,100,100176,100,99589,100,100236,100,99407,100,100248,100,99333,100
2019-06-28 09:44:57.914426557,100058,225,100015,100,100067,221,99903,225,100077,221,99874,221,100085,100,99863,221,100086,100,99857,100,100097,100,99830,100,100134,100,99789,100,100176,100,99738,100,100236,100,99589,100,100248,100,99407,100
2019-06-28 09:45:00.000000000,100058,284,100015,284,100067,284,99903,284,100077,100,99874,100,100085,100,99863,100,100086,100,99857,100,100097,100,99830,100,100134,100,99789,100,100176,100,99738,100,100236,100,99589,100,100248,100,99407,100
2019-06-28 09:45:10.000000000,100058,225,100015,225,100067,221,99903,221,100077,221,99874,221,100085,100,99863,100,100086,100,99857,100,100097,100,99830,100,100134,100,99789,100,100176,100,99738,100,100236,100,99589,100,100248,100,99407,100
2019-06-28 09:45:15.411122267,100058,225,100015,225,100067,221,99903,221,100077,221,99874,221,100085,100,99863,100,100086,100,99857,100,100097,100,99830,100,100134,100,99789,100,100176,100,99738,100,100236,100,99589,100,100248,100,99407,100
2019-06-28 09:45:20.000000000,100058,192,100015,192,100067,192,99903,192,100077,192,99874,192,100085,192,99863,192,100086,100,99857,100,100097,100,99830,100,100134,100,99789,100,100176,100,99738,100,100236,100,99589,100,100248,100,99407,100
2019-06-28 09:45:25.399783300,100058,192,100015,192,100067,192,99903,192,100077,192,99874,192,100085,192,99863,192,100086,100,99857,100,100097,100,99830,100,100134,100,99789,100,100176,100,99738,100,100236,100,99589,100,100248,100,99407,100
2019-06-28 09:45:30.000000000,100058,467,100015,467,100067,100,99903,100,100077,100,99874,100,100085,100,99863,100,100086,100,99857,100,100097,100,99830,100,100134,100,99789,100,100176,100,99738,100,100236,100,99589,100,100248,100,99407,100
2019-06-28 09:45:40.000000000,100058,467,100015,467,100067,100,99903,100,100077,100,99874,100,100085,100,99863,100,100086,100,99857,100,100097,100,99830,100,100134,100,99789,100,100176,100,99738,100,100236,100,99589,100,100248,100,99407,100
2019-06-28 09:45:50.000000000,100058,192,100015,192,100067,192,99903,192,100077,192,99874,192,100085,192,99863,192,100086,100,99857,100,100097,100,99830,100,100134,100,99789,100,100176,100,99738,100,100236,100,99589,100,100248,100,99407,100
2019-06-28 09:45:58.893169765,100058,92,100015,192,100067,192,99903,192,100077,192,99874,192,100085,192,99863,192,100086,100,99857,100,100097,100,99830,100,100134,100,99789,100,100176,100,99738,100,100236,100,99589,100,100248,100,99407,100
2019-06-28 09:46:00.000000000,100067,173,100015,173,100077,173,99903,173,100085,173,99874,173,100086,173,99863,173,100097,173,99857,173,100134,100,99830,100,100176,100,99789,100,100236,100,99738,100,100248,100,99589,100,100309,100,99407,100
2019-06-28 09:46:10.000000000,100067,225,100015,225,100077,221,99903,221,100085,221,99874,221,100086,100,99863,100,100097,100,99857,100,100134,100,99830,100,100176,100,99789,100,100236,100,99738,100,100248,100,99589,100,100309,100,99407,100
2019-06-28 09:46:17.437825678,100067,225,100015,225,100077,121,99903,221,100085,221,99874,221,100086,100,99863,100,100097,100,99857,100,100134,100,99830,100,100176,100,99789,100,100236,100,99738,100,100248,100,99589,100,100309,100,99407,100
2019-06-28 09:46:20.000000000,100067,192,100015,192,100085,192,99903,192,100086,192,99874,192,100097,192,99863,192,100134,100,99857,100,100176,100,99830,100,100236,100,99789,100,100248,100,99738,100,100309,100,99589,100,100372,100,99407,100
2019-06-28 09:46:30.000000000,100067,225,100015,225,100085,221,99903,221,100086,221,99874,221,100097,100,99863,100,100134,100,99857,100,100176,100,99830,100,100236,100,99789,100,100248,100,99738,100,100309,100,99589,100,100372,100,99407,100
2019-06-28 09:46:35.641415703,100067,225,100015,225,100085,221,99903,221,100086,221,99874,221,100097,100,99863,100,100134,100,99857,100,100176,100,99830,100,100236,100,99789,100,100248,100,99738,100,100309,100,99589,100,100372,100,99407,100
2019-06-28 09:46:40.000000000,100067,467,100015,467,100085,100,99903,100,100086,100,99874,100,100097,100,99863,100,100134,100,99857,100,100176,100,99830,100,100236,100,99789,100,100248,100,99738,100,100309,100,99589,100,100372,100,99407,100
2019-06-28 09:46:50.000000000,100067,173,100015,173,100085,173,99903,173,100086,173,99874,173,100097,173,99863,173,100134,173,99857,173,100176,100,99830,100,100236,100,99789,100,100248,100,99738,100,100309,100,99589,100,100372,100,99407,100
2019-06-28 09:47:00.000000000,100067,225,100015,225,100085,221,99903,221,100086,221,99874,221,100097,100,99863,100,100134,100,99857,100,100176,100,99830,100,100236,100,99789,100,100248,100,99738,100,100309,100,99589,100,100372,100,99407,100
2019-06-28 09:47:10.000000000,100067,467,100015,467,100085,100,99903,100,100086,100,99874,100,100097,100,99863,100,100134,100,99857,100,100176,100,99830,100,100236,100,99789,100,100248,100,99738,100,100309,100,99589,100,100372,100,99407,100
2019-06-28 09:47:15.225962961,100067,367,100015,467,100085,100,99903,100,100086,100,99874,100,100097,100,99863,100,100134,100,99857,100,100176,100,99830,100,100236,100,99789,100,100248,100,99738,100,100309,100,99589,100,100372,100,99407,100
2019-06-28 09:47:15.648450019,100067,367,100015,467,100085,100,99903,100,100086,100,99874,100,100097,100,99863,100,100134,100,99857,100,100176,100,99830,100,100236,100,99789,100,100248,100,99738,100,100309,100,99589,100,100372,100,99407,100
2019-06-28 09:47:20.000000000,100085,192,100015,192,100086,192,99903,192,100097,192,99874,192,100134,192,99863,192,100176,100,99857,100,100236,100,99830,100,100248,100,99789,100,100309,100,99738,100,100372,100,99589,100,100433,100,99407,100
2019-06-28 09:47:28.032367705,100085,192,100015,192,100086,192,99903,192,100097,192,99874,192,100134,192,99863,192,100176,100,99857,100,100236,100,99830,100,100248,100,99789,100,100309,100,99738,100,100372,100,99407,100,100433,100,99333,100
2019-06-28 09:47:28.453914284,100085,92,100015,192,100086,192,99903,192,100097,192,99874,192,100134,192,99863,192,100176,100,99857,100,100248,100,99830,100,100309,100,99789,100,100372,100,99738,100,100433,100,99407,100,100465,100,99333,100
2019-06-28 09:47:30.000000000,100086,467,100015,467,100097,100,99903,100,100134,100,99874,100,100176,100,99863,100,100248,100,99857,100,100309,100,99830,100,100372,100,99789,100,100433,100,99738,100,100465,100,99407,100,100549,100,99333,100
2019-06-28 09:47:40.000000000,100086,173,100015,173,100097,173,99903,173,100134,173,99874,173,100176,173,99863,173,100248,173,99857,173,100309,100,99830,100,100372,100,99789,100,100433,100,99738,100,100465,100,99407,100,100549,100,99333,100
2019-06-28 09:47:50.000000000,100086,284,100015,284,100097,284,99903,284,100134,100,99874,100,100176,100,99863,100,100248,100,99857,100,100309,100,99830,100,100372,100,99789,100,100433,100,99738,100,100465,100,99407,100,100549,100,99333,100
2019-06-28 09:48:00.000000000,100086,284,100015,284,100097,284,99903,284,100134,100,99874,100,100176,100,99863,100,100248,100,99857,100,100309,100,99830,100,100372,100,99789,100,100433,100,99738,100,100465,100,99407,100,100549,100,99333,100
2019-06-28 09:48:07.918694852,100086,284,100067,100,100097,284,100015,284,100134,100,99903,284,100176,100,99874,100,100248,100,99863,100,100309,100,99857,100,100372,100,99830,100,100433,100,99789,100,100465,100,99738,100,100549,100,99407,100
2019-06-28 09:48:10.000000000,100086,192,100067,192,100097,192,100015,192,100134,192,99903,192,100176,192,99874,192,100248,100,99863,100,100309,100,99857,100,100372,100,99830,100,100433,100,99789,100,100465,100,99738,100,100549,100,99407,100
2019-06-28 09:48:14.099359013,100086,192,100067,192,100097,192,100015,192,100134,192,99903,192,100176,192,99894,100,100248,100,99874,192,100309,100,99863,100,100372,100,99857,100,100433,100,99830,100,100465,100,99789,100,100549,100,99738,100
2019-06-28 09:48:20.000000000,100086,284,100067,284,100097,284,100015,284,100134,100,99903,100,100176,100,99894,100,100248,100,99874,100,100309,100,99863,100,100372,100,99857,100,100433,100,99830,100,100465,100,99789,100,100549,100,99738,100
2019-06-28 09:48:30.000000000,100086,173,100067,173,100097,173,100015,173,100134,173,99903,173,100176,173,99894,173,100248,173,99874,173,100309,100,99863,100,100372,100,99857,100,100433,100,99830,100,100465,100,99789,100,100549,100,99738,100
2019-06-28 09:48:40.000000000,100086,284,100067,284,100097,284,100015,284,100134,100,99903,100,100176,100,99894,100,100248,100,99874,100,100309,100,99863,100,100372,100,99857,100,100433,100,99830,100,100465,100,99789,100,100549,100,99738,100
2019-06-28 09:48:50.000000000,100086,173,100067,173,100097,173,100015,173,100134,173,99903,173,100176,173,99894,173,100248,173,99874,173,100309,100,99863,100,100372,100,99857,100,100433,100,99830,100,100465,100,99789,100,100549,100,99738,100
2019-06-28 09:49:00.000000000,100086,225,100067,225,100097,221,100015,221,100134,221,99903,221,100176,100,99894,100,100248,100,99874,100,100309,100,99863,100,100372,100,99857,100,100433,100,99830,100,100465,100,99789,100,100549,100,99738,100
2019-06-28 09:49:10.000000000,100086,467,100067,467,100097,100,100015,100,100134,100,99903,100,100176,100,99894,100,100248,100,99874,100,100309,100,99863,100,100372,100,99857,100,100433,100,99830,100,100465,100,99789,100,100549,100,99738,100
2019-06-28 09:49:20.000000000,100086,225,100067,225,100097,221,100015,221,100134,221,99903,221,100176,100,99894,100,100248,100,99874,100,100309,100,99863,100,100372,100,99857,100,100433,100,99830,100,100465,100,99789,100,100549,100,99738,100
2019-06-28 09:49:29.984467904,100086,225,100067,225,100097,221,100015,221,100134,221,99903,221,100176,100,99894,100,100248,100,99874,100,100309,100,99863,100,100372,100,99857,100,100430,100,99830,100,100433,100,99789,100,100465,100,99738,100
2019-06-28 09:49:30.000000000,100086,192,100067,192,100097,192,100015,192,100134,192,99903,192,100176,192,99894,192,100248,100,99874,100,100309,100,99863,100,100372,100,99857,100,100430,100,99830,100,100433,100,99789,100,100465,100,99738,100
2019-06-28 09:49:40.000000000,100086,467,100067,467,100097,100,100015,100,100134,100,99903,100,100176,100,99894,100,100248,100,99874,100,100309,100,99863,100,100372,100,99857,100,100430,100,99830,100,100433,100,99789,100,100465,100,99738,100
2019-06-28 09:49:50.000000000,100086,173,100067,173,100097,173,100015,173,100134,173,99903,173,100176,173,99894,173,100248,173,99874,173,100309,100,99863,100,100372,100,99857,100,100430,100,99830,100,100433,100,99789,100,100465,100,99738,100
2019-06-28 09:50:00.000000000,100086,284,100067,284,100097,284,100015,284,100134,100,99903,100,100176,100,99894,100,100248,100,99874,100,100309,100,99863,100,100372,100,99857,100,100430,100,99830,100,100433,100,99789,100,100465,100,99738,100
2019-06-28 09:50:10.000000000,100086,173,100067,173,100097,173,100015,173,100134,173,99903,173,100176,173,99894,173,100248,173,99874,173,100309,100,99863,100,100372,100,99857,100,100430,100,99830,100,100433,100,99789,100,100465,100,99738,100
2019-06-28 09:50:10.503295908,100086,173,100067,273,100097,173,100015,173,100134,173,99903,173,100176,173,99894,173,100248,173,99874,173,100309,100,99863,100,100372,100,99857,100,100430,100,99830,100,100433,100,99789,100,100465,100,99738,100
2019-06-28 09:50:20.000000000,100086,284,100067,384,100097,284,100015,284,100134,100,99903,100,100176,100,99894,100,100248,100,99874,100,100309,100,99863,100,100372,100,99857,100,100430,100,99830,100,100433,100,99789,100,100465,100,99738,100
2019-06-28 09:50:30.000000000,100086,284,100067,384,100097,284,100015,284,100134,100,99903,100,100176,100,99894,100,100248,100,99874,100,100309,100,99863,100,100372,100,99857,100,100430,100,99830,100,100433,100,99789,100,100465,100,99738,100
2019-06-28 09:50:40.000000000,100086,467,100067,567,100097,100,100015,100,100134,100,99903,100,100176,100,99894,100,100248,100,99874,100,100309,100,99863,100,100372,100,99857,100,100430,100,99830,100,100433,100,99789,100,100465,100,99738,100
2019-06-28 09:50:50.000000000,100086,467,100067,567,100097,100,100015,100,100134,100,99903,100,100176,100,99894,100,100248,100,99874,100,100309,100,99863,100,100372,100,99857,100,100430,100,99830,100,100433,100,99789,100,100465,100,99738,100
2019-06-28 09:51:00.000000000,100086,192,100067,292,100097,192,100015,192,100134,192,99903,192,100176,192,99894,192,100248,100,99874,100,100309,100,99863,100,100372,100,99857,100,100430,100,99830,100,100433,100,99789,100,100465,100,99738,100
2019-06-28 09:51:10.000000000,100086,467,100067,567,100097,100,100015,100,100134,100,99903,100,100176,100,99894,100,100248,100,99874,100,100309,100,99863,100,100372,100,99857,100,100430,100,99830,100,100433,100,99789,100,100465,100,99738,100
2019-06-28 09:51:14.491734566,100086,467,100067,467,100097,100,100015,100,100134,100,99903,100,100176,100,99894,100,100248,100,99874,100,100309,100,99863,100,100372,100,99857,100,100430,100,99830,100,100433,100,99789,100,100465,100,99738,100
2019-06-28 09:51:20.000000000,100086,467,100067,467,100097,100,100015,100,100134,100,99903,100,100176,100,99894,100,100248,100,99874,100,100309,100,99863,100,100372,100,99857,100,100430,100,99830,100,100433,100,99789,100,100465,100,99738,100
2019-06-28 09:51:23.960660695,100086,467,100067,467,100097,100,100015,100,100134,100,99903,100,100176,100,99894,100,100248,100,99874,100,100309,100,99863,100,100372,100,99857,100,100430,100,99830,100,100433,100,99789,100,100465,100,99741,100
2019-06-28 09:51:26.256133823,100084,100,100067,467,100086,467,100015,100,100097,100,99903,100,100134,100,99894,100,100176,100,99874,100,100248,100,99863,100,100309,100,99857,100,100372,100,99830,100,100430,100,99789,100,100433,100,99741,100
2019-06-28 09:51:30.000000000,100084,467,100067,467,100086,100,100015,100,100097,100,99903,100,100134,100,99894,100,100176,100,99874,100,100248,100,99863,100,100309,100,99857,100,100372,100,99830,100,100430,100,99789,100,100433,100,99741,100
2019-06-28 09:51:33.849471218,100084,567,100067,467,100086,100,100015,100,100097,100,99903,100,100134,100,99894,100,100176,100,99874,100,100248,100,99863,100,100309,100,99857,100,100372,100,99830,100,100430,100,99789,100,100433,100,99741,100
2019-06-28 09:51:40.000000000,100084,325,100067,225,100086,221,100015,221,100097,221,99903,221,100134,100,99894,100,100176,100,99874,100,100248,100,99863,100,100309,100,99857,100,100372,100,99830,100,100430,100,99789,100,100433,100,99741,100
2019-06-28 09:51:50.000000000,100084,325,100067,225,100086,221,100015,221,100097,221,99903,221,100134,100,99894,100,100176,100,99874,100,100248,100,99863,100,100309,100,99857,100,100372,100,99830,100,100430,100,99789,100,100433,100,99741,100
2019-06-28 09:51:51.848728679,100084,325,100067,225,100086,221,100048,100,100097,221,100015,221,100134,100,99903,221,100176,100,99894,100,100248,100,99874,100,100309,100,99863,100,100372,100,99857,100,100430,100,99830,100,100433,100,99789,100
2019-06-28 09:52:00.000000000,100084,273,100067,173,100086,173,100048,173,100097,173,100015,173,100134,173,99903,173,100176,173,99894,173,100248,100,99874,100,100309,100,99863,100,100372,100,99857,100,100430,100,99830,100,100433,100,99789,100
2019-06-28 09:52:10.000000000,100084,273,100067,173,100086,173,100048,173,100097,173,100015,173,100134,173,99903,173,100176,173,99894,173,100248,100,99874,100,100309,100,99863,100,100372,100,99857,100,100430,100,99830,100,100433,100,99789,100
2019-06-28 09:52:10.431209596,100084,273,100067,73,100086,173,100048,173,100097,173,100015,173,100134,173,99903,173,100176,173,99894,173,100248,100,99874,100,100309,100,99863,100,100372,100,99857,100,100430,100,99830,100,100433,100,99789,100
2019-06-28 09:52:20.000000000,100084,273,100048,173,100086,173,100015,173,100097,173,99903,173,100134,173,99894,173,100176,173,99874,173,100248,100,99863,100,100309,100,99857,100,100372,100,99830,100,100430,100,99789,100,100433,100,99741,100
2019-06-28 09:52:28.008182421,100084,273,100048,173,100086,173,100015,173,100097,173,99903,173,100134,173,99894,173,100176,173,99874,173,100248,100,99863,100,100276,100,99857,100,100372,100,99830,100,100430,100,99789,100,100433,100,99741,100
2019-06-28 09:52:30.000000000,100084,292,100048,192,100086,192,100015,192,100097,192,99903,192,100134,192,99894,192,100176,100,99874,100,100248,100,99863,100,100276,100,99857,100,100372,100,99830,100,100430,100,99789,100,100433,100,99741,100
2019-06-28 09:52:31.517128830,100084,292,100081,100,100086,192,100048,192,100097,192,100015,192,100134,192,99903,192,100176,100,99894,192,100248,100,99874,100,100276,100,99863,100,100372,100,99857,100,100430,100,99830,100,100433,100,99789,100
2019-06-28 09:52:37.816204848,100084,192,100081,100,100086,192,100048,192,100097,192,100015,192,100134,192,99903,192,100176,100,99894,192,100248,100,99874,100,100276,100,99863,100,100372,100,99857,100,100430,100,99830,100,100433,100,99789,100
2019-06-28 09:52:40.000000000,100084,192,100081,192,100086,192,100048,192,100097,192,100015,192,100134,192,99903,192,100176,100,99894,100,100248,100,99874,100,100276,100,99863,100,100372,100,99857,100,100430,100,99830,100,100433,100,99789,100
2019-06-28 09:52:49.032679574,100084,192,100082,100,100086,192,100081,192,100097,192,100048,192,100134,192,100015,92,100176,100,99903,192,100248,100,99894,100,100276,100,99874,100,100372,100,99863,100,100430,100,99857,100,100433,100,99830,100
2019-06-28 09:52:50.000000000,100084,173,100082,173,100086,173,100081,173,100097,173,100048,173,100134,173,99903,173,100176,173,99894,173,100248,100,99874,100,100276,100,99863,100,100372,100,99857,100,100430,100,99830,100,100433,100,99789,100
2019-06-28 09:52:55.760896866,100084,173,100082,173,100086,173,100081,173,100097,173,100048,173,100134,173,99903,73,100176,173,99894,173,100248,100,99874,100,100276,100,99863,100,100372,100,99857,100,100430,100,99830,100,100433,100,99789,100
2019-06-28 09:52:58.694968085,100084,173,100082,173,100086,173,100081,173,100097,173,100048,173,100134,173,99903,73,100176,173,99894,173,100246,100,99874,100,100248,100,99863,100,100276,100,99857,100,100372,100,99830,100,100430,100,99789,100
2019-06-28 09:53:00.000000000,100084,173,100082,173,100086,173,100081,173,100097,173,100048,173,100134,173,99894,173,100176,173,99874,173,100246,100,99863,100,100248,100,99857,100,100276,100,99830,100,100372,100,99789,100,100430,100,99738,100
2019-06-28 09:53:02.943782165,100084,173,100082,173,100086,173,100081,173,100097,173,100048,173,100134,173,99894,173,100176,173,99874,173,100246,100,99863,100,100248,100,99857,100,100276,100,99830,100,100372,100,99789,100,100430,100,99738,100
2019-06-28 09:53:08.340065602,100084,173,100082,173,100086,173,100081,173,100097,173,100048,173,100134,173,99894,173,100176,173,99874,173,100237,100,99863,100,100246,100,99857,100,100248,100,99830,100,100276,100,99789,100,100372,100,99738,100
2019-06-28 09:53:10.000000000,100084,192,100082,192,100086,192,100081,192,100097,192,100048,192,100134,192,99894,192,100176,100,99874,100,100237,100,99863,100,100246,100,99857,100,100248,100,99830,100,100276,100,99789,100,100372,100,99738,100
2019-06-28 09:53:15.269010132,100084,192,100082,292,100086,192,100081,192,100097,192,100048,192,100134,192,99894,192,100176,100,99874,100,100237,100,99863,100,100246,100,99857,100,100248,100,99830,100,100276,100,99789,100,100372,100,99738,100
2019-06-28 09:53:20.000000000,100084,225,100082,325,100086,221,100081,221,100097,221,100048,221,100134,100,99894,100,100176,100,99874,100,100237,100,99863,100,100246,100,99857,100,100248,100,99830,100,100276,100,99789,100,100372,100,99738,100
2019-06-28 09:53:30.000000000,100084,284,100082,384,100086,284,100081,284,100097,100,100048,100,100134,100,99894,100,100176,100,99874,100,100237,100,99863,100,100246,100,99857,100,100248,100,99830,100,100276,100,99789,100,100372,100,99738,100
2019-06-28 09:53:36.884373455,100084,284,100082,384,100086,284,100081,284,100097,100,100048,100,100134,100,99990,100,100176,100,99894,100,100237,100,99874,100,100246,100,99863,100,100248,100,99857,100,100276,100,99830,100,100372,100,99789,100
2019-06-28 09:53:40.000000000,100084,284,100082,384,100086,284,100081,284,100097,100,100048,100,100134,100,99990,100,100176,100,99894,100,100237,100,99874,100,100246,100,99863,100,100248,100,99857,100,100276,100,99830,100,100372,100,99789,100
2019-06-28 09:53:42.662247799,100084,284,100082,384,100086,284,100081,284,100097,100,100048,100,100134,100,99990,100,100176,100,99894,100,100237,100,99874,100,100246,100,99863,100,100248,100,99857,100,100276,100,99830,100,100331,100,99789,100
2019-06-28 09:53:50.000000000,100084,192,100082,292,100086,192,100081,192,100097,192,100048,192,100134,192,99990,192,100176,100,99894,100,100237,100,99874,100,100246,100,99863,100,100248,100,99857,100,100276,100,99830,100,100331,100,99789,100
2019-06-28 09:54:00.000000000,100084,173,100082,273,100086,173,100081,173,100097,173,100048,173,100134,173,99990,173,100176,173,99894,173,100237,100,99874,100,100246,100,99863,100,100248,100,99857,100,100276,100,99830,100,100331,100,99789,100
2019-06-28 09:54:04.700669393,100084,173,100082,273,100086,173,100081,173,100097,173,100048,173,100134,173,99990,173,100176,173,99921,100,100237,100,99894,173,100246,100,99874,100,100248,100,99863,100,100276,100,99830,100,100331,100,99789,100
2019-06-28 09:54:09.112785231,100084,173,100082,373,100086,173,100081,173,100097,173,100048,173,100134,173,99990,173,100176,173,99921,100,100237,100,99894,173,100246,100,99874,100,100248,100,99863,100,100276,100,99830,100,100331,100,99789,100
2019-06-28 09:54:10.000000000,100084,467,100082,667,100086,100,100081,100,100097,100,100048,100,100134,100,99990,100,100176,100,99921,100,100237,100,99894,100,100246,100,99874,100,100248,100,99863,100,100276,100,99830,100,100331,100,99789,100
2019-06-28 09:54:20.000000000,100084,192,100082,392,100086,192,100081,192,100097,192,100048,192,100134,192,99990,192,100176,100,99921,100,100237,100,99894,100,100246,100,99874,100,100248,100,99863,100,100276,100,99830,100,100331,100,99789,100
2019-06-28 09:54:27.014012701,100084,192,100082,392,100086,192,100081,192,100097,192,100048,192,100134,192,99990,192,100176,100,99921,100,100237,100,99894,100,100246,100,99875,100,100248,100,99874,100,100276,100,99863,100,100331,100,99830,100
2019-06-28 09:54:27.970387563,100084,192,100082,392,100086,192,100081,192,100097,192,100048,192,100134,192,99990,192,100176,100,99921,100,100237,100,99894,100,100246,100,99875,100,100248,100,99874,100,100276,100,99863,100,100331,100,99830,100
2019-06-28 09:54:30.000000000,100084,467,100082,667,100086,100,100081,100,100097,100,100048,100,100134,100,99990,100,100176,100,99921,100,100237,100,99894,100,100246,100,99875,100,100248,100,99874,100,100276,100,99863,100,100331,100,99830,100
2019-06-28 09:54:31.614898876,100083,100,100082,667,100084,467,100081,100,100086,100,100048,100,100097,100,99990,100,100134,100,99921,100,100176,100,99894,100,100237,100,99875,100,100246,100,99874,100,100248,100,99863,100,100276,100,99830,100
2019-06-28 09:54:35.746390991,100083,200,100082,667,100084,467,100081,100,100086,100,100048,100,100097,100,99990,100,100134,100,99921,100,100176,100,99894,100,100237,100,99875,100,100246,100,99874,100,100248,100,99863,100,100276,100,99830,100
2019-06-28 09:54:38.063026028,100083,200,100082,667,100084,467,100081,100,100086,100,100048,100,100097,100,99990,100,100134,100,99921,100,100176,100,99901,100,100237,100,99894,100,100246,100,99875,100,100248,100,99874,100,100276,100,99863,100
2019-06-28 09:54:40.000000000,100083,384,100082,484,100084,284,100081,284,100086,100,100048,100,100097,100,99990,100,100134,100,99921,100,100176,100,99901,100,100237,100,99894,100,100246,100,99875,100,100248,100,99874,100,100276,100,99863,100
2019-06-28 09:54:50.000000000,100083,325,100082,425,100084,221,100081,221,100086,221,100048,221,100097,100,99990,100,100134,100,99921,100,100176,100,99901,100,100237,100,99894,100,100246,100,99875,100,100248,100,99874,100,100276,100,99863,100
2019-06-28 09:54:55.512528219,100083,325,100082,425,100084,221,100081,221,100086,221,100048,221,100097,100,99990,100,100134,100,99921,100,100176,100,99911,100,100237,100,99901,100,100246,100,99894,100,100248,100,99875,100,100276,100,99874,100
2019-06-28 09:55:00.000000000,100083,567,100082,667,100084,100,100081,100,100086,100,100048,100,100097,100,99990,100,100134,100,99921,100,100176,100,99911,100,100237,100,99901,100,100246,100,99894,100,100248,100,99875,100,100276,100,99874,100
2019-06-28 09:55:10.000000000,100083,567,100082,667,100084,100,100081,100,100086,100,100048,100,100097,100,99990,100,100134,100,99921,100,100176,100,99911,100,100237,100,99901,100,100246,100,99894,100,100248,100,99875,100,100276,100,99874,100
2019-06-28 09:55:11.556865110,100083,567,100082,567,100084,100,100081,100,100086,100,100048,100,100097,100,99990,100,100134,100,99921,100,100176,100,99911,100,100237,100,99901,100,100246,100,99894,100,100248,100,99875,100,100276,100,99874,100
2019-06-28 09:55:14.593938610,100083,567,100082,467,100084,100,100081,100,100086,100,100048,100,100097,100,99990,100,100134,100,99921,100,100176,100,99911,100,100237,100,99901,100,100246,100,99894,100,100248,100,99875,100,100276,100,99874,100
2019-06-28 09:55:20.000000000,100083,325,100082,225,100084,221,100081,221,100086,221,100048,221,100097,100,99990,100,100134,100,99921,100,100176,100,99911,100,100237,100,99901,100,100246,100,99894,100,100248,100,99875,100,100276,100,99874,100
2019-06-28 09:55:30.000000000,100083,273,100082,173,100084,173,100081,173,100086,173,100048,173,100097,173,99990,173,100134,173,99921,173,100176,100,99911,100,100237,100,99901,100,100246,100,99894,100,100248,100,99875,100,100276,100,99874,100
2019-06-28 09:55:38.544715739,100083,173,100082,173,100084,173,100081,173,100086,173,100048,173,100097,173,99990,173,100134,73,99921,173,100176,100,99911,100,100237,100,99901,100,100246,100,99894,100,100248,100,99875,100,100276,100,99874,100
2019-06-28 09:55:40.000000000,100083,192,100082,192,100084,192,100081,192,100086,192,100048,192,100097,192,99990,192,100176,100,99921,100,100237,100,99911,100,100246,100,99901,100,100248,100,99894,100,100276,100,99875,100,100331,100,99874,100
2019-06-28 09:55:41.247931035,100083,92,100082,192,100084,192,100081,192,100086,192,100048,192,100097,192,99990,192,100176,100,99921,100,100237,100,99911,100,100246,100,99901,100,100248,100,99894,100,100276,100,99875,100,100331,100,99874,100
2019-06-28 09:55:50.000000000,100084,467,100082,467,100086,100,100081,100,100097,100,100048,100,100176,100,99990,100,100237,100,99921,100,100246,100,99911,100,100248,100,99901,100,100276,100,99894,100,100331,100,99875,100,100372,100,99874,100
2019-06-28 09:56:00.000000000,100084,173,100082,173,100086,173,100081,173,100097,173,100048,173,100176,173,99990,173,100237,173,99921,173,100246,100,99911,100,100248,100,99901,100,100276,100,99894,100,100331,100,99875,100,100372,100,99874,100
2019-06-28 09:56:00.304304355,100084,73,100082,173,100086,173,100081,173,100097,173,100048,173,100176,173,99990,173,100237,173,99921,173,100246,100,99911,100,100248,100,99901,100,100276,100,99894,100,100331,100,99875,100,100372,100,99874,100
2019-06-28 09:56:10.000000000,100086,173,100082,173,100097,173,100081,173,100176,173,100048,173,100237,173,99990,173,100246,173,99921,173,100248,100,99911,100,100276,100,99901,100,100331,100,99894,100,100372,100,99875,100,100430,100,99874,100
2019-06-28 09:56:15.684432576,100086,73,100082,173,100097,173,100081,173,100176,173,100048,173,100237,173,99990,173,100246,173,99921,173,100248,100,99911,100,100276,100,99901,100,100372,100,99894,100,100430,100,99875,100,100465,100,99874,100
2019-06-28 09:56:20.000000000,100097,284,100082,284,100176,284,100081,284,100237,100,100048,100,100246,100,99990,100,100248,100,99921,100,100276,100,99911,100,100372,100,99901,100,100430,100,99894,100,100465,100,99875,100,100549,100,99874,100
2019-06-28 09:56:30.000000000,100097,467,100082,467,100176,100,100081,100,100237,100,100048,100,100246,100,99990,100,100248,100,99921,100,100276,100,99911,100,100372,100,99901,100,100430,100,99894,100,100465,100,99875,100,100549,100,99874,100
2019-06-28 09:56:39.538789757,100097,467,100084,100,100176,100,100082,467,100237,100,100081,100,100246,100,100048,100,100248,100,99990,100,100276,100,99921,100,100372,100,99911,100,100430,100,99901,100,100465,100,99894,100,100549,100,99875,100
2019-06-28 09:56:40.000000000,100097,225,100084,225,100176,221,100082,221,100237,221,100081,221,100246,100,100048,100,100248,100,99990,100,100276,100,99921,100,100372,100,99911,100,100430,100,99901,100,100465,100,99894,100,100549,100,99875,100
2019-06-28 09:56:50.000000000,100097,467,100084,467,100176,100,100082,100,100237,100,100081,100,100246,100,100048,100,100248,100,99990,100,100276,100,99921,100,100372,100,99911,100,100430,100,99901,100,100465,100,99894,100,100549,100,99875,100
2019-06-28 09:56:56.529808130,100097,467,100084,467,100237,100,100082,100,100246,100,100081,100,100248,100,100048,100,100276,100,99990,100,100372,100,99921,100,100430,100,99911,100,100465,100,99901,100,100498,100,99894,100,100549,100,99875,100
2019-06-28 09:56:58.827679014,100097,467,100084,567,100237,100,100082,100,100246,100,100081,100,100248,100,100048,100,100276,100,99990,100,100372,100,99921,100,100430,100,99911,100,100465,100,99901,100,100498,100,99894,100,100549,100,99875,100
2019-06-28 09:57:00.000000000,100097,225,100084,325,100237,221,100082,221,100246,221,100081,221,100248,100,100048,100,100276,100,99990,100,100372,100,99921,100,100430,100,99911,100,100465,100,99901,100,100498,100,99894,100,100549,100,99875,100
2019-06-28 09:57:07.644080994,100097,225,100084,425,100237,221,100082,221,100246,221,100081,221,100248,100,100048,100,100276,100,99990,100,100372,100,99921,100,100430,100,99911,100,100465,100,99901,100,100498,100,99894,100,100549,100,99875,100
2019-06-28 09:57:10.000000000,100097,467,100084,667,100237,100,100082,100,100246,100,100081,100,100248,100,100048,100,100276,100,99990,100,100372,100,99921,100,100430,100,99911,100,100465,100,99901,100,100498,100,99894,100,100549,100,99875,100
2019-06-28 09:57:14.052791751,100097,467,100084,667,100237,100,100082,100,100248,100,100081,100,100276,100,100048,100,100372,100,99990,100,100430,100,99921,100,100465,100,99911,100,100498,100,99901,100,100549,100,99894,100,100550,100,99875,100
2019-06-28 09:57:20.000000000,100097,467,100084,667,100237,100,100082,100,100248,100,100081,100,100276,100,100048,100,100372,100,99990,100,100430,100,99921,100,100465,100,99911,100,100498,100,99901,100,100549,100,99894,100,100550,100,99875,100
2019-06-28 09:57:27.942855653,100097,467,100084,767,100237,100,100082,100,100248,100,100081,100,100276,100,100048,100,100372,100,99990,100,100430,100,99921,100,100465,100,99911,100,100498,100,99901,100,100549,100,99894,100,100550,100,99875,100
2019-06-28 09:57:30.000000000,100097,225,100084,525,100237,221,100082,221,100248,221,100081,221,100276,100,100048,100,100372,100,99990,100,100430,100,99921,100,100465,100,99911,100,100498,100,99901,100,100549,100,99894,100,100550,100,99875,100
2019-06-28 09:57:39.958944291,100097,225,100084,525,100237,221,100082,221,100248,221,100081,221,100276,100,100048,100,100372,100,99990,100,100430,100,99921,100,100465,100,99911,100,100498,100,99901,100,100549,100,99894,100,100550,100,99875,100
2019-06-28 09:57:40.000000000,100097,284,100084,584,100237,284,100082,284,100248,100,100081,100,100276,100,100048,100,100372,100,99990,100,100430,100,99921,100,100465,100,99911,100,100498,100,99901,100,100549,100,99894,100,100550,100,99875,100
2019-06-28 09:57:49.402467924,100097,184,100084,584,100237,284,100082,284,100248,100,100081,100,100276,100,100048,100,100372,100,99990,100,100430,100,99921,100,100465,100,99911,100,100498,100,99901,100,100549,100,99894,100,100550,100,99875,100
2019-06-28 09:57:50.000000000,100237,467,100084,767,100248,100,100082,100,100276,100,100081,100,100372,100,100048,100,100430,100,99990,100,100465,100,99921,100,100498,100,99911,100,100549,100,99901,100,100550,100,99894,100,100553,100,99875,100
2019-06-28 09:58:00.000000000,100237,225,100084,525,100248,221,100082,221,100276,221,100081,221,100372,100,100048,100,100430,100,99990,100,100465,100,99921,100,100498,100,99911,100,100549,100,99901,100,100550,100,99894,100,100553,100,99875,100
2019-06-28 09:58:10.000000000,100237,284,100084,584,100248,284,100082,284,100276,100,100081,100,100372,100,100048,100,100430,100,99990,100,100465,100,99921,100,100498,100,99911,100,100549,100,99901,100,100550,100,99894,100,100553,100,99875,100
2019-06-28 09:58:14.170624666,100237,184,100084,584,100248,284,100082,284,100276,100,100081,100,100372,100,100048,100,100430,100,99990,100,100465,100,99921,100,100498,100,99911,100,100549,100,99901,100,100550,100,99894,100,100553,100,99875,100
2019-06-28 09:58:20.000000000,100248,467,100084,767,100276,100,100082,100,100372,100,100081,100,100430,100,100048,100,100465,100,99990,100,100498,100,99921,100,100549,100,99911,100,100550,100,99901,100,100553,100,99894,100,100569,100,99875,100
2019-06-28 09:58:27.610099065,100248,367,100084,767,100276,100,100082,100,100372,100,100081,100,100430,100,100048,100,100465,100,99990,100,100498,100,99921,100,100549,100,99911,100,100550,100,99901,100,100553,100,99894,100,100569,100,99875,100
2019-06-28 09:58:29.478577820,100248,267,100084,767,100276,100,100082,100,100372,100,100081,100,100430,100,100048,100,100465,100,99990,100,100498,100,99921,100,100549,100,99911,100,100550,100,99901,100,100553,100,99894,100,100569,100,99875,100
2019-06-28 09:58:30.000000000,100276,284,100084,584,100372,284,100082,284,100430,100,100081,100,100465,100,100048,100,100498,100,99990,100,100549,100,99921,100,100550,100,99911,100,100553,100,99901,100,100569,100,99894,100,100578,100,99875,100
2019-06-28 09:58:40.000000000,100276,284,100084,584,100372,284,100082,284,100430,100,100081,100,100465,100,100048,100,100498,100,99990,100,100549,100,99921,100,100550,100,99911,100,100553,100,99901,100,100569,100,99894,100,100578,100,99875,100
2019-06-28 09:58:50.000000000,100276,192,100084,492,100372,192,100082,192,100430,192,100081,192,100465,192,100048,192,100498,100,99990,100,100549,100,99921,100,100550,100,99911,100,100553,100,99901,100,100569,100,99894,100,100578,100,99875,100
2019-06-28 09:58:53.101118560,100132,100,100084,492,100276,192,100082,192,100372,192,100081,192,100430,192,100048,192,100465,192,99990,100,100498,100,99921,100,100549,100,99911,100,100550,100,99901,100,100553,100,99894,100,100569,100,99875,100
2019-06-28 09:58:53.712820781,100276,192,100084,492,100372,192,100082,192,100430,192,100081,92,100465,192,100048,192,100498,100,99990,100,100549,100,99921,100,100550,100,99911,100,100553,100,99901,100,100569,100,99894,100,100578,100,99875,100
2019-06-28 09:58:57.087661956,100276,192,100132,100,100372,192,100084,392,100430,192,100082,192,100465,192,100081,92,100498,100,100048,192,100549,100,99990,100,100550,100,99921,100,100553,100,99911,100,100569,100,99901,100,100578,100,99894,100
2019-06-28 09:59:00.000000000,100276,284,100132,284,100372,284,100084,484,100430,100,100082,100,100465,100,100048,100,100498,100,99990,100,100549,100,99921,100,100550,100,99911,100,100553,100,99901,100,100569,100,99894,100,100578,100,99875,100
2019-06-28 09:59:06.399180509,100276,284,100132,284,100329,100,100084,484,100372,284,100082,100,100430,100,100048,100,100465,100,99990,100,100498,100,99921,100,100549,100,99911,100,100550,100,99901,100,100553,100,99894,100,100569,100,99875,100
2019-06-28 09:59:10.000000000,100276,173,100132,173,100329,173,100084,373,100372,173,100082,173,100430,173,100048,173,100465,173,99990,173,100498,100,99921,100,100549,100,99911,100,100550,100,99901,100,100553,100,99894,100,100569,100,99875,100
2019-06-28 09:59:11.483959268,100248,100,100132,173,100276,173,100084,373,100329,173,100082,173,100372,173,100048,173,100430,173,99990,173,100465,173,99921,100,100498,100,99911,100,100549,100,99901,100,100550,100,99894,100,100553,100,99875,100
2019-06-28 09:59:20.000000000,100248,173,100132,173,100276,173,100084,373,100329,173,100082,173,100372,173,100048,173,100430,173,99990,173,100465,100,99921,100,100498,100,99911,100,100549,100,99901,100,100550,100,99894,100,100553,100,99875,100
2019-06-28 09:59:23.376237371,100248,173,100132,173,100276,173,100084,273,100329,173,100082,173,100372,173,100048,173,100430,173,99990,173,100465,100,99921,100,100498,100,99911,100,100549,100,99901,100,100550,100,99894,100,100553,100,99875,100
2019-06-28 09:59:30.000000000,100248,284,100132,284,100276,284,100084,384,100329,100,100082,100,100372,100,100048,100,100430,100,99990,100,100465,100,99921,100,100498,100,99911,100,100549,100,99901,100,100550,100,99894,100,100553,100,99875,100
2019-06-28 09:59:30.202074189,100159,100,100132,284,100248,284,100084,384,100276,284,100082,100,100329,100,100048,100,100372,100,99990,100,100430,100,99921,100,100465,100,99911,100,100498,100,99901,100,100549,100,99894,100,100550,100,99875,100
2019-06-28 09:59:38.095723337,100159,100,100132,284,100248,284,100084,384,100276,184,100082,100,100303,100,100048,100,100329,100,99990,100,100372,100,99921,100,100430,100,99911,100,100465,100,99901,100,100498,100,99894,100,100549,100,99875,100
2019-06-28 09:59:40.000000000,100159,192,100132,192,100248,192,100084,292,100303,192,100082,192,100329,192,100048,192,100372,100,99990,100,100430,100,99921,100,100465,100,99911,100,100498,100,99901,100,100549,100,99894,100,100550,100,99875,100
2019-06-28 09:59:50.000000000,100159,173,100132,173,100248,173,100084,273,100303,173,100082,173,100329,173,100048,173,100372,173,99990,173,100430,100,99921,100,100465,100,99911,100,100498,100,99901,100,100549,100,99894,100,100550,100,99875,100
2019-06-28 09:59:53.192242966,100159,173,100132,173,100248,173,100108,100,100303,173,100084,273,100329,173,100082,173,100372,173,100048,173,100430,100,99990,173,100465,100,99921,100,100498,100,99911,100,100549,100,99901,100,100550,100,99894,100
2019-06-28 09:59:55.246595324,100153,100,100132,173,100159,173,100108,100,100248,173,100084,273,100303,73,100082,173,100329,173,100048,173,100372,173,99990,173,100430,100,99921,100,100465,100,99911,100,100498,100,99901,100,100549,100,99894,100
2019-06-28 09:59:58.953638304,100153,100,100132,173,100159,173,100108,100,100248,173,100084,273,100303,73,100082,173,100329,173,100048,173,100364,100,99990,173,100372,173,99921,100,100430,100,99911,100,100465,100,99901,100,100498,100,99894,100
2019-06-28 10:00:00.000000000,100153,225,100132,225,100159,221,100108,221,100248,221,100084,321,100329,100,100082,100,100364,100,100048,100,100372,100,99990,100,100430,100,99921,100,100465,100,99911,100,100498,100,99901,100,100549,100,99894,100
2019-06-28 10:00:02.160696001,100153,225,100132,325,100159,221,100108,221,100248,221,100084,321,100329,100,100082,100,100364,100,100048,100,100372,100,99990,100,100430,100,99921,100,100465,100,99911,100,100498,100,99901,100,100549,100,99894,100
2019-06-28 10:00:10.000000000,100153,192,100132,292,100159,192,100108,192,100248,192,100084,292,100329,192,100082,192,100364,100,100048,100,100372,100,99990,100,100430,100,99921,100,100465,100,99911,100,100498,100,99901,100,100549,100,99894,100
2019-06-28 10:00:20.000000000,100153,173,100132,273,100159,173,100108,173,100248,173,100084,273,100329,173,100082,173,100364,173,100048,173,100372,100,99990,100,100430,100,99921,100,100465,100,99911,100,100498,100,99901,100,100549,100,99894,100
2019-06-28 10:00:23.376445621,100153,173,100132,273,100159,173,100108,173,100248,173,100084,273,100329,173,100082,173,100364,173,100048,173,100372,100,99990,100,100430,100,99921,100,100465,100,99911,100,100498,100,99901,100,100549,100,99894,100
2019-06-28 10:00:26.773415219,100153,173,100132,273,100159,173,100108,173,100248,173,100084,273,100329,173,100082,173,100364,173,100048,173,100372,100,99990,100,100430,100,99921,100,100465,100,99911,100,100498,100,99901,100,100549,100,99894,100
2019-06-28 10:00:30.000000000,100153,284,100132,384,100159,284,100108,284,100248,100,100084,200,100329,100,100082,100,100364,100,100048,100,100372,100,99990,100,100430,100,99921,100,100465,100,99911,100,100498,100,99901,100,100549,100,99894,100
2019-06-28 10:00:33.172397590,100153,284,100132,384,100159,284,100108,184,100248,100,100084,200,100329,100,100082,100,100364,100,100048,100,100372,100,99990,100,100430,100,99921,100,100465,100,99911,100,100498,100,99901,100,100549,100,99894,100
2019-06-28 10:00:40.000000000,100153,284,100132,384,100159,284,100084,384,100248,100,100082,100,100329,100,100048,100,100364,100,99990,100,100372,100,99921,100,100430,100,99911,100,100465,100,99901,100,100498,100,99894,100,100549,100,99875,100
2019-06-28 10:00:50.000000000,100153,225,100132,325,100159,221,100084,321,100248,221,100082,221,100329,100,100048,100,100364,100,99990,100,100372,100,99921,100,100430,100,99911,100,100465,100,99901,100,100498,100,99894,100,100549,100,99875,100
2019-06-28 10:00:56.729231991,100153,225,100132,425,100159,221,100084,321,100248,221,100082,221,100329,100,100048,100,100364,100,99990,100,100372,100,99921,100,100430,100,99911,100,100465,100,99901,100,100498,100,99894,100,100549,100,99875,100
2019-06-28 10:01:00.000000000,100153,467,100132,667,100159,100,100084,200,100248,100,100082,100,100329,100,100048,100,100364,100,99990,100,100372,100,99921,100,100430,100,99911,100,100465,100,99901,100,100498,100,99894,100,100549,100,99875,100
2019-06-28 10:01:04.967452772,100153,367,100132,667,100159,100,100084,200,100248,100,100082,100,100329,100,100048,100,100364,100,99990,100,100372,100,99921,100,100430,100,99911,100,100465,100,99901,100,100498,100,99894,100,100549,100,99875,100
2019-06-28 10:01:10.000000000,100159,467,100132,667,100248,100,100084,200,100329,100,100082,100,100364,100,100048,100,100372,100,99990,100,100430,100,99921,100,100465,100,99911,100,100498,100,99901,100,100549,100,99894,100,100550,100,99875,100
2019-06-28 10:01:20.000000000,100159,284,100132,484,100248,284,100084,384,100329,100,100082,100,100364,100,100048,100,100372,100,99990,100,100430,100,99921,100,100465,100,99911,100,100498,100,99901,100,100549,100,99894,100,100550,100,99875,100
2019-06-28 10:01:30.000000000,100159,173,100132,373,100248,173,100084,273,100329,173,100082,173,100364,173,100048,173,100372,173,99990,173,100430,100,99921,100,100465,100,99911,100,100498,100,99901,100,100549,100,99894,100,100550,100,99875,100
2019-06-28 10:01:31.604764286,100159,173,100132,373,100248,173,100084,273,100329,173,100082,173,100364,173,100048,173,100372,173,99990,173,100430,100,99921,100,100465,100,99911,100,100498,100,99901,100,100549,100,99894,100,100550,100,99875,100
2019-06-28 10:01:31.654767225,100159,73,100132,373,100248,173,100084,273,100329,173,100082,173,100364,173,100048,173,100372,173,99990,173,100430,100,99921,100,100465,100,99911,100,100498,100,99901,100,100549,100,99894,100,100550,100,99875,100
2019-06-28 10:01:33.562687409,100159,73,100132,373,100248,173,100084,273,100329,173,100082,173,100364,173,100048,173,100372,173,99990,173,100430,100,99921,100,100465,100,99911,100,100498,100,99901,100,100549,100,99894,100,100550,100,99875,100
2019-06-28 10:01:40.000000000,100248,192,100132,392,100329,192,100084,292,100364,192,100082,192,100372,192,100048,192,100430,100,99990,100,100465,100,99921,100,100498,100,99911,100,100549,100,99901,100,100550,100,99894,100,100553,100,99875,100
2019-06-28 10:01:50.000000000,100248,467,100132,667,100329,100,100084,200,100364,100,100082,100,100372,100,100048,100,100430,100,99990,100,100465,100,99921,100,100498,100,99911,100,100549,100,99901,100,100550,100,99894,100,100553,100,99875,100
2019-06-28 10:01:51.097779231,100248,367,100132,667,100329,100,100084,200,100364,100,100082,100,100372,100,100048,100,100430,100,99990,100,100465,100,99921,100,100498,100,99911,100,100549,100,99901,100,100550,100,99894,100,100553,100,99875,100
2019-06-28 10:01:51.380495213,100248,367,100132,667,100329,100,100084,200,100364,100,100082,100,100372,100,100048,100,100430,100,99990,100,100465,100,99921,100,100498,100,99911,100,100549,100,99901,100,100550,100,99894,100,100553,100,99875,100
2019-06-28 10:02:00.000000000,100329,225,100132,425,100364,221,100084,321,100372,221,100082,221,100430,100,100048,100,100465,100,99990,100,100498,100,99921,100,100549,100,99911,100,100550,100,99901,100,100553,100,99894,100,100557,100,99875,100
2019-06-28 10:02:00.378614615,100329,225,100159,100,100364,221,100132,425,100372,221,100084,321,100430,100,100082,221,100465,100,100048,100,100498,100,99990,100,100549,100,99921,100,100550,100,99911,100,100553,100,99901,100,100557,100,99894,100
2019-06-28 10:02:00.535884513,100329,225,100159,200,100364,221,100132,425,100372,221,100084,321,100430,100,100082,221,100465,100,100048,100,100498,100,99990,100,100549,100,99921,100,100550,100,99911,100,100553,100,99901,100,100557,100,99894,100
2019-06-28 10:02:10.000000000,100329,225,100159,325,100364,221,100132,421,100372,221,100084,321,100430,100,100082,100,100465,100,100048,100,100498,100,99990,100,100549,100,99921,100,100550,100,99911,100,100553,100,99901,100,100557,100,99894,100
2019-06-28 10:02:20.000000000,100329,173,100159,273,100364,173,100132,373,100372,173,100084,273,100430,173,100082,173,100465,173,100048,173,100498,100,99990,100,100549,100,99921,100,100550,100,99911,100,100553,100,99901,100,100557,100,99894,100
2019-06-28 10:02:20.823940684,100329,173,100176,100,100364,173,100159,273,100372,173,100132,373,100430,173,100084,273,100465,173,100082,173,100498,100,100048,173,100549,100,99990,100,100550,100,99921,100,100553,100,99911,100,100557,100,99901,100
2019-06-28 10:02:30.000000000,100329,225,100176,225,100364,221,100159,321,100372,221,100132,421,100430,100,100084,200,100465,100,100082,100,100498,100,100048,100,100549,100,99990,100,100550,100,99921,100,100553,100,99911,100,100557,100,99901,100
2019-06-28 10:02:33.196875323,100329,225,100176,225,100364,221,100159,321,100372,221,100132,421,100430,100,100084,200,100465,100,100082,100,100498,100,100048,100,100549,100,99990,100,100550,100,99921,100,100553,100,99911,100,100557,100,99901,100
2019-06-28 10:02:40.000000000,100329,467,100176,467,100364,100,100159,200,100372,100,100132,300,100430,100,100084,200,100465,100,100082,100,100498,100,100048,100,100549,100,99990,100,100550,100,99921,100,100553,100,99911,100,100557,100,99901,100
2019-06-28 10:02:50.000000000,100329,284,100176,284,100364,284,100159,384,100372,100,100132,300,100430,100,100084,200,100465,100,100082,100,100498,100,100048,100,100549,100,99990,100,100550,100,99921,100,100553,100,99911,100,100557,100,99901,100
2019-06-28 10:03:00.000000000,100329,173,100176,173,100364,173,100159,273,100372,173,100132,373,100430,173,100084,273,100465,173,100082,173,100498,100,100048,100,100549,100,99990,100,100550,100,99921,100,100553,100,99911,100,100557,100,99901,100
2019-06-28 10:03:10.000000000,100329,225,100176,225,100364,221,100159,321,100372,221,100132,421,100430,100,100084,200,100465,100,100082,100,100498,100,100048,100,100549,100,99990,100,100550,100,99921,100,100553,100,99911,100,100557,100,99901,100
2019-06-28 10:03:20.000000000,100329,225,100176,225,100364,221,100159,321,100372,221,100132,421,100430,100,100084,200,100465,100,100082,100,100498,100,100048,100,100549,100,99990,100,100550,100,99921,100,100553,100,99911,100,100557,100,99901,100
2019-06-28 10:03:30.000000000,100329,284,100176,284,100364,284,100159,384,100372,100,100132,300,100430,100,100084,200,100465,100,100082,100,100498,100,100048,100,100549,100,99990,100,100550,100,99921,100,100553,100,99911,100,100557,100,99901,100
2019-06-28 10:03:32.469048047,100329,284,100176,184,100364,284,100159,384,100372,100,100132,300,100430,100,100084,200,100465,100,100082,100,100498,100,100048,100,100549,100,99990,100,100550,100,99921,100,100553,100,99911,100,100557,100,99901,100
2019-06-28 10:03:40.000000000,100329,284,100159,384,100364,284,100132,484,100372,100,100084,200,100430,100,100082,100,100465,100,100048,100,100498,100,99990,100,100549,100,99921,100,100550,100,99911,100,100553,100,99901,100,100557,100,99894,100
2019-06-28 10:03:50.000000000,100329,467,100159,567,100364,100,100132,300,100372,100,100084,200,100430,100,100082,100,100465,100,100048,100,100498,100,99990,100,100549,100,99921,100,100550,100,99911,100,100553,100,99901,100,100557,100,99894,100
2019-06-28 10:03:52.244709380,100329,467,100159,467,100364,100,100132,300,100372,100,100084,200,100430,100,100082,100,100465,100,100048,100,100498,100,99990,100,100549,100,99921,100,100550,100,99911,100,100553,100,99901,100,100557,100,99894,100
2019-06-28 10:04:00.000000000,100329,467,100159,467,100364,100,100132,300,100372,100,100084,200,100430,100,100082,100,100465,100,100048,100,100498,100,99990,100,100549,100,99921,100,100550,100,99911,100,100553,100,99901,100,100557,100,99894,100
2019-06-28 10:04:10.000000000,100329,173,100159,173,100364,173,100132,373,100372,173,100084,273,100430,173,100082,173,100465,173,100048,173,100498,100,99990,100,100549,100,99921,100,100550,100,99911,100,100553,100,99901,100,100557,100,99894,100
2019-06-28 10:04:10.211063239,100329,73,100159,173,100364,173,100132,373,100372,173,100084,273,100430,173,100082,173,100465,173,100048,173,100498,100,99990,100,100549,100,99921,100,100550,100,99911,100,100553,100,99901,100,100557,100,99894,100
2019-06-28 10:04:20.000000000,100364,284,100159,284,100372,284,100132,484,100430,100,100084,200,100465,100,100082,100,100498,100,100048,100,100549,100,99990,100,100550,100,99921,100,100553,100,99911,100,100557,100,99901,100,100569,100,99894,100
2019-06-28 10:04:30.000000000,100364,173,100159,173,100372,173,100132,373,100430,173,100084,273,100465,173,100082,173,100498,173,100048,173,100549,100,99990,100,100550,100,99921,100,100553,100,99911,100,100557,100,99901,100,100569,100,99894,100
2019-06-28 10:04:37.458710342,100364,173,100159,173,100372,173,100132,273,100430,173,100084,273,100465,173,100082,173,100498,173,100048,173,100549,100,99990,100,100550,100,99921,100,100553,100,99911,100,100557,100,99901,100,100569,100,99894,100
2019-06-28 10:04:40.000000000,100364,284,100159,284,100372,284,100132,384,100430,100,100084,200,100465,100,100082,100,100498,100,100048,100,100549,100,99990,100,100550,100,99921,100,100553,100,99911,100,100557,100,99901,100,100569,100,99894,100
2019-06-28 10:04:50.000000000,100364,284,100159,284,100372,284,100132,384,100430,100,100084,200,100465,100,100082,100,100498,100,100048,100,100549,100,99990,100,100550,100,99921,100,100553,100,99911,100,100557,100,99901,100,100569,100,99894,100
2019-06-28 10:05:00.000000000,100364,225,100159,225,100372,221,100132,321,100430,221,100084,321,100465,100,100082,100,100498,100,100048,100,100549,100,99990,100,100550,100,99921,100,100553,100,99911,100,100557,100,99901,100,100569,100,99894,100
2019-06-28 10:05:03.750785782,100364,225,100159,225,100372,221,100132,321,100430,221,100084,321,100465,100,100082,100,100498,100,100048,100,100549,100,99990,100,100550,100,99921,100,100557,100,99911,100,100569,100,99901,100,100588,100,99900,100
2019-06-28 10:05:10.000000000,100364,173,100159,173,100372,173,100132,273,100430,173,100084,273,100465,173,100082,173,100498,173,100048,173,100549,100,99990,100,100550,100,99921,100,100557,100,99911,100,100569,100,99901,100,100588,100,99900,100
2019-06-28 10:05:20.000000000,100364,467,100159,467,100372,100,100132,200,100430,100,100084,200,100465,100,100082,100,100498,100,100048,100,100549,100,99990,100,100550,100,99921,100,100557,100,99911,100,100569,100,99901,100,100588,100,99900,100
2019-06-28 10:05:20.401819591,100364,467,100159,467,100372,100,100132,200,100430,100,100084,200,100465,100,100082,100,100498,100,100048,100,100549,100,99990,100,100550,100,99921,100,100557,100,99911,100,100569,100,99901,100,100588,100,99900,100
2019-06-28 10:05:30.000000000,100364,192,100159,192,100372,192,100132,292,100430,192,100084,292,100465,192,100082,192,100498,100,100048,100,100549,100,99990,100,100550,100,99921,100,100557,100,99911,100,100569,100,99901,100,100588,100,99900,100
2019-06-28 10:05:37.815051357,100176,100,100159,192,100364,192,100132,292,100372,192,100084,292,100430,192,100082,192,100465,192,100048,100,100498,100,99990,100,100549,100,99921,100,100550,100,99911,100,100557,100,99901,100,100569,100,99900,100
