,ask_price_1,ask_size_1,bid_price_1,bid_size_1,ask_price_2,ask_size_2,bid_price_2,bid_size_2,ask_price_3,ask_size_3,bid_price_3,bid_size_3,ask_price_4,ask_size_4,bid_price_4,bid_size_4,ask_price_5,ask_size_5,bid_price_5,bid_size_5,ask_price_6,ask_size_6,bid_price_6,bid_size_6,ask_price_7,ask_size_7,bid_price_7,bid_size_7,ask_price_8,ask_size_8,bid_price_8,bid_size_8,ask_price_9,ask_size_9,bid_price_9,bid_size_9,ask_price_10,ask_size_10,bid_price_10,bid_size_10
2019-06-28 09:30:00.000000002,100012,100,,,,,,,,,,,,,,,,,,,,,,,,,,,,,,,,,,,,,,
2019-06-28 09:30:00.000000003,100012,100,99899,100,,,,,,,,,,,,,,,,,,,,,,,,,,,,,,,,,,,,
2019-06-28 09:30:00.000000005,,,100005,100,,,99899,100,,,,,,,,,,,,,,,,,,,,,,,,,,,,,,,,
2019-06-28 09:30:00.000000006,100082,100,100005,100,,,99899,100,,,,,,,,,,,,,,,,,,,,,,,,,,,,,,,,
2019-06-28 09:30:00.000000007,100082,100,100006,100,,,100005,100,,,99899,100,,,99833,100,,,,,,,,,,,,,,,,,,,,,,,,
2019-06-28 09:30:00.000000008,100017,100,100006,100,100082,100,100005,100,,,99899,100,,,99833,100,,,,,,,,,,,,,,,,,,,,,,,,
2019-06-28 09:30:00.000000009,100017,100,100006,100,100082,100,100005,100,,,99903,100,,,99899,100,,,99833,100,,,,,,,,,,,,,,,,,,,,
2019-06-28 09:30:00.000000013,100082,100,100006,100,,,100005,100,,,99903,100,,,99899,100,,,99833,100,,,,,,,,,,,,,,,,,,,,
2019-06-28 09:30:00.000000014,100017,100,100006,100,100082,100,100005,100,,,99903,100,,,99899,100,,,99833,100,,,,,,,,,,,,,,,,,,,,
2019-06-28 09:30:00.000000016,100017,100,100006,100,100082,100,100005,100,,,99910,100,,,99903,100,,,99899,100,,,99833,100,,,,,,,,,,,,,,,,
2019-06-28 09:30:00.000000017,100017,100,100006,100,100082,100,100005,100,,,99943,100,,,99910,100,,,99903,100,,,99899,100,,,99833,100,,,,,,,,,,,,
2019-06-28 09:30:00.000000020,100017,100,100006,100,100082,100,100005,100,,,99943,100,,,99910,100,,,99903,100,,,99899,100,,,99833,100,,,,,,,,,,,,
2019-06-28 09:30:00.000000021,100017,100,100005,100,100082,100,99943,100,,,99927,100,,,99910,100,,,99903,100,,,99899,100,,,99833,100,,,,,,,,,,,,
2019-06-28 09:30:00.000000022,100017,100,100005,100,100082,100,99943,100,,,99927,100,,,99910,100,,,99903,100,,,99900,100,,,99899,100,,,99833,100,,,,,,,,
2019-06-28 09:30:00.000000023,100017,100,100005,100,100041,100,99943,100,100082,100,99927,100,,,99910,100,,,99903,100,,,99900,100,,,99899,100,,,99833,100,,,,,,,,
2019-06-28 09:30:00.000000027,100017,100,100005,100,100041,100,99943,100,100082,100,99927,100,,,99910,100,,,99906,100,,,99903,100,,,99900,100,,,99899,100,,,99833,100,,,,
2019-06-28 09:30:00.000000028,100017,100,100005,100,100041,100,99943,100,100082,100,99927,100,100124,100,99910,100,,,99906,100,,,99903,100,,,99900,100,,,99899,100,,,99833,100,,,,
2019-06-28 09:30:00.000000029,100017,100,100005,100,100041,100,99943,100,100082,100,99927,100,100124,100,99910,100,,,99906,100,,,99903,100,,,99900,100,,,99899,100,,,99881,100,,,99833,100
2019-06-28 09:30:00.000000031,100017,100,100005,100,100041,100,99943,100,100082,100,99927,100,100118,100,99910,100,100124,100,99906,100,,,99903,100,,,99900,100,,,99899,100,,,99881,100,,,99833,100
2019-06-28 09:30:00.000000032,100017,100,100005,100,100041,100,99943,100,100082,100,99927,100,100093,100,99910,100,100118,100,99906,100,100124,100,99903,100,,,99900,100,,,99899,100,,,99881,100,,,99833,100
2019-06-28 09:30:00.000000033,100017,100,100005,100,100025,100,99943,100,100041,100,99927,100,100048,100,99910,100,100082,100,99906,100,100093,100,99903,100,100118,100,99900,100,100124,100,99899,100,,,99881,100,,,99833,100
2019-06-28 09:30:00.000000036,100017,100,100005,100,100025,100,99943,100,100041,100,99927,100,100048,100,99918,100,100082,100,99910,100,100093,100,99906,100,100118,100,99903,100,100124,100,99900,100,100130,100,99899,100,,,99881,100
2019-06-28 09:30:00.000000039,100017,100,100005,100,100025,100,99943,100,100041,100,99927,100,100048,100,99918,100,100082,100,99910,100,100093,100,99906,100,100118,100,99903,100,100124,100,99900,100,100130,100,99899,100,100143,100,99881,100
2019-06-28 09:30:00.000000040,100017,100,100005,100,100025,100,99943,100,100041,100,99927,100,100048,100,99918,100,100082,100,99910,100,100093,100,99906,100,100118,100,99903,100,100124,100,99900,100,100130,100,99899,100,100143,100,99881,100
2019-06-28 09:30:00.000000043,100025,100,100005,100,100041,100,99943,100,100048,100,99927,100,100082,100,99918,100,100093,100,99910,100,100118,100,99906,100,100124,100,99903,100,100130,100,99900,100,100143,100,99899,100,,,99881,100
2019-06-28 09:30:00.000000044,100025,100,100005,100,100041,100,99943,100,100048,100,99927,100,100082,100,99918,100,100093,100,99917,100,100118,100,99910,100,100124,100,99906,100,100130,100,99903,100,100143,100,99900,100,,,99899,100
2019-06-28 09:30:00.000000048,100025,100,100005,100,100041,100,99943,100,100048,100,99927,100,100073,100,99918,100,100082,100,99917,100,100093,100,99910,100,100118,100,99906,100,100124,100,99903,100,100130,100,99900,100,100143,100,99899,100
2019-06-28 09:30:00.000000051,100025,100,100006,100,100035,100,100005,100,100041,100,99965,100,100048,100,99943,100,100073,100,99927,100,100082,100,99918,100,100093,100,99917,100,100118,100,99910,100,100124,100,99906,100,100130,100,99903,100
2019-06-28 09:30:00.000000055,100025,100,100006,100,100035,100,100005,100,100041,100,99965,100,100048,100,99943,100,100073,100,99927,100,100082,100,99918,100,100093,100,99917,100,100118,100,99910,100,100124,100,99906,100,100130,100,99903,100
2019-06-28 09:30:00.000000056,100025,100,100006,200,100035,100,100005,100,100041,100,99965,100,100048,100,99943,100,100073,100,99927,100,100082,100,99918,100,100093,100,99917,100,100118,100,99910,100,100124,100,99906,100,100130,100,99903,100
2019-06-28 09:30:00.000000060,100025,100,100006,100,100035,100,100005,100,100041,100,99965,100,100048,100,99943,100,100073,100,99927,100,100082,100,99918,100,100093,100,99917,100,100104,100,99910,100,100118,100,99906,100,100124,100,99903,100
2019-06-28 09:30:00.000000061,100025,100,100006,100,100035,100,100005,100,100041,100,99965,100,100048,100,99943,100,100073,100,99927,100,100082,100,99918,100,100093,100,99917,100,100104,100,99910,100,100118,100,99906,100,100124,100,99903,100
2019-06-28 09:30:00.000000062,100025,100,100019,100,100035,100,100006,100,100041,100,100005,100,100048,100,99965,100,100073,100,99943,100,100082,100,99927,100,100093,100,99918,100,100104,100,99917,100,100118,100,99910,100,100124,100,99906,100
2019-06-28 09:30:00.000000063,100025,100,100019,100,100035,100,100006,100,100041,100,100005,100,100048,100,99965,100,100073,100,99943,100,100082,100,99927,100,100093,100,99918,100,100104,100,99917,100,100118,100,99910,100,100124,100,99906,100
2019-06-28 09:30:00.000000064,100025,100,100006,100,100035,100,100005,100,100041,100,99965,100,100048,100,99943,100,100073,100,99927,100,100082,100,99918,100,100093,100,99917,100,100104,100,99910,100,100118,100,99906,100,100124,100,99903,100
2019-06-28 09:30:00.000000065,100025,100,100006,100,100035,100,100005,100,100041,100,99999,100,100048,100,99965,100,100073,100,99943,100,100082,100,99927,100,100093,100,99918,100,100104,100,99917,100,100118,100,99910,100,100124,100,99906,100
2019-06-28 09:30:00.000000066,100025,100,100006,100,100035,100,100005,100,100041,100,99999,100,100048,100,99965,100,100054,100,99943,100,100073,100,99927,100,100082,100,99918,100,100093,100,99917,100,100104,100,99910,100,100118,100,99906,100
2019-06-28 09:30:00.000000067,100025,100,100005,100,100035,100,99999,100,100041,100,99965,100,100048,100,99943,100,100054,100,99927,100,100073,100,99918,100,100082,100,99917,100,100093,100,99910,100,100104,100,99906,100,100118,100,99903,100
2019-06-28 09:30:00.000000071,100035,100,100005,100,100041,100,99999,100,100048,100,99965,100,100054,100,99943,100,100073,100,99927,100,100082,100,99918,100,100093,100,99917,100,100104,100,99910,100,100118,100,99906,100,100124,100,99903,100
2019-06-28 09:30:00.000000072,100035,100,100006,100,100041,100,100005,100,100048,100,99999,100,100054,100,99965,100,100073,100,99943,100,100082,100,99927,100,100093,100,99918,100,100104,100,99917,100,100118,100,99910,100,100124,100,99906,100
2019-06-28 09:30:00.000000076,100035,100,100005,100,100041,100,99999,100,100048,100,99965,100,100054,100,99943,100,100073,100,99927,100,100082,100,99918,100,100093,100,99917,100,100104,100,99910,100,100118,100,99906,100,100124,100,99903,100
2019-06-28 09:30:00.000000082,100035,100,100005,100,100041,100,99999,100,100048,100,99965,100,100054,100,99943,100,100073,100,99927,100,100082,100,99918,100,100093,100,99917,100,100104,100,99910,100,100118,100,99906,100,100124,100,99903,100
2019-06-28 09:30:00.000000083,100025,100,100005,100,100035,100,99999,100,100041,100,99965,100,100048,100,99943,100,100054,100,99927,100,100073,100,99918,100,100082,100,99917,100,100093,100,99910,100,100104,100,99906,100,100118,100,99903,100
2019-06-28 09:30:00.000000084,100025,100,100005,100,100035,100,99999,100,100041,100,99965,100,100048,100,99943,100,100054,100,99927,100,100073,100,99918,200,100082,100,99917,100,100093,100,99910,100,100104,100,99906,100,100118,100,99903,100
2019-06-28 09:30:00.000000086,100025,100,99999,100,100035,100,99965,100,100041,100,99943,100,100048,100,99927,100,100054,100,99918,200,100073,100,99917,100,100082,100,99910,100,100093,100,99906,100,100104,100,99903,100,100118,100,99900,100
2019-06-28 09:30:00.000000087,100006,100,99999,100,100025,100,99965,100,100035,100,99943,100,100041,100,99927,100,100048,100,99918,200,100054,100,99917,100,100073,100,99910,100,100082,100,99906,100,100093,100,99903,100,100104,100,99900,100
2019-06-28 09:30:00.000000088,100006,100,99999,100,100016,100,99965,100,100025,100,99943,100,100035,100,99927,100,100041,100,99918,200,100048,100,99917,100,100054,100,99910,100,100073,100,99906,100,100082,100,99903,100,100093,100,99900,100
2019-06-28 09:30:00.000000089,100006,100,99999,100,100016,100,99982,100,100025,100,99965,100,100035,100,99943,100,100041,100,99927,100,100048,100,99918,200,100054,100,99917,100,100073,100,99910,100,100082,100,99906,100,100093,100,99903,100
2019-06-28 09:30:00.000000091,100006,100,100005,100,100016,100,99999,100,100025,100,99982,100,100035,100,99965,100,100041,100,99943,100,100048,100,99927,100,100053,100,99918,200,100054,100,99917,100,100073,100,99910,100,100082,100,99906,100
2019-06-28 09:30:00.000000095,100006,100,100005,100,100016,100,99999,100,100025,100,99982,100,100035,100,99965,100,100039,100,99943,100,100041,100,99927,100,100048,100,99918,200,100053,100,99917,100,100054,100,99910,100,100073,100,99906,100
2019-06-28 09:30:00.000000096,100006,100,100005,200,100016,100,99999,100,100025,100,99982,100,100035,100,99965,100,100039,100,99943,100,100041,100,99927,100,100048,100,99918,200,100053,100,99917,100,100054,100,99910,100,100073,100,99906,100
2019-06-28 09:30:00.000000098,100006,100,100005,200,100016,100,99999,100,100025,100,99982,100,100035,100,99965,100,100039,100,99943,100,100041,100,99927,100,100048,100,99918,200,100052,100,99917,100,100053,100,99910,100,100054,100,99906,100
2019-06-28 09:30:10.000000000,100006,256,100005,356,100016,256,99999,256,100025,100,99982,100,100035,100,99965,100,100039,100,99943,100,100041,100,99927,100,100048,100,99918,200,100052,100,99917,100,100053,100,99910,100,100054,100,99906,100
2019-06-28 09:30:20.000000000,100006,206,100005,306,100016,203,99999,203,100025,203,99982,203,100035,100,99965,100,100039,100,99943,100,100041,100,99927,100,100048,100,99918,200,100052,100,99917,100,100053,100,99910,100,100054,100,99906,100
2019-06-28 09:30:23.017676482,100006,206,100005,306,100016,203,99999,203,100025,203,99982,203,100035,100,99965,100,100039,100,99943,100,100041,100,99927,100,100048,100,99918,200,100052,100,99917,100,100053,100,99910,100,100054,100,99906,100
2019-06-28 09:30:30.000000000,100006,411,100005,511,100016,100,99999,100,100025,100,99982,100,100035,100,99965,100,100039,100,99943,100,100041,100,99927,100,100048,100,99918,200,100052,100,99917,100,100053,100,99910,100,100054,100,99906,100
2019-06-28 09:30:35.893009688,100006,411,100005,411,100016,100,99999,100,100025,100,99982,100,100035,100,99965,100,100039,100,99943,100,100041,100,99927,100,100048,100,99918,200,100052,100,99917,100,100053,100,99910,100,100054,100,99906,100
2019-06-28 09:30:40.000000000,100006,178,100005,178,100016,178,99999,178,100025,178,99982,178,100035,178,99965,178,100039,100,99943,100,100041,100,99927,100,100048,100,99918,200,100052,100,99917,100,100053,100,99910,100,100054,100,99906,100
2019-06-28 09:30:40.057251010,100006,178,100005,178,100016,178,99999,178,100025,178,99982,178,100035,178,99965,178,100039,100,99943,100,100041,100,99927,100,100048,100,99918,200,100052,100,99917,100,100053,100,99910,100,100054,100,99906,100
2019-06-28 09:30:46.886183355,100006,178,100005,178,100016,178,99999,178,100025,178,99982,178,100035,178,99965,178,100039,100,99943,100,100041,100,99927,100,100048,100,99918,200,100052,100,99910,100,100053,100,99906,100,100054,100,99903,100
2019-06-28 09:30:50.000000000,100006,162,100005,162,100016,162,99999,162,100025,162,99982,162,100035,162,99965,162,100039,162,99943,162,100041,100,99927,100,100048,100,99918,200,100052,100,99910,100,100053,100,99906,100,100054,100,99903,100
2019-06-28 09:31:00.000000000,100006,162,100005,162,100016,162,99999,162,100025,162,99982,162,100035,162,99965,162,100039,162,99943,162,100041,100,99927,100,100048,100,99918,200,100052,100,99910,100,100053,100,99906,100,100054,100,99903,100
2019-06-28 09:31:10.000000000,100006,256,100005,256,100016,256,99999,256,100025,100,99982,100,100035,100,99965,100,100039,100,99943,100,100041,100,99927,100,100048,100,99918,200,100052,100,99910,100,100053,100,99906,100,100054,100,99903,100
2019-06-28 09:31:20.000000000,100006,162,100005,162,100016,162,99999,162,100025,162,99982,162,100035,162,99965,162,100039,162,99943,162,100041,100,99927,100,100048,100,99918,200,100052,100,99910,100,100053,100,99906,100,100054,100,99903,100
2019-06-28 09:31:30.000000000,100006,178,100005,178,100016,178,99999,178,100025,178,99982,178,100035,178,99965,178,100039,100,99943,100,100041,100,99927,100,100048,100,99918,200,100052,100,99910,100,100053,100,99906,100,100054,100,99903,100
2019-06-28 09:31:40.000000000,100006,206,100005,206,100016,203,99999,203,100025,203,99982,203,100035,100,99965,100,100039,100,99943,100,100041,100,99927,100,100048,100,99918,200,100052,100,99910,100,100053,100,99906,100,100054,100,99903,100
2019-06-28 09:31:41.280975321,100006,206,100005,206,100016,203,99999,203,100025,203,99982,203,100035,100,99965,100,100039,100,99943,100,100041,100,99927,100,100048,100,99918,200,100052,100,99910,100,100053,100,99906,100,100054,100,99903,100
2019-06-28 09:31:50.000000000,100006,178,100005,178,100016,178,99999,178,100025,178,99982,178,100035,178,99965,178,100039,100,99943,100,100041,100,99927,100,100048,100,99918,200,100052,100,99910,100,100053,100,99906,100,100054,100,99903,100
2019-06-28 09:31:51.589468185,100006,178,100005,178,100016,178,99999,78,100025,178,99982,178,100035,178,99965,178,100038,100,99943,100,100039,100,99927,100,100041,100,99918,200,100048,100,99910,100,100052,100,99906,100,100053,100,99903,100
2019-06-28 09:32:00.000000000,100006,178,100005,178,100016,178,99982,178,100025,178,99965,178,100035,178,99943,178,100038,100,99927,100,100039,100,99918,200,100041,100,99910,100,100048,100,99906,100,100052,100,99903,100,100053,100,99900,100
2019-06-28 09:32:01.008289022,100006,178,100005,178,100016,178,99982,178,100025,178,99965,178,100035,178,99943,178,100038,100,99927,100,100039,100,99918,200,100041,100,99906,100,100048,100,99903,100,100052,100,99900,100,100053,100,99899,100
2019-06-28 09:32:10.000000000,100006,256,100005,256,100016,256,99982,256,100025,100,99965,100,100035,100,99943,100,100038,100,99927,100,100039,100,99918,200,100041,100,99906,100,100048,100,99903,100,100052,100,99900,100,100053,100,99899,100
2019-06-28 09:32:10.566397473,100006,256,100005,256,100016,256,99982,256,100025,100,99965,100,100035,100,99943,100,100038,100,99927,100,100039,100,99918,200,100041,100,99906,100,100048,100,99903,100,100052,100,99900,100,100053,100,99899,100
2019-06-28 09:32:20.000000000,100006,206,100005,206,100016,203,99982,203,100025,203,99965,203,100035,100,99943,100,100038,100,99927,100,100039,100,99918,200,100041,100,99906,100,100048,100,99903,100,100052,100,99900,100,100053,100,99899,100
2019-06-28 09:32:25.726058343,100006,106,100005,206,100016,203,99982,203,100025,203,99965,203,100035,100,99927,100,100038,100,99918,200,100039,100,99906,100,100041,100,99903,100,100048,100,99900,100,100052,100,99899,100,100053,100,99881,100
2019-06-28 09:32:30.000000000,100016,411,100005,411,100025,100,99982,100,100035,100,99965,100,100038,100,99927,100,100039,100,99918,200,100041,100,99906,100,100048,100,99903,100,100052,100,99900,100,100053,100,99899,100,100054,100,99881,100
2019-06-28 09:32:40.000000000,100016,178,100005,178,100025,178,99982,178,100035,178,99965,178,100038,178,99927,178,100039,100,99918,200,100041,100,99906,100,100048,100,99903,100,100052,100,99900,100,100053,100,99899,100,100054,100,99881,100
2019-06-28 09:32:41.314248898,100016,178,100005,178,100025,178,99982,178,100035,178,99965,178,100038,178,99927,178,100039,100,99918,200,100041,100,99906,100,100048,100,99903,100,100052,100,99900,100,100053,100,99899,100,100054,100,99881,100
2019-06-28 09:32:45.914606863,100016,178,100005,178,100025,178,99982,178,100035,178,99965,178,100038,178,99927,178,100039,100,99918,200,100041,100,99906,100,100048,100,99903,100,100052,100,99900,100,100053,100,99899,100,100054,100,99881,100
2019-06-28 09:32:47.443055515,100016,178,100006,100,100025,178,100005,178,100035,178,99982,178,100038,178,99965,178,100039,100,99927,178,100041,100,99918,200,100048,100,99906,100,100052,100,99903,100,100053,100,99900,100,100054,100,99899,100
2019-06-28 09:32:50.000000000,100016,162,100006,162,100025,162,100005,162,100035,162,99982,162,100038,162,99965,162,100039,162,99927,162,100041,100,99918,200,100048,100,99906,100,100052,100,99903,100,100053,100,99900,100,100054,100,99899,100
2019-06-28 09:32:54.572227830,100016,62,100006,162,100025,162,100005,162,100035,162,99982,162,100038,162,99965,162,100039,162,99927,162,100041,100,99918,200,100048,100,99906,100,100052,100,99903,100,100053,100,99900,100,100054,100,99899,100
2019-06-28 09:33:00.000000000,100025,411,100006,411,100035,100,100005,100,100038,100,99982,100,100039,100,99965,100,100041,100,99927,100,100048,100,99918,200,100052,100,99906,100,100053,100,99903,100,100054,100,99900,100,100073,100,99899,100
2019-06-28 09:33:10.000000000,100025,178,100006,178,100035,178,100005,178,100038,178,99982,178,100039,178,99965,178,100041,100,99927,100,100048,100,99918,200,100052,100,99906,100,100053,100,99903,100,100054,100,99900,100,100073,100,99899,100
2019-06-28 09:33:16.150464986,100025,78,100006,178,100035,178,100005,178,100038,178,99982,178,100039,178,99965,178,100041,100,99927,100,100048,100,99918,100,100052,100,99906,100,100053,100,99903,100,100054,100,99900,100,100073,100,99899,100
2019-06-28 09:33:20.000000000,100035,178,100006,178,100038,178,100005,178,100039,178,99982,178,100041,178,99965,178,100048,100,99927,100,100052,100,99918,100,100053,100,99906,100,100054,100,99903,100,100073,100,99900,100,100082,100,99899,100
2019-06-28 09:33:21.444760571,100035,178,100006,178,100038,178,100005,178,100039,178,99982,178,100041,178,99965,178,100048,100,99927,100,100052,100,99918,100,100053,100,99906,100,100054,100,99903,100,100073,100,99900,100,100082,100,99899,100
2019-06-28 09:33:30.000000000,100035,162,100006,162,100038,162,100005,162,100039,162,99982,162,100041,162,99965,162,100048,162,99927,162,100052,100,99918,100,100053,100,99906,100,100054,100,99903,100,100073,100,99900,100,100082,100,99899,100
2019-06-28 09:33:32.406049690,100035,62,100006,162,100038,162,100005,162,100039,162,99982,162,100041,162,99965,162,100048,162,99927,162,100052,100,99918,100,100053,100,99906,100,100054,100,99903,100,100073,100,99900,100,100082,100,99899,100
2019-06-28 09:33:40.000000000,100038,411,100006,411,100039,100,100005,100,100041,100,99982,100,100048,100,99965,100,100052,100,99927,100,100053,100,99918,100,100054,100,99906,100,100073,100,99903,100,100082,100,99900,100,100093,100,99899,100
2019-06-28 09:33:46.109023537,100038,411,100006,411,100039,100,100005,100,100041,100,99982,100,100048,100,99965,100,100052,100,99927,100,100053,100,99918,100,100054,100,99906,100,100073,100,99903,100,100082,100,99900,100,100093,100,99899,100
2019-06-28 09:33:50.000000000,100038,178,100006,178,100039,178,100005,178,100041,178,99982,178,100048,178,99965,178,100052,100,99927,100,100053,100,99918,100,100054,100,99906,100,100073,100,99903,100,100082,100,99900,100,100093,100,99899,100
2019-06-28 09:33:52.708882806,100038,78,100006,178,100039,178,100005,178,100041,178,99982,178,100048,178,99965,178,100052,100,99927,100,100053,100,99918,100,100054,100,99903,100,100073,100,99900,100,100082,100,99899,100,100093,100,99881,100
2019-06-28 09:34:00.000000000,100039,256,100006,256,100041,256,100005,256,100048,100,99982,100,100052,100,99965,100,100053,100,99927,100,100054,100,99918,100,100073,100,99903,100,100082,100,99900,100,100093,100,99899,100,100104,100,99881,100
2019-06-28 09:34:10.000000000,100039,256,100006,256,100041,256,100005,256,100048,100,99982,100,100052,100,99965,100,100053,100,99927,100,100054,100,99918,100,100073,100,99903,100,100082,100,99900,100,100093,100,99899,100,100104,100,99881,100
2019-06-28 09:34:12.293065507,100039,256,100006,256,100041,256,100005,256,100048,100,99982,100,100052,100,99965,100,100053,100,99927,100,100054,100,99918,100,100073,100,99903,100,100082,100,99900,100,100093,100,99899,100,100104,100,99881,100
2019-06-28 09:34:16.922666336,100039,156,100006,256,100041,256,100005,256,100048,100,99982,100,100052,100,99965,100,100053,100,99927,100,100054,100,99918,100,100073,100,99903,100,100082,100,99900,100,100093,100,99899,100,100104,100,99881,100
2019-06-28 09:34:20.000000000,100041,256,100006,256,100048,256,100005,256,100052,100,99982,100,100053,100,99965,100,100054,100,99927,100,100073,100,99918,100,100082,100,99903,100,100093,100,99900,100,100104,100,99899,100,100124,100,99881,100
2019-06-28 09:34:30.000000000,100041,206,100006,206,100048,203,100005,203,100052,203,99982,203,100053,100,99965,100,100054,100,99927,100,100073,100,99918,100,100082,100,99903,100,100093,100,99900,100,100104,100,99899,100,100124,100,99881,100
2019-06-28 09:34:36.023663603,100041,106,100006,206,100048,203,100005,203,100052,203,99982,203,100053,100,99965,100,100054,100,99927,100,100073,100,99918,100,100082,100,99903,100,100093,100,99900,100,100104,100,99899,100,100124,100,99881,100
2019-06-28 09:34:40.000000000,100048,411,100006,411,100052,100,100005,100,100053,100,99982,100,100054,100,99965,100,100073,100,99927,100,100082,100,99918,100,100093,100,99903,100,100104,100,99900,100,100124,100,99899,100,100130,100,99881,100
2019-06-28 09:34:41.758448680,100048,211,100006,411,100052,100,100005,100,100053,100,99982,100,100054,100,99965,100,100073,100,99927,100,100082,100,99918,100,100093,100,99903,100,100104,100,99900,100,100124,100,99899,100,100130,100,99881,100
2019-06-28 09:34:42.923264107,100048,111,100006,411,100052,100,100005,100,100053,100,99982,100,100054,100,99965,100,100073,100,99927,100,100082,100,99918,100,100093,100,99903,100,100104,100,99900,100,100124,100,99899,100,100130,100,99851,100
2019-06-28 09:34:50.000000000,100052,206,100006,206,100053,203,100005,203,100054,203,99982,203,100073,100,99965,100,100082,100,99927,100,100093,100,99918,100,100104,100,99903,100,100124,100,99900,100,100130,100,99899,100,100143,100,99851,100
2019-06-28 09:35:00.000000000,100052,256,100006,256,100053,256,100005,256,100054,100,99982,100,100073,100,99965,100,100082,100,99927,100,100093,100,99918,100,100104,100,99903,100,100124,100,99900,100,100130,100,99899,100,100143,100,99851,100
2019-06-28 09:35:10.000000000,100052,411,100006,411,100053,100,100005,100,100054,100,99982,100,100073,100,99965,100,100082,100,99927,100,100093,100,99918,100,100104,100,99903,100,100124,100,99900,100,100130,100,99899,100,100143,100,99851,100
2019-06-28 09:35:14.028723607,100052,411,100048,100,100053,100,100006,411,100054,100,100005,100,100073,100,99982,100,100082,100,99965,100,100093,100,99927,100,100104,100,99918,100,100124,100,99903,100,100130,100,99900,100,100143,100,99899,100
2019-06-28 09:35:20.000000000,100052,178,100048,178,100053,178,100006,178,100054,178,100005,178,100073,178,99982,178,100082,100,99965,100,100093,100,99927,100,100104,100,99918,100,100124,100,99903,100,100130,100,99900,100,100143,100,99899,100
2019-06-28 09:35:29.613694586,100052,178,100048,278,100053,178,100006,178,100054,178,100005,178,100073,178,99982,178,100082,100,99965,100,100093,100,99927,100,100104,100,99918,100,100124,100,99903,100,100130,100,99900,100,100143,100,99899,100
2019-06-28 09:35:30.000000000,100052,206,100048,306,100053,203,100006,203,100054,203,100005,203,100073,100,99982,100,100082,100,99965,100,100093,100,99927,100,100104,100,99918,100,100124,100,99903,100,100130,100,99900,100,100143,100,99899,100
2019-06-28 09:35:36.388323959,100052,106,100048,306,100053,203,100006,203,100054,203,100005,203,100073,100,99982,100,100082,100,99965,100,100093,100,99927,100,100104,100,99918,100,100124,100,99903,100,100130,100,99900,100,100143,100,99899,100
2019-06-28 09:35:40.000000000,100053,256,100048,356,100054,256,100006,256,100073,100,100005,100,100082,100,99982,100,100093,100,99965,100,100104,100,99927,100,100124,100,99918,100,100130,100,99903,100,100143,100,99900,100,100154,100,99899,100
2019-06-28 09:35:50.000000000,100053,162,100048,262,100054,162,100006,162,100073,162,100005,162,100082,162,99982,162,100093,162,99965,162,100104,100,99927,100,100124,100,99918,100,100130,100,99903,100,100143,100,99900,100,100154,100,99899,100
2019-06-28 09:35:52.286081033,100053,62,100048,262,100054,162,100006,162,100073,162,100005,162,100082,162,99982,162,100093,162,99965,162,100104,100,99927,100,100124,100,99918,100,100130,100,99903,100,100143,100,99900,100,100154,100,99899,100
2019-06-28 09:35:59.415741822,100054,162,100053,38,100073,162,100048,262,100082,162,100006,162,100093,162,100005,162,100104,100,99982,162,100124,100,99965,162,100130,100,99927,100,100143,100,99918,100,100154,100,99903,100,100287,100,99900,100
2019-06-28 09:35:59.731616991,100054,162,100053,38,100073,162,100052,100,100082,162,100048,262,100093,162,100006,162,100104,100,100005,162,100124,100,99982,162,100130,100,99965,162,100143,100,99927,100,100154,100,99918,100,100287,100,99903,100
2019-06-28 09:36:00.000000000,100054,178,100053,116,100073,178,100052,178,100082,178,100048,278,100093,178,100006,178,100104,100,100005,100,100124,100,99982,100,100130,100,99965,100,100143,100,99927,100,100154,100,99918,100,100287,100,99903,100
2019-06-28 09:36:06.132255037,100054,178,100053,116,100073,178,100052,278,100082,178,100048,278,100093,178,100006,178,100104,100,100005,100,100124,100,99982,100,100130,100,99965,100,100143,100,99927,100,100154,100,99918,100,100287,100,99903,100
2019-06-28 09:36:07.472847648,100054,78,100053,116,100073,178,100052,278,100082,178,100048,278,100093,178,100006,178,100104,100,100005,100,100124,100,99982,100,100130,100,99965,100,100143,100,99927,100,100154,100,99918,100,100287,100,99903,100
2019-06-28 09:36:10.000000000,100073,162,100053,100,100082,162,100052,262,100093,162,100048,262,100104,162,100006,162,100124,162,100005,162,100130,100,99982,100,100143,100,99965,100,100154,100,99927,100,100287,100,99918,100,100670,100,99903,100
2019-06-28 09:36:20.000000000,100073,206,100053,144,100082,203,100052,303,100093,203,100048,303,100104,100,100006,100,100124,100,100005,100,100130,100,99982,100,100143,100,99965,100,100154,100,99927,100,100287,100,99918,100,100670,100,99903,100
2019-06-28 09:36:22.527890163,100073,106,100053,144,100082,203,100052,303,100093,103,100048,303,100104,100,100006,100,100124,100,100005,100,100130,100,99982,100,100143,100,99965,100,100154,100,99927,100,100287,100,99918,100,100670,100,99903,100
2019-06-28 09:36:23.753564686,100073,106,100053,144,100082,203,100052,303,100093,103,100048,303,100104,100,100006,100,100130,100,100005,100,100143,100,99982,100,100154,100,99965,100,100287,100,99927,100,100670,100,99918,100,100925,100,99903,100
2019-06-28 09:36:30.000000000,100082,206,100053,144,100104,203,100052,303,100130,203,100048,303,100143,100,100006,100,100154,100,100005,100,100287,100,99982,100,100670,100,99965,100,100925,100,99927,100,100940,100,99918,100,100948,100,99903,100
2019-06-28 09:36:30.298386795,100082,106,100053,144,100104,203,100052,303,100130,203,100048,303,100143,100,100006,100,100154,100,100005,100,100287,100,99982,100,100670,100,99965,100,100925,100,99927,100,100940,100,99918,100,100948,100,99903,100
2019-06-28 09:36:40.000000000,100104,206,100053,144,100130,203,100052,303,100143,203,100048,303,100154,100,100006,100,100287,100,100005,100,100670,100,99982,100,100925,100,99965,100,100940,100,99927,100,100948,100,99918,100,101044,100,99903,100
2019-06-28 09:36:50.000000000,100104,206,100053,144,100130,203,100052,303,100143,203,100048,303,100154,100,100006,100,100287,100,100005,100,100670,100,99982,100,100925,100,99965,100,100940,100,99927,100,100948,100,99918,100,101044,100,99903,100
2019-06-28 09:36:55.520820272,100104,106,100053,144,100130,203,100052,303,100143,203,100048,303,100154,100,100006,100,100287,100,100005,100,100670,100,99982,100,100925,100,99965,100,100940,100,99927,100,100948,100,99918,100,101044,100,99903,100
2019-06-28 09:37:00.000000000,100130,162,100053,100,100143,162,100052,262,100154,162,100048,262,100287,162,100006,162,100670,162,100005,162,100925,100,99982,100,100940,100,99965,100,100948,100,99927,100,101044,100,99918,100,101059,100,99903,100
2019-06-28 09:37:01.810372099,100130,62,100053,100,100143,162,100052,262,100154,162,100048,262,100287,162,100006,162,100670,162,100005,162,100925,100,99982,100,100940,100,99965,100,100948,100,99927,100,101044,100,99918,100,101059,100,99903,100
2019-06-28 09:37:05.485376094,100143,162,100130,38,100154,162,100053,100,100287,162,100052,262,100670,162,100048,262,100925,100,100006,162,100940,100,100005,162,100948,100,99982,100,101044,100,99965,100,101059,100,99927,100,101148,100,99918,100
2019-06-28 09:37:10.000000000,100143,162,100130,100,100154,162,100053,100,100287,162,100052,262,100670,162,100048,262,100925,162,100006,162,100940,100,100005,100,100948,100,99982,100,101044,100,99965,100,101059,100,99927,100,101148,100,99918,100
2019-06-28 09:37:14.957320015,100143,62,100130,100,100154,162,100053,100,100287,162,100052,262,100670,162,100048,262,100925,162,100006,162,100940,100,100005,100,100948,100,99982,100,101044,100,99965,100,101059,100,99927,100,101148,100,99918,100
2019-06-28 09:37:20.000000000,100154,162,100130,100,100287,162,100053,100,100670,162,100052,262,100925,162,100048,262,100940,162,100006,162,100948,100,100005,100,101044,100,99982,100,101059,100,99965,100,101148,100,99927,100,,,99918,100
2019-06-28 09:37:29.429687254,100154,162,100130,100,100287,162,100053,100,100670,162,100052,262,100925,162,100048,262,100940,162,100006,162,100948,100,100005,100,101044,100,99982,100,101059,100,99965,100,101148,100,99927,100,101274,100,99918,100
2019-06-28 09:37:30.000000000,100154,256,100130,194,100287,256,100053,194,100670,100,100052,200,100925,100,100048,200,100940,100,100006,100,100948,100,100005,100,101044,100,99982,100,101059,100,99965,100,101148,100,99927,100,101274,100,99918,100
2019-06-28 09:37:38.219863245,100154,256,100130,194,100287,256,100053,194,100670,100,100052,200,100925,100,100048,200,100940,100,100006,100,100948,100,100005,100,101044,100,99982,100,101105,100,99965,100,101148,100,99927,100,101274,100,99918,100
2019-06-28 09:37:40.000000000,100154,206,100130,144,100287,203,100053,141,100670,203,100052,303,100925,100,100048,200,100940,100,100006,100,100948,100,100005,100,101044,100,99982,100,101105,100,99965,100,101148,100,99927,100,101274,100,99918,100
2019-06-28 09:37:50.000000000,100154,256,100130,194,100287,256,100053,194,100670,100,100052,200,100925,100,100048,200,100940,100,100006,100,100948,100,100005,100,101044,100,99982,100,101105,100,99965,100,101148,100,99927,100,101274,100,99918,100
2019-06-28 09:37:50.183485068,100154,256,100130,194,100287,256,100053,194,100670,100,100052,200,100925,100,100048,200,100940,100,100006,100,100948,100,100005,100,101044,100,99965,100,101105,100,99927,100,101148,100,99918,100,101274,100,99903,100
2019-06-28 09:38:00.000000000,100154,256,100130,194,100287,256,100053,194,100670,100,100052,200,100925,100,100048,200,100940,100,100006,100,100948,100,100005,100,101044,100,99965,100,101105,100,99927,100,101148,100,99918,100,101274,100,99903,100
2019-06-28 09:38:03.926252651,100154,256,100130,194,100287,156,100053,194,100670,100,100052,200,100925,100,100048,200,100940,100,100006,100,100948,100,100005,100,101044,100,99965,100,101105,100,99927,100,101148,100,99918,100,101274,100,99903,100
2019-06-28 09:38:10.000000000,100154,178,100130,116,100670,178,100053,116,100925,178,100052,278,100940,178,100048,278,100948,100,100006,100,101044,100,100005,100,101105,100,99965,100,101148,100,99927,100,101274,100,99918,100,101302,100,99903,100
2019-06-28 09:38:18.126726254,100154,178,100130,116,100670,178,100053,116,100925,178,100052,278,100940,178,100048,278,100948,100,100006,100,101044,100,100005,100,101105,100,99965,100,101148,100,99927,100,101274,100,99918,100,101302,100,99903,100
2019-06-28 09:38:20.000000000,100154,178,100130,116,100670,178,100053,116,100925,178,100052,278,100940,178,100048,278,100948,100,100006,100,101044,100,100005,100,101105,100,99965,100,101148,100,99927,100,101274,100,99918,100,101302,100,99903,100
2019-06-28 09:38:26.478733663,100154,178,100131,100,100670,178,100130,116,100925,178,100053,116,100940,178,100052,278,100948,100,100048,278,101044,100,100006,100,101105,100,100005,100,101148,100,99965,100,101274,100,99927,100,101302,100,99918,100
2019-06-28 09:38:30.000000000,100154,206,100131,206,100670,203,100130,141,100925,203,100053,141,100940,100,100052,200,100948,100,100048,200,101044,100,100006,100,101105,100,100005,100,101148,100,99965,100,101274,100,99927,100,101302,100,99918,100
2019-06-28 09:38:32.435234034,100154,106,100131,206,100670,203,100130,141,100925,203,100053,141,100940,100,100052,200,100948,100,100048,200,101044,100,100006,100,101105,100,100005,100,101148,100,99965,100,101274,100,99927,100,101302,100,99918,100
2019-06-28 09:38:40.000000000,100670,206,100131,206,100925,203,100130,141,100940,203,100053,141,100948,100,100052,200,101044,100,100048,200,101105,100,100006,100,101148,100,100005,100,101274,100,99965,100,101302,100,99927,100,101377,100,99918,100
2019-06-28 09:38:43.127156594,100670,106,100131,206,100925,203,100130,141,100940,203,100053,141,100948,100,100052,200,101044,100,100048,200,101105,100,100006,100,101148,100,100005,100,101274,100,99965,100,101302,100,99927,100,101377,100,99918,100
2019-06-28 09:38:50.000000000,100925,162,100131,162,100940,162,100130,100,100948,162,100053,100,101044,162,100052,262,101105,162,100048,262,101148,100,100006,100,101274,100,100005,100,101302,100,99965,100,101377,100,99927,100,101392,100,99918,100
2019-06-28 09:38:52.692008977,100940,162,100925,38,100948,162,100131,162,101044,162,100130,100,101105,162,100053,100,101148,100,100052,262,101274,100,100048,262,101302,100,100006,100,101377,100,100005,100,101392,100,99965,100,,,99927,100
2019-06-28 09:39:00.000000000,100940,162,100925,100,100948,162,100131,162,101044,162,100130,100,101105,162,100053,100,101148,162,100052,262,101274,100,100048,200,101302,100,100006,100,101377,100,100005,100,101392,100,99965,100,,,99927,100
2019-06-28 09:39:10.000000000,100940,206,100925,144,100948,203,100131,203,101044,203,100130,141,101105,100,100053,38,101148,100,100052,200,101274,100,100048,200,101302,100,100006,100,101377,100,100005,100,101392,100,99965,100,,,99927,100
2019-06-28 09:39:11.738990136,100940,206,100925,144,100948,203,100131,203,101044,203,100130,141,101105,100,100053,38,101148,100,100052,200,101274,100,100048,200,101302,100,100006,100,101306,100,100005,100,101377,100,99965,100,101392,100,99927,100
2019-06-28 09:39:12.025661886,100940,6,100925,144,100948,203,100131,203,101044,203,100130,141,101105,100,100053,38,101148,100,100052,200,101274,100,100048,200,101302,100,100006,100,101306,100,100005,100,101377,100,99965,100,101392,100,99927,100
2019-06-28 09:39:20.000000000,100948,256,100925,194,101044,256,100131,256,101105,100,100130,38,101148,100,100053,38,101274,100,100052,200,101302,100,100048,200,101306,100,100006,100,101377,100,100005,100,101392,100,99965,100,,,99927,100
2019-06-28 09:39:30.000000000,100948,206,100925,144,101044,203,100131,203,101105,203,100130,141,101148,100,100053,38,101274,100,100052,200,101302,100,100048,200,101306,100,100006,100,101377,100,100005,100,101392,100,99965,100,,,99927,100
2019-06-28 09:39:30.916782394,100948,106,100925,144,101044,203,100131,203,101105,203,100130,141,101148,100,100053,38,101274,100,100052,200,101302,100,100048,200,101306,100,100006,100,101377,100,100005,100,101392,100,99965,100,,,99927,100
2019-06-28 09:39:37.552155043,100948,106,100925,144,100993,100,100131,203,101044,203,100130,141,101105,203,100053,38,101148,100,100052,200,101274,100,100048,200,101302,100,100006,100,101306,100,100005,100,101377,100,99965,100,101392,100,99918,100
2019-06-28 09:39:40.000000000,100993,411,100925,349,101044,100,100131,100,101105,100,100130,38,101148,100,100053,38,101274,100,100052,200,101302,100,100048,200,101306,100,100006,100,101377,100,100005,100,101392,100,99965,100,,,99918,100
2019-06-28 09:39:50.000000000,100993,162,100925,100,101044,162,100131,162,101105,162,100130,100,101148,162,100053,100,101274,162,100052,262,101302,100,100048,200,101306,100,100006,100,101377,100,100005,100,101392,100,99965,100,,,99918,100
2019-06-28 09:39:54.321593853,100993,162,100925,100,101044,162,100131,162,101105,162,100130,100,101148,162,100053,100,101274,162,100052,162,101302,100,100048,200,101306,100,100006,100,101377,100,100005,100,101392,100,99965,100,,,99918,100
2019-06-28 09:40:00.000000000,100993,256,100925,194,101044,256,100131,256,101105,100,100130,38,101148,100,100053,38,101274,100,100052,100,101302,100,100048,200,101306,100,100006,100,101377,100,100005,100,101392,100,99965,100,,,99918,100
2019-06-28 09:40:00.889544110,100993,256,100925,94,101044,256,100131,256,101105,100,100130,38,101274,100,100053,38,101302,100,100052,100,101306,100,100048,200,101377,100,100006,100,101392,100,100005,100,,,99965,100,,,99918,100
2019-06-28 09:40:10.000000000,100993,206,100131,206,101044,203,100130,141,101105,203,100053,141,101274,100,100052,100,101302,100,100048,200,101306,100,100006,100,101377,100,100005,100,101392,100,99965,100,,,99918,100,,,99903,100
2019-06-28 09:40:20.000000000,100993,256,100131,256,101044,256,100130,194,101105,100,100053,38,101274,100,100052,100,101302,100,100048,200,101306,100,100006,100,101377,100,100005,100,101392,100,99965,100,,,99918,100,,,99903,100
2019-06-28 09:40:30.000000000,100993,206,100131,206,101044,203,100130,141,101105,203,100053,141,101274,100,100052,100,101302,100,100048,200,101306,100,100006,100,101377,100,100005,100,101392,100,99965,100,,,99918,100,,,99903,100
2019-06-28 09:40:40.000000000,100993,206,100131,206,101044,203,100130,141,101105,203,100053,141,101274,100,100052,100,101302,100,100048,200,101306,100,100006,100,101377,100,100005,100,101392,100,99965,100,,,99918,100,,,99903,100
2019-06-28 09:40:44.271861204,100993,206,100131,206,101044,203,100130,141,101105,203,100053,141,101274,100,100052,100,101302,100,100048,200,101306,100,100005,100,101377,100,99965,100,101392,100,99918,100,,,99903,100,,,99900,100
2019-06-28 09:40:50.000000000,100993,178,100131,178,101044,178,100130,116,101105,178,100053,116,101274,178,100052,178,101302,100,100048,200,101306,100,100005,100,101377,100,99965,100,101392,100,99918,100,,,99903,100,,,99900,100
2019-06-28 09:41:00.000000000,100993,206,100131,206,101044,203,100130,141,101105,203,100053,141,101274,100,100052,100,101302,100,100048,200,101306,100,100005,100,101377,100,99965,100,101392,100,99918,100,,,99903,100,,,99900,100
2019-06-28 09:41:07.834707547,100947,100,100131,206,100993,206,100130,141,101044,203,100053,141,101105,203,100052,100,101274,100,100048,200,101302,100,100005,100,101306,100,99965,100,101377,100,99918,100,101392,100,99903,100,,,99900,100
2019-06-28 09:41:10.000000000,100947,162,100131,162,100993,162,100130,100,101044,162,100053,100,101105,162,100052,162,101274,162,100048,262,101302,100,100005,100,101306,100,99965,100,101377,100,99918,100,101392,100,99903,100,,,99900,100
2019-06-28 09:41:11.557021568,100947,262,100131,162,100993,162,100130,100,101044,162,100053,100,101105,162,100052,162,101274,162,100048,162,101302,100,100005,100,101306,100,99965,100,101377,100,99918,100,101392,100,99903,100,,,99900,100
2019-06-28 09:41:20.000000000,100947,511,100131,411,100993,100,100130,38,101044,100,100053,38,101105,100,100052,100,101274,100,100048,100,101302,100,100005,100,101306,100,99965,100,101377,100,99918,100,101392,100,99903,100,,,99900,100
2019-06-28 09:41:29.242991858,100613,100,100131,411,100947,511,100130,38,100993,100,100053,38,101044,100,100052,100,101105,100,100048,100,101274,100,100005,100,101302,100,99965,100,101306,100,99918,100,101377,100,99903,100,101392,100,99900,100
2019-06-28 09:41:30.000000000,100613,178,100131,178,100947,278,100130,116,100993,178,100053,116,101044,178,100052,178,101105,100,100048,100,101274,100,100005,100,101302,100,99965,100,101306,100,99918,100,101377,100,99903,100,101392,100,99900,100
2019-06-28 09:41:38.510320201,100613,178,100131,178,100693,100,100130,116,100947,278,100053,116,100993,178,100052,178,101044,178,100048,100,101105,100,100005,100,101274,100,99965,100,101302,100,99918,100,101306,100,99903,100,101377,100,99900,100
2019-06-28 09:41:40.000000000,100613,411,100131,411,100693,100,100130,38,100947,200,100053,38,100993,100,100052,100,101044,100,100048,100,101105,100,100005,100,101274,100,99965,100,101302,100,99918,100,101306,100,99903,100,101377,100,99900,100
2019-06-28 09:41:50.000000000,100613,162,100131,162,100693,162,100130,100,100947,262,100053,100,100993,162,100052,162,101044,162,100048,162,101105,100,100005,100,101274,100,99965,100,101302,100,99918,100,101306,100,99903,100,101377,100,99900,100
2019-06-28 09:41:54.027155712,100613,162,100131,162,100693,162,100130,100,100947,362,100053,100,100993,162,100052,162,101044,162,100048,162,101105,100,100005,100,101274,100,99965,100,101302,100,99918,100,101306,100,99903,100,101377,100,99900,100
2019-06-28 09:42:00.000000000,100613,178,100131,178,100693,178,100130,116,100947,378,100053,116,100993,178,100052,178,101044,100,100048,100,101105,100,100005,100,101274,100,99965,100,101302,100,99918,100,101306,100,99903,100,101377,100,99900,100
2019-06-28 09:42:10.000000000,100613,178,100131,178,100693,178,100130,116,100947,378,100053,116,100993,178,100052,178,101044,100,100048,100,101105,100,100005,100,101274,100,99965,100,101302,100,99918,100,101306,100,99903,100,101377,100,99900,100
2019-06-28 09:42:18.314952497,100613,178,100268,100,100693,178,100131,178,100947,378,100130,116,100993,178,100053,116,101105,100,100052,178,101274,100,100048,100,101302,100,100005,100,101306,100,99965,100,101377,100,99918,100,101392,100,99903,100
2019-06-28 09:42:20.000000000,100613,206,100268,206,100693,203,100131,203,100947,403,100130,141,100993,100,100053,38,101105,100,100052,100,101274,100,100048,100,101302,100,100005,100,101306,100,99965,100,101377,100,99918,100,101392,100,99903,100
2019-06-28 09:42:30.000000000,100613,206,100268,206,100693,203,100131,203,100947,403,100130,141,100993,100,100053,38,101105,100,100052,100,101274,100,100048,100,101302,100,100005,100,101306,100,99965,100,101377,100,99918,100,101392,100,99903,100
2019-06-28 09:42:40.000000000,100613,162,100268,162,100693,162,100131,162,100947,362,100130,100,100993,162,100053,100,101105,162,100052,162,101274,100,100048,100,101302,100,100005,100,101306,100,99965,100,101377,100,99918,100,101392,100,99903,100
2019-06-28 09:42:50.000000000,100613,162,100268,162,100693,162,100131,162,100947,362,100130,100,100993,162,100053,100,101105,162,100052,162,101274,100,100048,100,101302,100,100005,100,101306,100,99965,100,101377,100,99918,100,101392,100,99903,100
2019-06-28 09:43:00.000000000,100613,178,100268,178,100693,178,100131,178,100947,378,100130,116,100993,178,100053,116,101105,100,100052,100,101274,100,100048,100,101302,100,100005,100,101306,100,99965,100,101377,100,99918,100,101392,100,99903,100
2019-06-28 09:43:04.752001010,100613,178,100268,178,100693,178,100131,178,100947,378,100130,116,100993,178,100053,116,101105,100,100052,100,101274,100,100048,100,101302,100,100005,100,101306,100,99965,100,101377,100,99918,100,101392,100,99903,100
2019-06-28 09:43:10.000000000,100613,162,100268,162,100693,162,100131,162,100947,362,100130,100,100993,162,100053,100,101105,162,100052,162,101274,100,100048,100,101302,100,100005,100,101306,100,99965,100,101377,100,99918,100,101392,100,99903,100
2019-06-28 09:43:20.000000000,100613,162,100268,162,100693,162,100131,162,100947,362,100130,100,100993,162,100053,100,101105,162,100052,162,101274,100,100048,100,101302,100,100005,100,101306,100,99965,100,101377,100,99918,100,101392,100,99903,100
2019-06-28 09:43:26.268265243,100456,100,100268,162,100613,162,100131,162,100693,162,100130,100,100947,362,100053,100,100993,162,100052,162,101105,162,100048,100,101274,100,100005,100,101302,100,99965,100,101306,100,99918,100,101377,100,99903,100
2019-06-28 09:43:30.000000000,100456,162,100268,162,100613,162,100131,162,100693,162,100130,100,100947,362,100053,100,100993,162,100052,162,101105,100,100048,100,101274,100,100005,100,101302,100,99965,100,101306,100,99918,100,101377,100,99903,100
2019-06-28 09:43:33.928814774,100456,162,100268,162,100613,162,100131,162,100693,162,100130,100,100947,362,100078,100,100993,162,100053,100,101105,100,100052,162,101274,100,100048,100,101302,100,100005,100,101306,100,99965,100,101377,100,99918,100
2019-06-28 09:43:40.000000000,100456,206,100268,206,100613,203,100131,203,100693,203,100130,141,100947,300,100078,100,100993,100,100053,38,101105,100,100052,100,101274,100,100048,100,101302,100,100005,100,101306,100,99965,100,101377,100,99918,100
2019-06-28 09:43:50.000000000,100456,411,100268,411,100613,100,100131,100,100693,100,100130,38,100947,300,100078,100,100993,100,100053,38,101105,100,100052,100,101274,100,100048,100,101302,100,100005,100,101306,100,99965,100,101377,100,99918,100
2019-06-28 09:44:00.000000000,100456,411,100268,411,100613,100,100131,100,100693,100,100130,38,100947,300,100078,100,100993,100,100053,38,101105,100,100052,100,101274,100,100048,100,101302,100,100005,100,101306,100,99965,100,101377,100,99918,100
2019-06-28 09:44:10.000000000,100456,411,100268,411,100613,100,100131,100,100693,100,100130,38,100947,300,100078,100,100993,100,100053,38,101105,100,100052,100,101274,100,100048,100,101302,100,100005,100,101306,100,99965,100,101377,100,99918,100
2019-06-28 09:44:20.000000000,100456,256,100268,256,100613,256,100131,256,100693,100,100130,38,100947,300,100078,100,100993,100,100053,38,101105,100,100052,100,101274,100,100048,100,101302,100,100005,100,101306,100,99965,100,101377,100,99918,100
2019-06-28 09:44:30.000000000,100456,411,100268,411,100613,100,100131,100,100693,100,100130,38,100947,300,100078,100,100993,100,100053,38,101105,100,100052,100,101274,100,100048,100,101302,100,100005,100,101306,100,99965,100,101377,100,99918,100
2019-06-28 09:44:40.000000000,100456,411,100268,411,100613,100,100131,100,100693,100,100130,38,100947,300,100078,100,100993,100,100053,38,101105,100,100052,100,101274,100,100048,100,101302,100,100005,100,101306,100,99965,100,101377,100,99918,100
2019-06-28 09:44:50.000000000,100456,162,100268,162,100613,162,100131,162,100693,162,100130,100,100947,362,100078,162,100993,162,100053,100,101105,100,100052,100,101274,100,100048,100,101302,100,100005,100,101306,100,99965,100,101377,100,99918,100
2019-06-28 09:45:00.000000000,100456,206,100268,206,100613,203,100131,203,100693,203,100130,141,100947,300,100078,100,100993,100,100053,38,101105,100,100052,100,101274,100,100048,100,101302,100,100005,100,101306,100,99965,100,101377,100,99918,100
2019-06-28 09:45:10.000000000,100456,162,100268,162,100613,162,100131,162,100693,162,100130,100,100947,362,100078,162,100993,162,100053,100,101105,100,100052,100,101274,100,100048,100,101302,100,100005,100,101306,100,99965,100,101377,100,99918,100
2019-06-28 09:45:20.000000000,100456,178,100268,178,100613,178,100131,178,100693,178,100130,116,100947,378,100078,178,100993,100,100053,38,101105,100,100052,100,101274,100,100048,100,101302,100,100005,100,101306,100,99965,100,101377,100,99918,100
2019-06-28 09:45:30.000000000,100456,178,100268,178,100613,178,100131,178,100693,178,100130,116,100947,378,100078,178,100993,100,100053,38,101105,100,100052,100,101274,100,100048,100,101302,100,100005,100,101306,100,99965,100,101377,100,99918,100
2019-06-28 09:45:38.750744239,100456,178,100268,178,100613,178,100131,178,100693,178,100130,116,100947,378,100078,178,100993,100,100053,38,101105,100,100052,100,101274,100,100048,100,101302,100,100005,100,101306,100,99965,100,101377,100,99918,100
2019-06-28 09:45:40.000000000,100456,178,100268,178,100613,178,100131,178,100693,178,100130,116,100947,378,100078,178,100993,100,100053,38,101105,100,100052,100,101274,100,100048,100,101302,100,100005,100,101306,100,99965,100,101377,100,99918,100
2019-06-28 09:45:50.000000000,100456,411,100268,411,100613,100,100131,100,100693,100,100130,38,100947,300,100078,100,100993,100,100053,38,101105,100,100052,100,101274,100,100048,100,101302,100,100005,100,101306,100,99965,100,101377,100,99918,100
2019-06-28 09:46:00.000000000,100456,178,100268,178,100613,178,100131,178,100693,178,100130,116,100947,378,100078,178,100993,100,100053,38,101105,100,100052,100,101274,100,100048,100,101302,100,100005,100,101306,100,99965,100,101377,100,99918,100
2019-06-28 09:46:10.000000000,100456,178,100268,178,100613,178,100131,178,100693,178,100130,116,100947,378,100078,178,100993,100,100053,38,101105,100,100052,100,101274,100,100048,100,101302,100,100005,100,101306,100,99965,100,101377,100,99918,100
2019-06-28 09:46:12.164022006,100456,178,100268,78,100613,178,100131,178,100693,178,100130,116,100947,378,100078,178,100993,100,100053,38,101105,100,100052,100,101274,100,100048,100,101302,100,100005,100,101306,100,99965,100,101377,100,99918,100
2019-06-28 09:46:20.000000000,100456,162,100131,162,100613,162,100130,100,100693,162,100078,162,100947,362,100053,100,100993,162,100052,162,101105,100,100048,100,101274,100,100005,100,101302,100,99965,100,101306,100,99918,100,101377,100,99903,100
2019-06-28 09:46:30.000000000,100456,256,100131,256,100613,256,100130,194,100693,100,100078,100,100947,300,100053,38,100993,100,100052,100,101105,100,100048,100,101274,100,100005,100,101302,100,99965,100,101306,100,99918,100,101377,100,99903,100
2019-06-28 09:46:30.387678195,100456,256,100131,256,100613,256,100130,194,100693,100,100078,100,100947,300,100053,38,100993,100,100052,100,101105,100,100048,100,101274,100,100005,100,101302,100,99965,100,101306,100,99918,100,101377,100,99903,100
2019-06-28 09:46:40.000000000,100456,411,100131,411,100613,100,100130,38,100693,100,100078,100,100947,300,100053,38,100993,100,100052,100,101105,100,100048,100,101274,100,100005,100,101302,100,99965,100,101306,100,99918,100,101377,100,99903,100
2019-06-28 09:46:50.000000000,100456,178,100131,178,100613,178,100130,116,100693,178,100078,178,100947,378,100053,116,100993,100,100052,100,101105,100,100048,100,101274,100,100005,100,101302,100,99965,100,101306,100,99918,100,101377,100,99903,100
2019-06-28 09:46:51.572836435,100456,178,100131,178,100613,178,100130,116,100693,178,100078,178,100947,378,100053,116,100993,100,100052,100,101105,100,100048,100,101274,100,100005,100,101302,100,99965,100,101306,100,99918,100,101377,100,99917,100
2019-06-28 09:46:56.948255374,100455,100,100131,178,100456,178,100130,116,100613,178,100078,178,100693,178,100053,116,100947,378,100052,100,100993,100,100048,100,101105,100,100005,100,101274,100,99965,100,101302,100,99918,100,101306,100,99917,100
2019-06-28 09:47:00.000000000,100455,256,100131,256,100456,256,100130,194,100613,100,100078,100,100693,100,100053,38,100947,300,100052,100,100993,100,100048,100,101105,100,100005,100,101274,100,99965,100,101302,100,99918,100,101306,100,99917,100
2019-06-28 09:47:00.272893536,100455,256,100131,256,100456,256,100130,194,100613,100,100078,100,100693,100,100053,38,100947,200,100052,100,100993,100,100048,100,101105,100,100005,100,101274,100,99965,100,101302,100,99918,100,101306,100,99917,100
2019-06-28 09:47:00.571199546,100455,256,100131,156,100456,256,100130,194,100613,100,100078,100,100693,100,100053,38,100947,200,100052,100,100993,100,100048,100,101105,100,100005,100,101274,100,99965,100,101302,100,99918,100,101306,100,99917,100
2019-06-28 09:47:01.610885099,100455,256,100131,156,100456,256,100130,194,100613,100,100078,100,100693,100,100053,38,100947,100,100052,100,100993,100,100048,100,101105,100,100005,100,101274,100,99965,100,101302,100,99918,100,101306,100,99917,100
2019-06-28 09:47:10.000000000,100455,256,100130,194,100456,256,100078,256,100613,100,100053,38,100693,100,100052,100,100947,100,100048,100,100993,100,100005,100,101105,100,99965,100,101274,100,99918,100,101302,100,99917,100,101306,100,99903,100
2019-06-28 09:47:20.000000000,100455,178,100130,116,100456,178,100078,178,100613,178,100053,116,100693,178,100052,178,100947,100,100048,100,100993,100,100005,100,101105,100,99965,100,101274,100,99918,100,101302,100,99917,100,101306,100,99903,100
2019-06-28 09:47:25.339740143,100455,178,100130,16,100456,178,100078,178,100613,178,100053,116,100693,178,100052,178,100947,100,100048,100,100993,100,100005,100,101105,100,99965,100,101274,100,99918,100,101302,100,99917,100,101306,100,99903,100
2019-06-28 09:47:30.000000000,100455,411,100078,411,100456,100,100053,38,100613,100,100052,100,100693,100,100048,100,100947,100,100005,100,100993,100,99965,100,101105,100,99918,100,101274,100,99917,100,101302,100,99903,100,101306,100,99900,100
2019-06-28 09:47:40.000000000,100455,256,100078,256,100456,256,100053,194,100613,100,100052,100,100693,100,100048,100,100947,100,100005,100,100993,100,99965,100,101105,100,99918,100,101274,100,99917,100,101302,100,99903,100,101306,100,99900,100
2019-06-28 09:47:50.000000000,100455,162,100078,162,100456,162,100053,100,100613,162,100052,162,100693,162,100048,162,100947,162,100005,162,100993,100,99965,100,101105,100,99918,100,101274,100,99917,100,101302,100,99903,100,101306,100,99900,100
2019-06-28 09:47:53.687666513,100455,162,100078,162,100456,162,100053,100,100613,162,100052,162,100693,162,100048,162,100947,162,100005,162,100993,100,99965,100,101105,100,99918,100,101274,100,99917,100,101302,100,99903,100,101377,100,99900,100
2019-06-28 09:48:00.000000000,100455,162,100078,162,100456,162,100053,100,100613,162,100052,162,100693,162,100048,162,100947,162,100005,162,100993,100,99965,100,101105,100,99918,100,101274,100,99917,100,101302,100,99903,100,101377,100,99900,100
2019-06-28 09:48:10.000000000,100455,256,100078,256,100456,256,100053,194,100613,100,100052,100,100693,100,100048,100,100947,100,100005,100,100993,100,99965,100,101105,100,99918,100,101274,100,99917,100,101302,100,99903,100,101377,100,99900,100
2019-06-28 09:48:20.000000000,100455,162,100078,162,100456,162,100053,100,100613,162,100052,162,100693,162,100048,162,100947,162,100005,162,100993,100,99965,100,101105,100,99918,100,101274,100,99917,100,101302,100,99903,100,101377,100,99900,100
2019-06-28 09:48:22.833683593,100455,162,100078,162,100456,162,100053,100,100613,162,100052,162,100693,62,100048,162,100947,162,100005,162,100993,100,99965,100,101105,100,99918,100,101274,100,99917,100,101302,100,99903,100,101377,100,99900,100
2019-06-28 09:48:30.000000000,100455,206,100078,206,100456,203,100053,141,100613,203,100052,203,100947,100,100048,100,100993,100,100005,100,101105,100,99965,100,101274,100,99918,100,101302,100,99917,100,101377,100,99903,100,101392,100,99900,100
2019-06-28 09:48:34.775856048,100455,206,100078,206,100456,203,100053,141,100613,203,100052,203,100947,100,100048,100,100993,100,100005,100,101105,100,99965,100,101274,100,99918,100,101302,100,99917,100,101377,100,99903,100,101392,100,99900,100
2019-06-28 09:48:40.000000000,100455,162,100078,162,100456,162,100053,100,100613,162,100052,162,100947,162,100048,162,100993,162,100005,162,101105,100,99965,100,101274,100,99918,100,101302,100,99917,100,101377,100,99903,100,101392,100,99900,100
2019-06-28 09:48:43.995499335,100131,100,100078,162,100455,162,100053,100,100456,162,100052,162,100613,162,100048,162,100947,162,100005,162,100993,162,99965,100,101105,100,99918,100,101274,100,99917,100,101302,100,99903,100,101377,100,99900,100
2019-06-28 09:48:50.000000000,100131,206,100078,206,100455,203,100053,141,100456,203,100052,203,100613,100,100048,100,100947,100,100005,100,100993,100,99965,100,101105,100,99918,100,101274,100,99917,100,101302,100,99903,100,101377,100,99900,100
2019-06-28 09:48:56.851179742,100131,206,100078,206,100455,203,100053,141,100456,203,100052,203,100613,100,100048,100,100947,100,100005,100,100993,100,99965,100,101105,100,99918,100,101274,100,99917,100,101302,100,99903,100,101377,100,99900,100
2019-06-28 09:49:00.000000000,100131,256,100078,256,100455,256,100053,194,100456,100,100052,100,100613,100,100048,100,100947,100,100005,100,100993,100,99965,100,101105,100,99918,100,101274,100,99917,100,101302,100,99903,100,101377,100,99900,100
2019-06-28 09:49:10.000000000,100131,256,100078,256,100455,256,100053,194,100456,100,100052,100,100613,100,100048,100,100947,100,100005,100,100993,100,99965,100,101105,100,99918,100,101274,100,99917,100,101302,100,99903,100,101377,100,99900,100
2019-06-28 09:49:10.753429634,100131,256,100078,256,100455,256,100053,194,100456,100,100052,100,100613,100,100048,100,100947,100,100005,100,100993,100,99965,100,101105,100,99918,100,101274,100,99917,100,101302,100,99903,100,101377,100,99900,100
2019-06-28 09:49:13.688304981,100131,256,100078,156,100455,256,100053,194,100456,100,100052,100,100613,100,100048,100,100947,100,100005,100,100993,100,99965,100,101105,100,99918,100,101274,100,99917,100,101302,100,99903,100,101377,100,99900,100
2019-06-28 09:49:17.558725049,100131,256,100078,156,100455,256,100053,194,100456,100,100052,100,100613,100,100048,100,100947,100,100005,100,100993,100,99965,100,101105,100,99918,100,101274,100,99917,100,101302,100,99903,100,101377,100,99900,100
2019-06-28 09:49:19.581090253,100131,256,100078,156,100455,256,100053,194,100456,100,100052,100,100613,100,100048,100,100947,100,100005,100,100993,100,99965,100,101105,100,99918,100,101274,100,99917,100,101302,100,99903,100,101377,100,99900,100
2019-06-28 09:49:20.000000000,100131,162,100053,100,100455,162,100052,162,100456,162,100048,162,100613,162,100005,162,100947,162,99965,162,100993,100,99918,100,101105,100,99917,100,101274,100,99903,100,101302,100,99900,100,101377,100,99899,100
2019-06-28 09:49:30.000000000,100131,411,100053,349,100455,100,100052,100,100456,100,100048,100,100613,100,100005,100,100947,100,99965,100,100993,100,99918,100,101105,100,99917,100,101274,100,99903,100,101302,100,99900,100,101377,100,99899,100
2019-06-28 09:49:40.000000000,100131,162,100053,100,100455,162,100052,162,100456,162,100048,162,100613,162,100005,162,100947,162,99965,162,100993,100,99918,100,101105,100,99917,100,101274,100,99903,100,101302,100,99900,100,101377,100,99899,100
2019-06-28 09:49:50.000000000,100131,162,100053,100,100455,162,100052,162,100456,162,100048,162,100613,162,100005,162,100947,162,99965,162,100993,100,99918,100,101105,100,99917,100,101274,100,99903,100,101302,100,99900,100,101377,100,99899,100
2019-06-28 09:50:00.000000000,100131,206,100053,144,100455,203,100052,203,100456,203,100048,203,100613,100,100005,100,100947,100,99965,100,100993,100,99918,100,101105,100,99917,100,101274,100,99903,100,101302,100,99900,100,101377,100,99899,100
2019-06-28 09:50:07.737713407,100131,206,100053,44,100455,203,100052,203,100456,203,100048,203,100613,100,100005,100,100947,100,99965,100,100993,100,99918,100,101105,100,99917,100,101274,100,99903,100,101302,100,99899,100,101377,100,99670,100
2019-06-28 09:50:10.000000000,100131,206,100052,206,100455,203,100048,203,100456,203,100005,203,100613,100,99965,100,100947,100,99918,100,100993,100,99917,100,101105,100,99903,100,101274,100,99899,100,101302,100,99670,100,101377,100,99605,100
2019-06-28 09:50:11.238563073,100131,206,100052,206,100455,203,100048,203,100456,203,100005,203,100613,100,99965,100,100947,100,99918,100,100993,100,99917,100,101105,100,99903,100,101274,100,99899,100,101302,100,99670,100,101377,100,99605,100
2019-06-28 09:50:14.046543221,100131,206,100052,206,100455,203,100048,203,100456,203,100005,203,100613,100,99965,100,100947,100,99918,100,100993,100,99917,100,101105,100,99903,100,101274,100,99899,100,101302,100,99670,100,101377,100,99605,100
2019-06-28 09:50:20.000000000,100131,256,100052,256,100455,256,100048,256,100456,100,100005,100,100613,100,99965,100,100947,100,99918,100,100993,100,99917,100,101105,100,99903,100,101274,100,99899,100,101302,100,99670,100,101377,100,99605,100
2019-06-28 09:50:30.000000000,100131,256,100052,256,100455,256,100048,256,100456,100,100005,100,100613,100,99965,100,100947,100,99918,100,100993,100,99917,100,101105,100,99903,100,101274,100,99899,100,101302,100,99670,100,101377,100,99605,100
2019-06-28 09:50:37.752111452,100131,256,100052,156,100455,256,100048,256,100456,100,100005,100,100613,100,99965,100,100947,100,99918,100,100993,100,99917,100,101105,100,99903,100,101274,100,99899,100,101302,100,99670,100,101377,100,99605,100
2019-06-28 09:50:40.000000000,100131,206,100048,206,100455,203,100005,203,100456,203,99965,203,100613,100,99918,100,100947,100,99917,100,100993,100,99903,100,101105,100,99899,100,101274,100,99670,100,101302,100,99605,100,101377,100,99525,100
2019-06-28 09:50:50.000000000,100131,256,100048,256,100455,256,100005,256,100456,100,99965,100,100613,100,99918,100,100947,100,99917,100,100993,100,99903,100,101105,100,99899,100,101274,100,99670,100,101302,100,99605,100,101377,100,99525,100
2019-06-28 09:50:52.896764728,100053,100,100048,256,100131,256,100005,256,100455,256,99965,100,100456,100,99918,100,100613,100,99917,100,100947,100,99903,100,100993,100,99899,100,101105,100,99670,100,101274,100,99605,100,101302,100,99525,100
2019-06-28 09:51:00.000000000,100053,256,100048,256,100131,256,100005,256,100455,100,99965,100,100456,100,99918,100,100613,100,99917,100,100947,100,99903,100,100993,100,99899,100,101105,100,99670,100,101274,100,99605,100,101302,100,99525,100
2019-06-28 09:51:10.000000000,100053,162,100048,162,100131,162,100005,162,100455,162,99965,162,100456,162,99918,162,100613,162,99917,162,100947,100,99903,100,100993,100,99899,100,101105,100,99670,100,101274,100,99605,100,101302,100,99525,100
2019-06-28 09:51:20.000000000,100053,256,100048,256,100131,256,100005,256,100455,100,99965,100,100456,100,99918,100,100613,100,99917,100,100947,100,99903,100,100993,100,99899,100,101105,100,99670,100,101274,100,99605,100,101302,100,99525,100
2019-06-28 09:51:30.000000000,100053,162,100048,162,100131,162,100005,162,100455,162,99965,162,100456,162,99918,162,100613,162,99917,162,100947,100,99903,100,100993,100,99899,100,101105,100,99670,100,101274,100,99605,100,101302,100,99525,100
2019-06-28 09:51:40.000000000,100053,256,100048,256,100131,256,100005,256,100455,100,99965,100,100456,100,99918,100,100613,100,99917,100,100947,100,99903,100,100993,100,99899,100,101105,100,99670,100,101274,100,99605,100,101302,100,99525,100
2019-06-28 09:51:50.000000000,100053,206,100048,206,100131,203,100005,203,100455,203,99965,203,100456,100,99918,100,100613,100,99917,100,100947,100,99903,100,100993,100,99899,100,101105,100,99670,100,101274,100,99605,100,101302,100,99525,100
2019-06-28 09:52:00.000000000,100053,256,100048,256,100131,256,100005,256,100455,100,99965,100,100456,100,99918,100,100613,100,99917,100,100947,100,99903,100,100993,100,99899,100,101105,100,99670,100,101274,100,99605,100,101302,100,99525,100
2019-06-28 09:52:08.555017765,100053,256,100048,256,100131,256,100005,256,100455,100,99965,100,100456,100,99918,100,100613,100,99917,100,100947,100,99903,100,100993,100,99899,100,101105,100,99711,100,101274,100,99670,100,101377,100,99605,100
2019-06-28 09:52:10.000000000,100053,178,100048,178,100131,178,100005,178,100455,178,99965,178,100456,178,99918,178,100613,100,99917,100,100947,100,99903,100,100993,100,99899,100,101105,100,99711,100,101274,100,99670,100,101377,100,99605,100
2019-06-28 09:52:10.051409424,100053,278,100048,178,100131,178,100005,178,100455,178,99965,178,100456,178,99918,178,100613,100,99917,100,100947,100,99903,100,100993,100,99711,100,101105,100,99670,100,101274,100,99605,100,101377,100,99525,100
2019-06-28 09:52:20.000000000,100053,262,100048,162,100131,162,100005,162,100455,162,99965,162,100456,162,99918,162,100613,162,99917,162,100947,100,99903,100,100993,100,99711,100,101105,100,99670,100,101274,100,99605,100,101377,100,99525,100
2019-06-28 09:52:30.000000000,100053,511,100048,411,100131,100,100005,100,100455,100,99965,100,100456,100,99918,100,100613,100,99917,100,100947,100,99903,100,100993,100,99711,100,101105,100,99670,100,101274,100,99605,100,101377,100,99525,100
2019-06-28 09:52:40.000000000,100053,356,100048,256,100131,256,100005,256,100455,100,99965,100,100456,100,99918,100,100613,100,99917,100,100947,100,99903,100,100993,100,99711,100,101105,100,99670,100,101274,100,99605,100,101377,100,99525,100
2019-06-28 09:52:50.000000000,100053,511,100048,411,100131,100,100005,100,100455,100,99965,100,100456,100,99918,100,100613,100,99917,100,100947,100,99903,100,100993,100,99711,100,101105,100,99670,100,101274,100,99605,100,101377,100,99525,100
2019-06-28 09:52:54.370723092,100053,511,100048,311,100131,100,100005,100,100455,100,99965,100,100456,100,99918,100,100613,100,99917,100,100947,100,99903,100,100993,100,99711,100,101105,100,99670,100,101274,100,99605,100,101377,100,99525,100
2019-06-28 09:53:00.000000000,100053,306,100005,206,100131,203,99965,203,100455,203,99918,203,100456,100,99917,100,100613,100,99903,100,100947,100,99711,100,100993,100,99670,100,101105,100,99605,100,101274,100,99525,100,101377,100,99522,100
2019-06-28 09:53:05.835456021,100053,306,100005,106,100131,203,99965,203,100455,203,99918,203,100456,100,99917,100,100613,100,99903,100,100947,100,99711,100,100993,100,99670,100,101105,100,99605,100,101274,100,99525,100,101377,100,99522,100
2019-06-28 09:53:10.000000000,100053,356,99965,256,100131,256,99918,256,100455,100,99917,100,100456,100,99903,100,100613,100,99711,100,100947,100,99670,100,100993,100,99605,100,101105,100,99525,100,101274,100,99522,100,101377,100,99435,100
2019-06-28 09:53:16.292509375,100053,356,99999,100,100131,256,99965,256,100455,100,99918,256,100456,100,99917,100,100613,100,99903,100,100947,100,99711,100,100993,100,99670,100,101105,100,99605,100,101274,100,99525,100,101377,100,99522,100
2019-06-28 09:53:20.000000000,100053,278,99999,178,100131,178,99965,178,100455,178,99918,178,100456,178,99917,178,100613,100,99903,100,100947,100,99711,100,100993,100,99670,100,101105,100,99605,100,101274,100,99525,100,101377,100,99522,100
2019-06-28 09:53:23.826185614,100053,278,99999,178,100131,178,99965,178,100455,178,99918,178,100456,178,99917,178,100613,100,99903,100,100947,100,99834,100,100993,100,99711,100,101105,100,99670,100,101274,100,99605,100,101377,100,99525,100
2019-06-28 09:53:27.085290772,100053,278,99999,178,100131,178,99965,178,100455,178,99918,178,100456,178,99917,178,100613,100,99903,100,100947,100,99902,100,100993,100,99834,100,101105,100,99711,100,101274,100,99670,100,101377,100,99605,100
2019-06-28 09:53:30.000000000,100053,511,99999,411,100131,100,99965,100,100455,100,99918,100,100456,100,99917,100,100613,100,99903,100,100947,100,99902,100,100993,100,99834,100,101105,100,99711,100,101274,100,99670,100,101377,100,99605,100
2019-06-28 09:53:34.309963022,100053,511,99999,411,100131,100,99965,100,100455,100,99918,100,100456,100,99917,100,100613,100,99903,100,100993,100,99902,100,101105,100,99834,100,101274,100,99711,100,101377,100,99670,100,,,99605,100
2019-06-28 09:53:37.902727454,100053,511,99999,411,100131,100,99965,100,100237,100,99918,100,100455,100,99917,100,100456,100,99903,100,100613,100,99902,100,100993,100,99834,100,101105,100,99711,100,101274,100,99670,100,101377,100,99605,100
2019-06-28 09:53:40.000000000,100053,356,99999,256,100131,256,99965,256,100237,100,99918,100,100455,100,99917,100,100456,100,99903,100,100613,100,99902,100,100993,100,99834,100,101105,100,99711,100,101274,100,99670,100,101377,100,99605,100
2019-06-28 09:53:47.643939662,100053,356,99999,256,100131,256,99965,256,100237,100,99918,100,100455,100,99917,100,100613,100,99903,100,100993,100,99902,100,101105,100,99834,100,101274,100,99711,100,101377,100,99670,100,,,99605,100
2019-06-28 09:53:50.000000000,100053,262,99999,162,100131,162,99965,162,100237,162,99918,162,100455,162,99917,162,100613,162,99903,162,100993,100,99902,100,101105,100,99834,100,101274,100,99711,100,101377,100,99670,100,,,99605,100
2019-06-28 09:54:00.000000000,100053,278,99999,178,100131,178,99965,178,100237,178,99918,178,100455,178,99917,178,100613,100,99903,100,100993,100,99902,100,101105,100,99834,100,101274,100,99711,100,101377,100,99670,100,,,99605,100
2019-06-28 09:54:09.276856506,100053,278,99999,178,100131,178,99965,178,100237,178,99918,178,100455,178,99917,178,100613,100,99903,100,100993,100,99902,100,101105,100,99834,100,101274,100,99711,100,101377,100,99670,100,,,99605,100
2019-06-28 09:54:10.000000000,100053,511,99999,411,100131,100,99965,100,100237,100,99918,100,100455,100,99917,100,100613,100,99903,100,100993,100,99902,100,101105,100,99834,100,101274,100,99711,100,101377,100,99670,100,,,99605,100
2019-06-28 09:54:19.026230698,100053,511,99999,311,100131,100,99965,100,100237,100,99918,100,100455,100,99917,100,100613,100,99903,100,100993,100,99902,100,101105,100,99834,100,101274,100,99670,100,101377,100,99605,100,,,99597,100
2019-06-28 09:54:19.329424841,100053,511,99999,311,100131,100,99965,100,100237,100,99918,100,100455,100,99917,100,100613,100,99903,100,100993,100,99902,100,101105,100,99834,100,101274,100,99737,100,101377,100,99670,100,,,99605,100
2019-06-28 09:54:20.000000000,100053,511,99965,411,100131,100,99918,100,100237,100,99917,100,100455,100,99903,100,100613,100,99902,100,100993,100,99834,100,101105,100,99737,100,101274,100,99670,100,101377,100,99605,100,,,99597,100
2019-06-28 09:54:24.727094667,100053,511,99965,411,100131,100,99918,100,100237,100,99917,100,100455,100,99903,100,100613,100,99902,100,100993,100,99834,100,101105,100,99737,100,101274,100,99670,100,101377,100,99605,100,,,99597,100
2019-06-28 09:54:30.000000000,100053,306,99965,206,100131,203,99918,203,100237,203,99917,203,100455,100,99903,100,100613,100,99902,100,100993,100,99834,100,101105,100,99737,100,101274,100,99670,100,101377,100,99605,100,,,99597,100
2019-06-28 09:54:32.900758428,100005,100,99965,206,100053,206,99918,203,100131,203,99917,203,100237,203,99903,100,100455,100,99902,100,100613,100,99834,100,100993,100,99737,100,101105,100,99670,100,101274,100,99605,100,101377,100,99597,100
2019-06-28 09:54:40.000000000,100005,411,99965,411,100053,100,99918,100,100131,100,99917,100,100237,100,99903,100,100455,100,99902,100,100613,100,99834,100,100993,100,99737,100,101105,100,99670,100,101274,100,99605,100,101377,100,99597,100
2019-06-28 09:54:50.000000000,100005,178,99965,178,100053,178,99918,178,100131,178,99917,178,100237,178,99903,178,100455,100,99902,100,100613,100,99834,100,100993,100,99737,100,101105,100,99670,100,101274,100,99605,100,101377,100,99597,100
2019-06-28 09:55:00.000000000,100005,256,99965,256,100053,256,99918,256,100131,100,99917,100,100237,100,99903,100,100455,100,99902,100,100613,100,99834,100,100993,100,99737,100,101105,100,99670,100,101274,100,99605,100,101377,100,99597,100
2019-06-28 09:55:10.000000000,100005,411,99965,411,100053,100,99918,100,100131,100,99917,100,100237,100,99903,100,100455,100,99902,100,100613,100,99834,100,100993,100,99737,100,101105,100,99670,100,101274,100,99605,100,101377,100,99597,100
2019-06-28 09:55:20.000000000,100005,411,99965,411,100053,100,99918,100,100131,100,99917,100,100237,100,99903,100,100455,100,99902,100,100613,100,99834,100,100993,100,99737,100,101105,100,99670,100,101274,100,99605,100,101377,100,99597,100
2019-06-28 09:55:28.929820470,100005,411,99965,411,100053,100,99918,100,100131,100,99917,100,100237,100,99903,100,100455,100,99834,100,100613,100,99737,100,100993,100,99670,100,101105,100,99605,100,101274,100,99597,100,101377,100,99525,100
2019-06-28 09:55:30.000000000,100005,256,99965,256,100053,256,99918,256,100131,100,99917,100,100237,100,99903,100,100455,100,99834,100,100613,100,99737,100,100993,100,99670,100,101105,100,99605,100,101274,100,99597,100,101377,100,99525,100
2019-06-28 09:55:30.974982487,100005,256,99965,156,100053,256,99918,256,100131,100,99917,100,100237,100,99903,100,100455,100,99834,100,100613,100,99737,100,100993,100,99670,100,101105,100,99605,100,101274,100,99597,100,101377,100,99525,100
2019-06-28 09:55:40.000000000,100005,178,99918,178,100053,178,99917,178,100131,178,99903,178,100237,178,99834,178,100455,100,99737,100,100613,100,99670,100,100993,100,99605,100,101105,100,99597,100,101274,100,99525,100,101377,100,99522,100
2019-06-28 09:55:49.503215686,100005,178,99918,78,100053,178,99917,178,100131,178,99903,178,100237,178,99834,178,100455,100,99737,100,100613,100,99670,100,100993,100,99605,100,101105,100,99597,100,101274,100,99525,100,101377,100,99522,100
2019-06-28 09:55:49.534781305,100005,178,99918,78,100053,178,99917,178,100131,178,99903,178,100237,178,99834,178,100455,100,99737,100,100613,100,99670,100,100993,100,99605,100,101105,100,99597,100,101274,100,99525,100,101377,100,99522,100
2019-06-28 09:55:50.000000000,100005,162,99917,162,100053,162,99903,162,100131,162,99834,162,100237,162,99737,162,100455,162,99670,162,100613,100,99605,100,100993,100,99597,100,101105,100,99525,100,101274,100,99522,100,101377,100,99435,100
2019-06-28 09:55:51.912293386,100005,162,99917,62,100053,162,99903,162,100131,162,99834,162,100237,162,99737,162,100455,162,99670,162,100613,100,99605,100,100993,100,99597,100,101105,100,99525,100,101274,100,99522,100,101377,100,99435,100
2019-06-28 09:56:00.000000000,100005,411,99903,411,100053,100,99834,100,100131,100,99737,100,100237,100,99670,100,100455,100,99605,100,100613,100,99597,100,100993,100,99525,100,101105,100,99522,100,101274,100,99435,100,101377,100,99414,100
2019-06-28 09:56:10.000000000,100005,411,99903,411,100053,100,99834,100,100131,100,99737,100,100237,100,99670,100,100455,100,99605,100,100613,100,99597,100,100993,100,99525,100,101105,100,99522,100,101274,100,99435,100,101377,100,99414,100
2019-06-28 09:56:20.000000000,100005,256,99903,256,100053,256,99834,256,100131,100,99737,100,100237,100,99670,100,100455,100,99605,100,100613,100,99597,100,100993,100,99525,100,101105,100,99522,100,101274,100,99435,100,101377,100,99414,100
2019-06-28 09:56:23.418749620,100005,256,99903,156,100053,256,99834,256,100131,100,99737,100,100237,100,99670,100,100455,100,99605,100,100613,100,99597,100,100993,100,99525,100,101105,100,99522,100,101274,100,99435,100,101377,100,99414,100
2019-06-28 09:56:27.856782316,100005,256,99903,56,100053,256,99834,256,100131,100,99737,100,100237,100,99670,100,100455,100,99605,100,100613,100,99597,100,100993,100,99525,100,101105,100,99522,100,101274,100,99435,100,101377,100,99414,100
2019-06-28 09:56:30.000000000,100005,256,99834,256,100053,256,99737,256,100131,100,99670,100,100237,100,99605,100,100455,100,99597,100,100613,100,99525,100,100993,100,99522,100,101105,100,99435,100,101274,100,99414,100,101377,100,99409,100
2019-06-28 09:56:32.237620054,100005,256,99834,156,100053,256,99737,256,100131,100,99670,100,100237,100,99605,100,100455,100,99597,100,100613,100,99525,100,100993,100,99522,100,101105,100,99435,100,101274,100,99414,100,101377,100,99409,100
2019-06-28 09:56:40.000000000,100005,206,99737,206,100053,203,99670,203,100131,203,99605,203,100237,100,99597,100,100455,100,99525,100,100613,100,99522,100,100993,100,99435,100,101105,100,99414,100,101274,100,99409,100,101377,100,99395,100
2019-06-28 09:56:50.000000000,100005,411,99737,411,100053,100,99670,100,100131,100,99605,100,100237,100,99597,100,100455,100,99525,100,100613,100,99522,100,100993,100,99435,100,101105,100,99414,100,101274,100,99409,100,101377,100,99395,100
2019-06-28 09:56:57.149574699,100005,411,99737,311,100053,100,99670,100,100131,100,99605,100,100237,100,99597,100,100455,100,99525,100,100613,100,99522,100,100993,100,99435,100,101105,100,99414,100,101274,100,99409,100,101377,100,99395,100
2019-06-28 09:57:00.000000000,100005,256,99670,256,100053,256,99605,256,100131,100,99597,100,100237,100,99525,100,100455,100,99522,100,100613,100,99435,100,100993,100,99414,100,101105,100,99409,100,101274,100,99395,100,101377,100,99276,100
2019-06-28 09:57:03.786470032,100005,256,99670,256,100053,256,99605,256,100131,100,99597,100,100237,100,99525,100,100455,100,99522,100,100613,100,99495,100,100993,100,99435,100,101105,100,99414,100,101274,100,99409,100,101377,100,99395,100
2019-06-28 09:57:10.000000000,100005,162,99670,162,100053,162,99605,162,100131,162,99597,162,100237,162,99525,162,100455,162,99522,162,100613,100,99495,100,100993,100,99435,100,101105,100,99414,100,101274,100,99409,100,101377,100,99395,100
2019-06-28 09:57:20.000000000,100005,178,99670,178,100053,178,99605,178,100131,178,99597,178,100237,178,99525,178,100455,100,99522,100,100613,100,99495,100,100993,100,99435,100,101105,100,99414,100,101274,100,99409,100,101377,100,99395,100
2019-06-28 09:57:30.000000000,100005,206,99670,206,100053,203,99605,203,100131,203,99597,203,100237,100,99525,100,100455,100,99522,100,100613,100,99495,100,100993,100,99435,100,101105,100,99414,100,101274,100,99409,100,101377,100,99395,100
2019-06-28 09:57:37.524193530,100005,206,99670,206,100053,203,99605,203,100131,203,99597,203,100237,100,99525,100,100455,100,99522,100,100613,100,99495,100,100993,100,99414,100,101105,100,99409,100,101274,100,99395,100,101377,100,99313,100
2019-06-28 09:57:40.000000000,100005,162,99670,162,100053,162,99605,162,100131,162,99597,162,100237,162,99525,162,100455,162,99522,162,100613,100,99495,100,100993,100,99414,100,101105,100,99409,100,101274,100,99395,100,101377,100,99313,100
2019-06-28 09:57:50.000000000,100005,162,99670,162,100053,162,99605,162,100131,162,99597,162,100237,162,99525,162,100455,162,99522,162,100613,100,99495,100,100993,100,99414,100,101105,100,99409,100,101274,100,99395,100,101377,100,99313,100
2019-06-28 09:57:59.262200486,99834,100,99670,162,100005,162,99605,162,100053,162,99597,162,100131,162,99525,162,100237,162,99522,162,100455,162,99495,100,100613,100,99414,100,100993,100,99409,100,101105,100,99395,100,101274,100,99313,100
2019-06-28 09:58:00.000000000,99834,411,99670,411,100005,100,99605,100,100053,100,99597,100,100131,100,99525,100,100237,100,99522,100,100455,100,99495,100,100613,100,99414,100,100993,100,99409,100,101105,100,99395,100,101274,100,99313,100
2019-06-28 09:58:03.652855225,99680,100,99670,411,99834,411,99605,100,100005,100,99597,100,100053,100,99525,100,100131,100,99522,100,100455,100,99495,100,100613,100,99414,100,100993,100,99409,100,101105,100,99395,100,101274,100,99313,100
2019-06-28 09:58:05.493743686,99834,411,99670,411,100005,100,99605,100,100053,100,99597,100,100131,100,99525,100,100455,100,99522,100,100613,100,99495,100,100993,100,99414,100,101105,100,99409,100,101274,100,99395,100,101377,100,99313,100
2019-06-28 09:58:10.000000000,99834,206,99670,206,100005,203,99605,203,100053,203,99597,203,100131,100,99525,100,100455,100,99522,100,100613,100,99495,100,100993,100,99414,100,101105,100,99409,100,101274,100,99395,100,101377,100,99313,100
2019-06-28 09:58:11.750505194,99834,206,99670,206,100005,203,99605,203,100053,203,99597,203,100131,100,99525,100,100455,100,99522,100,100613,100,99495,100,100993,100,99462,100,101105,100,99414,100,101274,100,99409,100,101377,100,99395,100
2019-06-28 09:58:20.000000000,99834,162,99670,162,100005,162,99605,162,100053,162,99597,162,100131,162,99525,162,100455,162,99522,162,100613,100,99495,100,100993,100,99462,100,101105,100,99414,100,101274,100,99409,100,101377,100,99395,100
2019-06-28 09:58:30.000000000,99834,256,99670,256,100005,256,99605,256,100053,100,99597,100,100131,100,99525,100,100455,100,99522,100,100613,100,99495,100,100993,100,99462,100,101105,100,99414,100,101274,100,99409,100,101377,100,99395,100
2019-06-28 09:58:31.016048948,99834,256,99670,256,100005,256,99605,256,100053,100,99597,100,100131,100,99525,100,100455,100,99522,100,100613,100,99495,100,100993,100,99462,100,101105,100,99414,100,101274,100,99409,100,101377,100,99395,100
2019-06-28 09:58:40.000000000,99834,256,99670,256,100005,256,99605,256,100053,100,99597,100,100131,100,99525,100,100455,100,99522,100,100613,100,99495,100,100993,100,99462,100,101105,100,99414,100,101274,100,99409,100,101377,100,99395,100
2019-06-28 09:58:50.000000000,99834,411,99670,411,100005,100,99605,100,100053,100,99597,100,100131,100,99525,100,100455,100,99522,100,100613,100,99495,100,100993,100,99462,100,101105,100,99414,100,101274,100,99409,100,101377,100,99395,100
2019-06-28 09:59:00.000000000,99834,256,99670,256,100005,256,99605,256,100053,100,99597,100,100131,100,99525,100,100455,100,99522,100,100613,100,99495,100,100993,100,99462,100,101105,100,99414,100,101274,100,99409,100,101377,100,99395,100
2019-06-28 09:59:02.548304481,99834,256,99670,256,100005,256,99605,256,100053,100,99597,100,100131,100,99525,100,100455,100,99522,100,100613,100,99495,100,100993,100,99462,100,101105,100,99414,100,101274,100,99409,100,101377,100,99395,100
2019-06-28 09:59:10.000000000,99834,411,99670,411,100005,100,99605,100,100053,100,99597,100,100131,100,99525,100,100455,100,99522,100,100613,100,99495,100,100993,100,99462,100,101105,100,99414,100,101274,100,99409,100,101377,100,99395,100
2019-06-28 09:59:17.148915041,99834,411,99670,411,100005,100,99605,100,100053,100,99597,100,100131,100,99525,100,100455,100,99522,100,100613,100,99495,100,100993,100,99462,100,101105,100,99414,100,101274,100,99409,100,101377,100,99395,100
2019-06-28 09:59:17.872144676,99737,100,99670,411,99834,411,99605,100,100005,100,99597,100,100053,100,99525,100,100131,100,99522,100,100455,100,99495,100,100613,100,99462,100,100993,100,99414,100,101105,100,99409,100,101274,100,99395,100
2019-06-28 09:59:20.000000000,99737,178,99670,178,99834,178,99605,178,100005,178,99597,178,100053,178,99525,178,100131,100,99522,100,100455,100,99495,100,100613,100,99462,100,100993,100,99414,100,101105,100,99409,100,101274,100,99395,100
2019-06-28 09:59:30.000000000,99737,411,99670,411,99834,100,99605,100,100005,100,99597,100,100053,100,99525,100,100131,100,99522,100,100455,100,99495,100,100613,100,99462,100,100993,100,99414,100,101105,100,99409,100,101274,100,99395,100
2019-06-28 09:59:33.211606679,99737,311,99670,411,99834,100,99605,100,100005,100,99597,100,100053,100,99525,100,100131,100,99522,100,100455,100,99495,100,100613,100,99462,100,100993,100,99414,100,101105,100,99409,100,101274,100,99395,100
2019-06-28 09:59:40.000000000,99834,206,99670,206,100005,203,99605,203,100053,203,99597,203,100131,100,99525,100,100455,100,99522,100,100613,100,99495,100,100993,100,99462,100,101105,100,99414,100,101274,100,99409,100,101377,100,99395,100
2019-06-28 09:59:49.202479806,99834,206,99670,206,100005,203,99605,203,100053,203,99597,203,100131,100,99525,100,100214,100,99522,100,100455,100,99495,100,100613,100,99462,100,100993,100,99414,100,101105,100,99409,100,101274,100,99395,100
2019-06-28 09:59:50.000000000,99834,411,99670,411,100005,100,99605,100,100053,100,99597,100,100131,100,99525,100,100214,100,99522,100,100455,100,99495,100,100613,100,99462,100,100993,100,99414,100,101105,100,99409,100,101274,100,99395,100
2019-06-28 10:00:00.000000000,99834,206,99670,206,100005,203,99605,203,100053,203,99597,203,100131,100,99525,100,100214,100,99522,100,100455,100,99495,100,100613,100,99462,100,100993,100,99414,100,101105,100,99409,100,101274,100,99395,100
2019-06-28 10:00:05.361025775,99834,206,99670,206,100005,203,99605,203,100053,203,99597,203,100131,100,99525,100,100214,100,99522,100,100423,100,99495,100,100455,100,99462,100,100613,100,99414,100,100993,100,99409,100,101105,100,99395,100
2019-06-28 10:00:10.000000000,99834,206,99670,206,100005,203,99605,203,100053,203,99597,203,100131,100,99525,100,100214,100,99522,100,100423,100,99495,100,100455,100,99462,100,100613,100,99414,100,100993,100,99409,100,101105,100,99395,100
2019-06-28 10:00:20.000000000,99834,178,99670,178,100005,178,99605,178,100053,178,99597,178,100131,178,99525,178,100214,100,99522,100,100423,100,99495,100,100455,100,99462,100,100613,100,99414,100,100993,100,99409,100,101105,100,99395,100
2019-06-28 10:00:29.640754611,99834,78,99670,178,100005,178,99605,178,100053,178,99597,178,100131,178,99525,178,100214,100,99522,100,100423,100,99495,100,100455,100,99462,100,100613,100,99414,100,100993,100,99409,100,101105,100,99395,100
2019-06-28 10:00:29.836132915,100005,178,99834,22,100053,178,99670,178,100131,178,99605,178,100214,100,99597,178,100423,100,99525,178,100455,100,99522,100,100993,100,99495,100,101105,100,99462,100,101274,100,99414,100,101377,100,99409,100
2019-06-28 10:00:30.000000000,100005,411,99834,333,100053,100,99670,100,100131,100,99605,100,100214,100,99597,100,100423,100,99525,100,100455,100,99522,100,100993,100,99495,100,101105,100,99462,100,101274,100,99414,100,101377,100,99409,100
2019-06-28 10:00:30.526131830,100005,411,99834,333,100053,100,99670,100,100131,100,99605,100,100214,100,99597,100,100320,100,99522,100,100423,100,99495,100,100455,100,99462,100,100993,100,99414,100,101105,100,99409,100,101274,100,99395,100
2019-06-28 10:00:40.000000000,100005,206,99834,128,100053,203,99670,203,100131,203,99605,203,100214,100,99597,100,100320,100,99522,100,100423,100,99495,100,100455,100,99462,100,100993,100,99414,100,101105,100,99409,100,101274,100,99395,100
2019-06-28 10:00:50.000000000,100005,162,99834,84,100053,162,99670,162,100131,162,99605,162,100214,162,99597,162,100320,162,99522,162,100423,100,99495,100,100455,100,99462,100,100993,100,99414,100,101105,100,99409,100,101274,100,99395,100
2019-06-28 10:01:00.000000000,100005,178,99834,100,100053,178,99670,178,100131,178,99605,178,100214,178,99597,178,100320,100,99522,100,100423,100,99495,100,100455,100,99462,100,100993,100,99414,100,101105,100,99409,100,101274,100,99395,100
2019-06-28 10:01:10.000000000,100005,162,99834,84,100053,162,99670,162,100131,162,99605,162,100214,162,99597,162,100320,162,99522,162,100423,100,99495,100,100455,100,99462,100,100993,100,99414,100,101105,100,99409,100,101274,100,99395,100
2019-06-28 10:01:20.000000000,100005,256,99834,178,100053,256,99670,256,100131,100,99605,100,100214,100,99597,100,100320,100,99522,100,100423,100,99495,100,100455,100,99462,100,100993,100,99414,100,101105,100,99409,100,101274,100,99395,100
2019-06-28 10:01:26.820103767,100005,256,99834,178,100053,256,99670,256,100131,100,99605,100,100214,100,99597,100,100320,100,99522,100,100423,100,99495,100,100431,100,99462,100,100455,100,99414,100,100993,100,99409,100,101105,100,99395,100
2019-06-28 10:01:30.000000000,100005,162,99834,84,100053,162,99670,162,100131,162,99605,162,100214,162,99597,162,100320,162,99522,162,100423,100,99495,100,100431,100,99462,100,100455,100,99414,100,100993,100,99409,100,101105,100,99395,100
2019-06-28 10:01:40.000000000,100005,206,99834,128,100053,203,99670,203,100131,203,99605,203,100214,100,99597,100,100320,100,99522,100,100423,100,99495,100,100431,100,99462,100,100455,100,99414,100,100993,100,99409,100,101105,100,99395,100
2019-06-28 10:01:45.936090645,100005,106,99834,128,100053,203,99670,203,100131,203,99605,203,100214,100,99597,100,100320,100,99522,100,100423,100,99495,100,100431,100,99462,100,100455,100,99414,100,100993,100,99409,100,101105,100,99395,100
2019-06-28 10:01:50.000000000,100053,206,99834,128,100131,203,99670,203,100214,203,99605,203,100320,100,99597,100,100423,100,99522,100,100431,100,99495,100,100455,100,99462,100,100993,100,99414,100,101105,100,99409,100,101274,100,99395,100
2019-06-28 10:01:57.142422020,100053,106,99834,128,100131,203,99670,203,100214,203,99605,203,100320,100,99597,100,100423,100,99522,100,100431,100,99495,100,100455,100,99462,100,100993,100,99414,100,101105,100,99409,100,101274,100,99395,100
2019-06-28 10:02:00.000000000,100131,162,99834,84,100214,162,99670,162,100320,162,99605,162,100423,162,99597,162,100431,162,99522,162,100455,100,99495,100,100993,100,99462,100,101105,100,99414,100,101274,100,99409,100,101377,100,99395,100
2019-06-28 10:02:09.401553425,100131,62,99834,84,100214,162,99670,162,100320,162,99605,162,100423,162,99597,162,100431,162,99522,162,100455,100,99495,100,100993,100,99462,100,101105,100,99414,100,101274,100,99409,100,101377,100,99395,100
2019-06-28 10:02:10.000000000,100214,206,99834,128,100320,203,99670,203,100423,203,99605,203,100431,100,99597,100,100455,100,99522,100,100993,100,99495,100,101105,100,99462,100,101274,100,99414,100,101377,100,99409,100,,,99395,100
2019-06-28 10:02:20.000000000,100214,178,99834,100,100320,178,99670,178,100423,178,99605,178,100431,178,99597,178,100455,100,99522,100,100993,100,99495,100,101105,100,99462,100,101274,100,99414,100,101377,100,99409,100,,,99395,100
2019-06-28 10:02:25.110428356,100214,178,100053,100,100320,178,99834,100,100423,178,99670,178,100431,178,99605,178,100455,100,99597,178,100993,100,99522,100,101105,100,99495,100,101274,100,99462,100,101377,100,99414,100,,,99409,100
2019-06-28 10:02:30.000000000,100214,256,100053,256,100320,256,99834,178,100423,100,99670,100,100431,100,99605,100,100455,100,99597,100,100993,100,99522,100,101105,100,99495,100,101274,100,99462,100,101377,100,99414,100,,,99409,100
2019-06-28 10:02:40.000000000,100214,178,100053,178,100320,178,99834,100,100423,178,99670,178,100431,178,99605,178,100455,100,99597,100,100993,100,99522,100,101105,100,99495,100,101274,100,99462,100,101377,100,99414,100,,,99409,100
2019-06-28 10:02:50.000000000,100214,162,100053,162,100320,162,99834,84,100423,162,99670,162,100431,162,99605,162,100455,162,99597,162,100993,100,99522,100,101105,100,99495,100,101274,100,99462,100,101377,100,99414,100,,,99409,100
2019-06-28 10:02:52.909850351,100214,62,100053,162,100320,162,99834,84,100419,100,99670,162,100423,162,99605,162,100431,162,99597,162,100455,162,99522,100,100993,100,99495,100,101105,100,99462,100,101274,100,99414,100,101377,100,99409,100
2019-06-28 10:03:00.000000000,100320,256,100053,256,100419,256,99834,178,100423,100,99670,100,100431,100,99605,100,100455,100,99597,100,100993,100,99522,100,101105,100,99495,100,101274,100,99462,100,101377,100,99414,100,,,99409,100
2019-06-28 10:03:10.000000000,100320,256,100053,256,100419,256,99834,178,100423,100,99670,100,100431,100,99605,100,100455,100,99597,100,100993,100,99522,100,101105,100,99495,100,101274,100,99462,100,101377,100,99414,100,,,99409,100
2019-06-28 10:03:16.899730244,100320,156,100053,256,100419,256,99834,178,100423,100,99670,100,100455,100,99605,100,100993,100,99597,100,101105,100,99522,100,101274,100,99495,100,101377,100,99462,100,,,99414,100,,,99409,100
2019-06-28 10:03:17.454338072,100320,56,100053,256,100419,256,99834,178,100423,100,99670,100,100455,100,99605,100,100993,100,99597,100,101105,100,99522,100,101274,100,99495,100,101377,100,99462,100,,,99414,100,,,99409,100
2019-06-28 10:03:20.000000000,100419,178,100053,178,100423,178,99834,100,100455,178,99670,178,100993,178,99605,178,101105,100,99597,100,101274,100,99522,100,101377,100,99495,100,,,99462,100,,,99414,100,,,99409,100
2019-06-28 10:03:21.277071317,100419,78,100053,178,100423,178,99834,100,100455,178,99670,178,100993,178,99605,178,101105,100,99597,100,101274,100,99522,100,101377,100,99495,100,,,99462,100,,,99414,100,,,99409,100
2019-06-28 10:03:30.000000000,100423,256,100053,256,100455,256,99834,178,100993,100,99670,100,101105,100,99605,100,101274,100,99597,100,101377,100,99522,100,,,99495,100,,,99462,100,,,99414,100,,,99409,100
2019-06-28 10:03:31.067657477,100423,256,100053,256,100433,100,99834,178,100455,256,99670,100,100993,100,99605,100,101105,100,99597,100,101274,100,99522,100,101377,100,99495,100,,,99462,100,,,99414,100,,,99409,100
2019-06-28 10:03:40.000000000,100423,411,100053,411,100433,100,99834,22,100455,100,99670,100,100993,100,99605,100,101105,100,99597,100,101274,100,99522,100,101377,100,99495,100,,,99462,100,,,99414,100,,,99409,100
2019-06-28 10:03:46.320014851,100423,411,100320,100,100433,100,100053,411,100455,100,99834,22,100993,100,99670,100,101105,100,99605,100,101274,100,99597,100,101377,100,99522,100,,,99495,100,,,99462,100,,,99414,100
2019-06-28 10:03:50.000000000,100423,178,100320,178,100433,178,100053,178,100455,178,99834,100,100993,178,99670,178,101105,100,99605,100,101274,100,99597,100,101377,100,99522,100,,,99495,100,,,99462,100,,,99414,100
2019-06-28 10:04:00.000000000,100423,162,100320,162,100433,162,100053,162,100455,162,99834,84,100993,162,99670,162,101105,162,99605,162,101274,100,99597,100,101377,100,99522,100,,,99495,100,,,99462,100,,,99414,100
2019-06-28 10:04:10.000000000,100423,411,100320,411,100433,100,100053,100,100455,100,99834,22,100993,100,99670,100,101105,100,99605,100,101274,100,99597,100,101377,100,99522,100,,,99495,100,,,99462,100,,,99414,100
2019-06-28 10:04:19.618333934,100418,100,100320,411,100423,411,100053,100,100433,100,99834,22,100455,100,99670,100,100993,100,99605,100,101105,100,99597,100,101274,100,99522,100,101377,100,99495,100,,,99462,100,,,99414,100
2019-06-28 10:04:20.000000000,100418,206,100320,206,100423,203,100053,203,100433,203,99834,125,100455,100,99670,100,100993,100,99605,100,101105,100,99597,100,101274,100,99522,100,101377,100,99495,100,,,99462,100,,,99414,100
2019-06-28 10:04:27.702584040,100418,206,100320,206,100423,203,100157,100,100433,203,100053,203,100455,100,99834,125,100993,100,99670,100,101105,100,99605,100,101274,100,99597,100,101377,100,99522,100,,,99495,100,,,99462,100
2019-06-28 10:04:27.866600910,100418,206,100320,206,100423,203,100225,100,100433,203,100157,100,100455,100,100053,203,100993,100,99834,125,101105,100,99670,100,101274,100,99605,100,101377,100,99597,100,,,99522,100,,,99495,100
2019-06-28 10:04:30.000000000,100418,411,100320,411,100423,100,100225,100,100433,100,100157,100,100455,100,100053,100,100993,100,99834,22,101105,100,99670,100,101274,100,99605,100,101377,100,99597,100,,,99522,100,,,99495,100
2019-06-28 10:04:40.000000000,100418,256,100320,256,100423,256,100225,256,100433,100,100157,100,100455,100,100053,100,100993,100,99834,22,101105,100,99670,100,101274,100,99605,100,101377,100,99597,100,,,99522,100,,,99495,100
2019-06-28 10:04:50.000000000,100418,256,100320,256,100423,256,100225,256,100433,100,100157,100,100455,100,100053,100,100993,100,99834,22,101105,100,99670,100,101274,100,99605,100,101377,100,99597,100,,,99522,100,,,99495,100
2019-06-28 10:05:00.000000000,100418,162,100320,162,100423,162,100225,162,100433,162,100157,162,100455,162,100053,162,100993,162,99834,84,101105,100,99670,100,101274,100,99605,100,101377,100,99597,100,,,99522,100,,,99495,100
2019-06-28 10:05:00.237845121,100418,162,100320,162,100423,162,100225,162,100433,162,100157,162,100455,162,100053,162,100993,162,99834,84,101105,100,99745,100,101274,100,99670,100,101377,100,99605,100,,,99597,100,,,99522,100
2019-06-28 10:05:10.000000000,100418,256,100320,256,100423,256,100225,256,100433,100,100157,100,100455,100,100053,100,100993,100,99834,22,101105,100,99745,100,101274,100,99670,100,101377,100,99605,100,,,99597,100,,,99522,100
2019-06-28 10:05:16.481226803,100418,256,100320,256,100423,256,100225,256,100433,100,100157,100,100455,100,100053,100,100993,100,99841,100,101105,100,99834,22,101274,100,99745,100,101377,100,99670,100,,,99605,100,,,99597,100
2019-06-28 10:05:20.000000000,100418,206,100320,206,100423,203,100225,203,100433,203,100157,203,100455,100,100053,100,100993,100,99841,100,101105,100,99834,22,101274,100,99745,100,101377,100,99670,100,,,99605,100,,,99597,100
2019-06-28 10:05:28.039853352,100418,206,100320,206,100423,103,100225,203,100433,203,100157,203,100455,100,100053,100,100993,100,99924,100,101105,100,99841,100,101274,100,99834,22,101377,100,99745,100,,,99670,100,,,99605,100
2019-06-28 10:05:28.058525001,100418,306,100320,206,100423,103,100225,203,100433,203,100157,203,100455,100,100053,100,100993,100,99924,100,101105,100,99841,100,101274,100,99834,22,101377,100,99745,100,,,99670,100,,,99605,100
2019-06-28 10:05:30.000000000,100418,306,100320,206,100433,203,100225,203,100455,203,100157,203,100993,100,100053,100,101105,100,99924,100,101274,100,99841,100,101377,100,99834,22,,,99745,100,,,99670,100,,,99605,100
2019-06-28 10:05:40.000000000,100418,278,100320,178,100433,178,100225,178,100455,178,100157,178,100993,178,100053,178,101105,100,99924,100,101274,100,99841,100,101377,100,99834,22,,,99745,100,,,99670,100,,,99605,100
2019-06-28 10:05:50.000000000,100418,306,100320,206,100433,203,100225,203,100455,203,100157,203,100993,100,100053,100,101105,100,99924,100,101274,100,99841,100,101377,100,99834,22,,,99745,100,,,99670,100,,,99605,100
2019-06-28 10:06:00.000000000,100418,306,100320,206,100433,203,100225,203,100455,203,100157,203,100993,100,100053,100,101105,100,99924,100,101274,100,99841,100,101377,100,99834,22,,,99745,100,,,99670,100,,,99605,100
2019-06-28 10:06:10.000000000,100418,356,100320,256,100433,256,100225,256,100455,100,100157,100,100993,100,100053,100,101105,100,99924,100,101274,100,99841,100,101377,100,99834,22,,,99745,100,,,99670,100,,,99605,100
2019-06-28 10:06:20.000000000,100418,278,100320,178,100433,178,100225,178,100455,178,100157,178,100993,178,100053,178,101105,100,99924,100,101274,100,99841,100,101377,100,99834,22,,,99745,100,,,99670,100,,,99605,100
2019-06-28 10:06:30.000000000,100418,356,100320,256,100433,256,100225,256,100455,100,100157,100,100993,100,100053,100,101105,100,99924,100,101274,100,99841,100,101377,100,99834,22,,,99745,100,,,99670,100,,,99605,100
2019-06-28 10:06:40.000000000,100418,356,100320,256,100433,256,100225,256,100455,100,100157,100,100993,100,100053,100,101105,100,99924,100,101274,100,99841,100,101377,100,99834,22,,,99745,100,,,99670,100,,,99605,100
2019-06-28 10:06:44.797139274,100418,356,100320,256,100433,256,100225,256,100455,100,100157,100,100993,100,100053,100,101105,100,99924,100,101274,100,99834,22,101377,100,99745,100,,,99687,100,,,99670,100,,,99605,100
2019-06-28 10:06:50.000000000,100418,306,100320,206,100433,203,100225,203,100455,203,100157,203,100993,100,100053,100,101105,100,99924,100,101274,100,99834,22,101377,100,99745,100,,,99687,100,,,99670,100,,,99605,100
2019-06-28 10:06:53.049663920,100418,306,100320,206,100433,203,100225,203,100455,203,100157,203,100993,100,100053,100,101105,100,99924,100,101274,100,99834,22,101377,100,99761,100,,,99745,100,,,99687,100,,,99670,100
2019-06-28 10:06:55.954355852,100418,306,100320,106,100433,203,100225,203,100455,203,100157,203,100993,100,100053,100,101105,100,99924,100,101274,100,99834,22,101377,100,99761,100,,,99745,100,,,99687,100,,,99670,100
2019-06-28 10:07:00.000000000,100418,356,100225,256,100433,256,100157,256,100455,100,100053,100,100993,100,99924,100,101105,100,99834,22,101274,100,99761,100,101377,100,99745,100,,,99687,100,,,99670,100,,,99605,100
2019-06-28 10:07:10.000000000,100418,306,100225,206,100433,203,100157,203,100455,203,100053,203,100993,100,99924,100,101105,100,99834,22,101274,100,99761,100,101377,100,99745,100,,,99687,100,,,99670,100,,,99605,100
2019-06-28 10:07:12.181116431,100418,306,100225,206,100433,203,100157,203,100455,203,100053,203,100993,100,99924,100,101105,100,99834,22,101274,100,99829,100,101377,100,99761,100,,,99745,100,,,99687,100,,,99670,100
2019-06-28 10:07:20.000000000,100418,356,100225,256,100433,256,100157,256,100455,100,100053,100,100993,100,99924,100,101105,100,99834,22,101274,100,99829,100,101377,100,99761,100,,,99745,100,,,99687,100,,,99670,100
