,ask_price_1,ask_size_1,bid_price_1,bid_size_1,ask_price_2,ask_size_2,bid_price_2,bid_size_2,ask_price_3,ask_size_3,bid_price_3,bid_size_3,ask_price_4,ask_size_4,bid_price_4,bid_size_4,ask_price_5,ask_size_5,bid_price_5,bid_size_5,ask_price_6,ask_size_6,bid_price_6,bid_size_6,ask_price_7,ask_size_7,bid_price_7,bid_size_7,ask_price_8,ask_size_8,bid_price_8,bid_size_8,ask_price_9,ask_size_9,bid_price_9,bid_size_9,ask_price_10,ask_size_10,bid_price_10,bid_size_10
2019-06-28 09:30:00.000000002,,,99873,100,,,,,,,,,,,,,,,,,,,,,,,,,,,,,,,,,,,,
2019-06-28 09:30:00.000000003,,,99962,100,,,99873,100,,,,,,,,,,,,,,,,,,,,,,,,,,,,,,,,
2019-06-28 09:30:00.000000005,100046,100,99962,100,,,99873,100,,,,,,,,,,,,,,,,,,,,,,,,,,,,,,,,
2019-06-28 09:30:00.000000008,100046,100,99962,100,100125,100,99937,100,,,99873,100,,,,,,,,,,,,,,,,,,,,,,,,,,,,
2019-06-28 09:30:00.000000009,100038,100,99962,100,100046,100,99937,100,100125,100,99873,100,,,,,,,,,,,,,,,,,,,,,,,,,,,,
2019-06-28 09:30:00.000000010,100038,100,99937,100,100046,100,99873,100,100112,100,,,100125,100,,,,,,,,,,,,,,,,,,,,,,,,,,
2019-06-28 09:30:00.000000014,100038,100,99961,100,100046,100,99937,100,100051,100,99873,100,100112,100,,,100125,100,,,,,,,,,,,,,,,,,,,,,,
2019-06-28 09:30:00.000000016,100038,100,99961,100,100046,100,99937,100,100051,100,99873,100,100112,100,,,100125,100,,,100133,100,,,,,,,,,,,,,,,,,,
2019-06-28 09:30:00.000000017,100038,100,99992,100,100046,100,99961,100,100051,100,99937,100,100112,100,99873,100,100125,100,,,100133,100,,,,,,,,,,,,,,,,,,
2019-06-28 09:30:00.000000018,100002,100,99992,100,100038,100,99961,100,100046,100,99937,100,100051,100,99873,100,100112,100,,,100125,100,,,100133,100,,,100197,100,,,,,,,,,,
2019-06-28 09:30:00.000000019,99993,100,99992,100,100002,100,99961,100,100038,200,99937,100,100046,100,99873,100,100051,100,,,100112,100,,,100125,100,,,100133,100,,,100197,100,,,,,,
2019-06-28 09:30:00.000000023,99993,100,99992,100,100002,100,99961,100,100038,200,99937,100,100046,100,99873,100,100051,100,,,100112,100,,,100125,100,,,100133,100,,,100152,100,,,100197,100,,
2019-06-28 09:30:00.000000024,99993,100,99992,100,100002,100,99961,100,100038,200,99937,100,100046,100,99873,100,100051,100,,,100052,100,,,100112,100,,,100125,100,,,100133,100,,,100152,100,,
2019-06-28 09:30:00.000000026,100002,100,99992,100,100038,200,99961,100,100046,100,99937,100,100051,100,99873,100,100052,100,99866,100,100112,100,,,100125,100,,,100133,100,,,100152,100,,,100197,100,,
2019-06-28 09:30:00.000000027,100002,100,99992,100,100038,200,99961,100,100046,100,99937,100,100051,100,99873,100,100052,100,99866,100,100112,100,99815,100,100125,100,,,100133,100,,,100152,100,,,100197,100,,
2019-06-28 09:30:00.000000029,100002,100,99992,100,100006,100,99961,100,100038,200,99937,100,100046,100,99873,100,100051,100,99866,100,100052,100,99815,100,100112,100,,,100125,100,,,100133,100,,,100152,100,,
2019-06-28 09:30:00.000000032,100002,100,99992,100,100006,100,99961,100,100038,200,99937,100,100046,100,99873,100,100051,100,99871,100,100052,100,99866,100,100112,100,99815,100,100125,100,,,100133,100,,,100152,100,,
2019-06-28 09:30:00.000000034,100002,100,99992,100,100006,100,99987,100,100038,200,99961,100,100046,100,99937,100,100051,100,99873,100,100052,100,99871,100,100112,100,99866,100,100125,100,99815,100,100133,100,,,100152,100,,
2019-06-28 09:30:00.000000039,100002,100,99987,100,100006,100,99961,100,100038,200,99937,100,100046,100,99873,100,100051,100,99871,100,100052,100,99866,100,100112,100,99815,100,100125,100,,,100133,100,,,100152,100,,
2019-06-28 09:30:00.000000040,100002,100,99987,100,100006,100,99961,100,100038,200,99937,100,100046,100,99873,100,100051,100,99871,100,100052,100,99866,100,100066,100,99815,100,100112,100,,,100125,100,,,100133,100,,
2019-06-28 09:30:00.000000041,100002,100,99987,100,100006,100,99961,100,100038,200,99937,100,100046,100,99917,100,100051,100,99873,100,100052,100,99871,100,100066,100,99866,100,100112,100,99815,100,100125,100,,,100133,100,,
2019-06-28 09:30:00.000000046,100006,100,99987,100,100038,200,99961,100,100046,100,99937,100,100051,100,99917,100,100052,100,99873,100,100066,100,99871,100,100112,100,99866,100,100125,100,99815,100,100133,100,,,100152,100,,
2019-06-28 09:30:00.000000047,100006,100,99987,100,100038,200,99961,100,100046,100,99937,100,100051,100,99917,100,100052,100,99873,100,100066,100,99871,100,100075,100,99866,100,100112,100,99815,100,100125,100,,,100133,100,,
2019-06-28 09:30:00.000000049,100006,100,99987,100,100038,200,99961,100,100046,100,99937,100,100051,100,99917,100,100052,100,99873,100,100066,100,99871,100,100075,100,99866,100,100112,100,99828,100,100125,100,99815,100,100133,100,,
2019-06-28 09:30:00.000000050,100006,100,99961,100,100012,100,99937,100,100038,200,99936,100,100046,100,99917,100,100051,100,99873,100,100052,100,99871,100,100066,100,99866,100,100075,100,99828,100,100112,100,99815,100,100125,100,,
2019-06-28 09:30:00.000000054,100006,100,99961,100,100012,100,99937,100,100038,200,99936,100,100046,100,99917,100,100051,100,99873,100,100052,100,99871,100,100066,100,99866,100,100075,100,99828,100,100112,100,99815,100,100125,100,,
2019-06-28 09:30:00.000000055,100006,100,99961,100,100012,100,99937,100,100033,100,99936,100,100038,200,99917,100,100046,100,99873,100,100051,100,99871,100,100052,100,99866,100,100066,100,99828,100,100075,100,99815,100,100112,100,,
2019-06-28 09:30:00.000000056,99999,100,99961,100,100006,100,99937,100,100012,100,99936,100,100033,100,99917,100,100038,200,99873,100,100046,100,99871,100,100051,100,99866,100,100052,100,99828,100,100066,100,99815,100,100075,100,,
2019-06-28 09:30:00.000000057,100006,100,99961,100,100012,100,99937,100,100033,100,99936,100,100038,200,99917,100,100046,100,99873,100,100051,100,99871,100,100052,100,99866,100,100066,100,99828,100,100075,100,99815,100,100112,100,,
2019-06-28 09:30:00.000000059,100006,100,99961,100,100012,100,99937,100,100033,100,99936,100,100038,200,99917,100,100046,100,99873,100,100051,100,99871,100,100052,100,99866,100,100066,100,99828,100,100075,100,99815,100,100112,100,,
2019-06-28 09:30:00.000000060,100006,100,99961,100,100012,100,99937,100,100033,100,99936,100,100038,200,99917,100,100046,100,99907,100,100051,100,99873,100,100052,100,99871,100,100066,100,99866,100,100075,100,99828,100,100112,100,99815,100
2019-06-28 09:30:00.000000061,100006,100,99999,100,100012,100,99961,100,100033,100,99937,100,100038,200,99936,100,100046,100,99917,100,100051,100,99907,100,100052,100,99873,100,100055,100,99871,100,100066,100,99866,100,100075,100,99828,100
2019-06-28 09:30:00.000000064,100006,100,99999,100,100012,100,99961,100,100033,100,99937,100,100038,200,99936,100,100046,100,99917,100,100051,100,99907,100,100052,100,99873,100,100055,100,99871,100,100066,100,99866,100,100075,100,99828,100
2019-06-28 09:30:00.000000066,100006,100,99999,100,100012,100,99961,100,100033,100,99950,100,100038,200,99937,100,100046,100,99936,100,100051,100,99917,100,100052,100,99907,100,100055,100,99873,100,100066,100,99871,100,100075,100,99866,100
2019-06-28 09:30:00.000000068,100005,100,99999,100,100006,100,99961,100,100012,100,99950,100,100033,100,99937,100,100038,200,99936,100,100046,100,99917,100,100051,100,99907,100,100052,100,99873,100,100055,100,99871,100,100066,100,99866,100
2019-06-28 09:30:00.000000071,100005,100,99999,200,100006,100,99961,100,100012,100,99950,100,100033,100,99937,100,100038,200,99936,100,100046,100,99917,100,100051,100,99907,100,100052,100,99873,100,100055,100,99871,100,100058,100,99866,100
2019-06-28 09:30:00.000000073,100005,200,99999,200,100006,100,99961,100,100012,100,99950,100,100033,100,99937,100,100038,200,99936,100,100046,100,99917,100,100051,100,99907,100,100052,100,99873,100,100055,100,99871,100,100058,100,99866,100
2019-06-28 09:30:00.000000075,100005,300,99999,200,100006,100,99961,100,100012,100,99950,100,100033,100,99937,100,100038,200,99936,100,100046,100,99917,100,100051,100,99907,100,100052,100,99873,100,100055,100,99871,100,100058,100,99866,100
2019-06-28 09:30:00.000000079,100005,300,99999,100,100006,100,99961,100,100012,100,99950,100,100033,100,99937,100,100038,200,99936,100,100046,100,99917,100,100051,100,99907,100,100052,100,99873,100,100055,100,99871,100,100058,100,99866,100
2019-06-28 09:30:00.000000080,100005,200,99999,100,100006,100,99961,100,100012,100,99950,100,100033,100,99937,100,100038,200,99936,100,100046,100,99917,100,100051,100,99907,100,100052,100,99873,100,100055,100,99871,100,100058,100,99866,100
2019-06-28 09:30:00.000000082,100005,100,99999,100,100006,100,99961,100,100012,100,99950,100,100033,100,99937,100,100038,200,99936,100,100046,100,99917,100,100051,100,99907,100,100052,100,99873,100,100055,100,99871,100,100058,100,99866,100
2019-06-28 09:30:00.000000085,100005,100,99999,100,100006,100,99961,100,100012,100,99950,100,100025,100,99937,100,100033,100,99936,100,100038,200,99926,100,100046,100,99917,100,100051,100,99907,100,100052,100,99873,100,100055,100,99871,100
2019-06-28 09:30:00.000000087,100005,100,99999,100,100006,100,99961,100,100012,100,99950,100,100025,100,99937,100,100033,100,99936,100,100038,200,99926,100,100046,100,99917,100,100051,100,99907,100,100052,100,99873,100,100055,100,99871,100
2019-06-28 09:30:00.000000089,100006,100,99999,100,100012,100,99961,100,100025,100,99950,100,100033,100,99937,100,100038,200,99936,100,100046,100,99926,100,100051,100,99917,100,100052,100,99907,100,100055,100,99873,100,100058,100,99871,100
2019-06-28 09:30:00.000000092,100006,100,99999,100,100012,100,99961,100,100025,100,99950,100,100033,100,99937,100,100038,200,99936,100,100046,100,99926,100,100051,100,99917,100,100052,100,99907,100,100055,100,99873,100,100058,100,99871,100
2019-06-28 09:30:00.000000093,100006,100,99999,100,100012,100,99961,100,100025,100,99950,100,100033,100,99937,100,100038,200,99936,100,100046,100,99926,100,100051,100,99917,100,100052,100,99907,100,100055,100,99873,200,100058,100,99871,100
2019-06-28 09:30:00.000000096,100006,100,99961,100,100012,100,99951,100,100025,100,99950,100,100033,100,99937,100,100038,200,99936,100,100046,100,99926,100,100051,100,99917,100,100052,100,99907,100,100055,100,99873,200,100058,100,99871,100
2019-06-28 09:30:00.000000099,100006,100,99972,100,100012,100,99961,100,100025,100,99951,100,100033,100,99950,100,100038,200,99937,100,100046,100,99936,100,100051,100,99926,100,100052,100,99917,100,100055,100,99907,100,100058,100,99873,200
2019-06-28 09:30:06.382110401,100005,100,99972,100,100006,100,99961,100,100012,100,99951,100,100025,100,99950,100,100033,100,99937,100,100038,200,99936,100,100046,100,99926,100,100051,100,99917,100,100052,100,99907,100,100055,100,99873,100
2019-06-28 09:30:10.000000000,100005,270,99972,270,100006,270,99961,270,100012,100,99951,100,100025,100,99950,100,100033,100,99937,100,100038,200,99936,100,100046,100,99926,100,100051,100,99917,100,100052,100,99907,100,100055,100,99873,100
2019-06-28 09:30:20.000000000,100005,185,99972,185,100006,185,99961,185,100012,185,99951,185,100025,185,99950,185,100033,100,99937,100,100038,200,99936,100,100046,100,99926,100,100051,100,99917,100,100052,100,99907,100,100055,100,99873,100
2019-06-28 09:30:23.738060214,100005,185,99972,185,100006,185,99961,85,100012,185,99951,185,100025,185,99950,185,100033,100,99937,100,100038,200,99936,100,100046,100,99926,100,100051,100,99917,100,100052,100,99907,100,100055,100,99873,100
2019-06-28 09:30:30.000000000,100005,168,99972,168,100006,168,99951,168,100012,168,99950,168,100025,168,99937,168,100033,168,99936,168,100038,200,99926,100,100046,100,99917,100,100051,100,99907,100,100052,100,99873,100,100055,100,99871,100
2019-06-28 09:30:36.396221501,100005,168,99972,168,100006,168,99951,168,100012,168,99950,168,100025,168,99937,168,100033,168,99936,168,100038,200,99926,100,100046,100,99917,100,100051,100,99907,100,100052,100,99873,100,100055,100,99871,100
2019-06-28 09:30:38.334052687,100005,168,99972,168,100006,168,99951,168,100012,168,99950,168,100025,168,99937,168,100033,168,99936,168,100038,200,99926,100,100046,100,99917,100,100051,100,99907,100,100052,100,99873,100,100055,100,99871,100
2019-06-28 09:30:40.000000000,100005,270,99972,270,100006,270,99951,270,100012,100,99950,100,100025,100,99937,100,100033,100,99936,100,100038,200,99926,100,100046,100,99917,100,100051,100,99907,100,100052,100,99873,100,100055,100,99871,100
2019-06-28 09:30:50.000000000,100005,168,99972,168,100006,168,99951,168,100012,168,99950,168,100025,168,99937,168,100033,168,99936,168,100038,200,99926,100,100046,100,99917,100,100051,100,99907,100,100052,100,99873,100,100055,100,99871,100
2019-06-28 09:31:00.000000000,100005,168,99972,168,100006,168,99951,168,100012,168,99950,168,100025,168,99937,168,100033,168,99936,168,100038,200,99926,100,100046,100,99917,100,100051,100,99907,100,100052,100,99873,100,100055,100,99871,100
2019-06-28 09:31:01.183296159,100005,268,99972,168,100006,168,99951,168,100012,168,99950,168,100025,168,99937,168,100033,168,99936,168,100038,200,99926,100,100046,100,99917,100,100051,100,99907,100,100052,100,99873,100,100055,100,99871,100
2019-06-28 09:31:10.000000000,100005,316,99972,216,100006,212,99951,212,100012,212,99950,212,100025,100,99937,100,100033,100,99936,100,100038,200,99926,100,100046,100,99917,100,100051,100,99907,100,100052,100,99873,100,100055,100,99871,100
2019-06-28 09:31:17.113558541,100005,316,99972,116,100006,212,99951,212,100012,212,99950,212,100025,100,99937,100,100033,100,99936,100,100038,200,99926,100,100046,100,99917,100,100051,100,99907,100,100052,100,99873,100,100055,100,99871,100
2019-06-28 09:31:20.000000000,100005,285,99951,185,100006,185,99950,185,100012,185,99937,185,100025,185,99936,185,100033,100,99926,100,100038,200,99917,100,100046,100,99907,100,100051,100,99873,100,100052,100,99871,100,100055,100,99866,100
2019-06-28 09:31:30.000000000,100005,540,99951,440,100006,100,99950,100,100012,100,99937,100,100025,100,99936,100,100033,100,99926,100,100038,200,99917,100,100046,100,99907,100,100051,100,99873,100,100052,100,99871,100,100055,100,99866,100
2019-06-28 09:31:38.496308723,100005,540,99951,440,100006,100,99950,100,100012,100,99937,100,100025,100,99936,100,100033,100,99926,100,100038,200,99917,100,100046,100,99907,100,100051,100,99873,100,100052,100,99871,100,100058,100,99866,100
2019-06-28 09:31:40.000000000,100005,370,99951,270,100006,270,99950,270,100012,100,99937,100,100025,100,99936,100,100033,100,99926,100,100038,200,99917,100,100046,100,99907,100,100051,100,99873,100,100052,100,99871,100,100058,100,99866,100
2019-06-28 09:31:49.963965388,100005,370,99951,270,100006,270,99950,270,100012,100,99937,100,100025,100,99936,100,100033,100,99926,100,100038,200,99917,100,100046,100,99907,100,100051,100,99873,100,100052,100,99871,100,100058,100,99866,100
2019-06-28 09:31:50.000000000,100005,370,99951,270,100006,270,99950,270,100012,100,99937,100,100025,100,99936,100,100033,100,99926,100,100038,200,99917,100,100046,100,99907,100,100051,100,99873,100,100052,100,99871,100,100058,100,99866,100
2019-06-28 09:32:00.000000000,100005,540,99951,440,100006,100,99950,100,100012,100,99937,100,100025,100,99936,100,100033,100,99926,100,100038,200,99917,100,100046,100,99907,100,100051,100,99873,100,100052,100,99871,100,100058,100,99866,100
2019-06-28 09:32:10.000000000,100005,540,99951,440,100006,100,99950,100,100012,100,99937,100,100025,100,99936,100,100033,100,99926,100,100038,200,99917,100,100046,100,99907,100,100051,100,99873,100,100052,100,99871,100,100058,100,99866,100
2019-06-28 09:32:20.000000000,100005,316,99951,216,100006,212,99950,212,100012,212,99937,212,100025,100,99936,100,100033,100,99926,100,100038,200,99917,100,100046,100,99907,100,100051,100,99873,100,100052,100,99871,100,100058,100,99866,100
2019-06-28 09:32:30.000000000,100005,540,99951,440,100006,100,99950,100,100012,100,99937,100,100025,100,99936,100,100033,100,99926,100,100038,200,99917,100,100046,100,99907,100,100051,100,99873,100,100052,100,99871,100,100058,100,99866,100
2019-06-28 09:32:40.000000000,100005,316,99951,216,100006,212,99950,212,100012,212,99937,212,100025,100,99936,100,100033,100,99926,100,100038,200,99917,100,100046,100,99907,100,100051,100,99873,100,100052,100,99871,100,100058,100,99866,100
2019-06-28 09:32:50.000000000,100005,268,99951,168,100006,168,99950,168,100012,168,99937,168,100025,168,99936,168,100033,168,99926,168,100038,200,99917,100,100046,100,99907,100,100051,100,99873,100,100052,100,99871,100,100058,100,99866,100
2019-06-28 09:33:00.000000000,100005,370,99951,270,100006,270,99950,270,100012,100,99937,100,100025,100,99936,100,100033,100,99926,100,100038,200,99917,100,100046,100,99907,100,100051,100,99873,100,100052,100,99871,100,100058,100,99866,100
2019-06-28 09:33:03.191937436,100005,370,99951,270,100006,170,99950,270,100012,100,99937,100,100025,100,99936,100,100033,100,99926,100,100038,200,99917,100,100046,100,99907,100,100051,100,99873,100,100052,100,99871,100,100058,100,99866,100
2019-06-28 09:33:09.759628840,99999,100,99951,270,100005,370,99950,270,100006,170,99937,100,100012,100,99936,100,100025,100,99926,100,100033,100,99917,100,100038,200,99907,100,100046,100,99873,100,100051,100,99871,100,100052,100,99866,100
2019-06-28 09:33:10.000000000,99999,270,99951,270,100005,370,99950,270,100012,100,99937,100,100025,100,99936,100,100033,100,99926,100,100038,200,99917,100,100046,100,99907,100,100051,100,99873,100,100052,100,99871,100,100058,100,99866,100
2019-06-28 09:33:20.000000000,99999,440,99951,440,100005,200,99950,100,100012,100,99937,100,100025,100,99936,100,100033,100,99926,100,100038,200,99917,100,100046,100,99907,100,100051,100,99873,100,100052,100,99871,100,100058,100,99866,100
2019-06-28 09:33:25.750739686,99999,440,99951,340,100005,200,99950,100,100012,100,99937,100,100025,100,99936,100,100038,200,99926,100,100046,100,99917,100,100051,100,99907,100,100052,100,99873,100,100058,100,99871,100,100062,100,99866,100
2019-06-28 09:33:30.000000000,99999,270,99950,270,100005,370,99937,270,100012,100,99936,100,100025,100,99926,100,100038,200,99917,100,100046,100,99907,100,100051,100,99873,100,100052,100,99871,100,100058,100,99866,100,100062,100,99828,100
2019-06-28 09:33:40.000000000,99999,185,99950,185,100005,285,99937,185,100012,185,99936,185,100025,185,99926,185,100038,200,99917,100,100046,100,99907,100,100051,100,99873,100,100052,100,99871,100,100058,100,99866,100,100062,100,99828,100
2019-06-28 09:33:50.000000000,99999,216,99950,216,100005,312,99937,212,100012,212,99936,212,100025,100,99926,100,100038,200,99917,100,100046,100,99907,100,100051,100,99873,100,100052,100,99871,100,100058,100,99866,100,100062,100,99828,100
2019-06-28 09:33:50.303821253,99999,216,99950,216,100005,312,99937,212,100012,212,99936,212,100025,100,99931,100,100038,200,99926,100,100046,100,99917,100,100051,100,99907,100,100052,100,99873,100,100058,100,99871,100,100062,100,99866,100
2019-06-28 09:34:00.000000000,99999,216,99950,216,100005,312,99937,212,100012,212,99936,212,100025,100,99931,100,100038,200,99926,100,100046,100,99917,100,100051,100,99907,100,100052,100,99873,100,100058,100,99871,100,100062,100,99866,100
2019-06-28 09:34:01.885030898,99999,216,99950,216,100005,312,99937,212,100012,212,99936,212,100025,100,99931,100,100038,200,99926,100,100046,100,99917,100,100051,100,99907,100,100052,100,99873,100,100058,100,99871,100,100062,100,99866,100
2019-06-28 09:34:04.945827703,99972,100,99950,216,99999,216,99937,212,100005,312,99936,212,100012,212,99931,100,100025,100,99926,100,100038,200,99917,100,100046,100,99907,100,100051,100,99873,100,100052,100,99871,100,100058,100,99866,100
2019-06-28 09:34:10.000000000,99972,168,99950,168,99999,168,99937,168,100005,268,99936,168,100012,168,99931,168,100025,168,99926,168,100038,200,99917,100,100046,100,99907,100,100051,100,99873,100,100052,100,99871,100,100058,100,99866,100
2019-06-28 09:34:11.995032922,99972,168,99950,168,99999,68,99937,168,100005,268,99936,168,100012,168,99931,168,100025,168,99926,168,100038,200,99917,100,100046,100,99907,100,100051,100,99873,100,100052,100,99871,100,100058,100,99866,100
2019-06-28 09:34:20.000000000,99972,216,99950,216,100005,312,99937,212,100012,212,99936,212,100025,100,99931,100,100038,200,99926,100,100046,100,99917,100,100051,100,99907,100,100052,100,99873,100,100058,100,99871,100,100062,100,99866,100
2019-06-28 09:34:30.000000000,99972,440,99950,440,100005,200,99937,100,100012,100,99936,100,100025,100,99931,100,100038,200,99926,100,100046,100,99917,100,100051,100,99907,100,100052,100,99873,100,100058,100,99871,100,100062,100,99866,100
2019-06-28 09:34:40.000000000,99972,270,99950,270,100005,370,99937,270,100012,100,99936,100,100025,100,99931,100,100038,200,99926,100,100046,100,99917,100,100051,100,99907,100,100052,100,99873,100,100058,100,99871,100,100062,100,99866,100
2019-06-28 09:34:50.000000000,99972,168,99950,168,100005,268,99937,168,100012,168,99936,168,100025,168,99931,168,100038,268,99926,168,100046,100,99917,100,100051,100,99907,100,100052,100,99873,100,100058,100,99871,100,100062,100,99866,100
2019-06-28 09:35:00.000000000,99972,216,99950,216,100005,312,99937,212,100012,212,99936,212,100025,100,99931,100,100038,200,99926,100,100046,100,99917,100,100051,100,99907,100,100052,100,99873,100,100058,100,99871,100,100062,100,99866,100
2019-06-28 09:35:10.000000000,99972,440,99950,440,100005,200,99937,100,100012,100,99936,100,100025,100,99931,100,100038,200,99926,100,100046,100,99917,100,100051,100,99907,100,100052,100,99873,100,100058,100,99871,100,100062,100,99866,100
2019-06-28 09:35:13.974267254,99972,440,99950,340,100005,200,99937,100,100012,100,99936,100,100025,100,99931,100,100038,200,99926,100,100046,100,99917,100,100051,100,99907,100,100052,100,99873,100,100058,100,99871,100,100062,100,99866,100
2019-06-28 09:35:20.000000000,99972,270,99937,270,100005,370,99936,270,100012,100,99931,100,100025,100,99926,100,100038,200,99917,100,100046,100,99907,100,100051,100,99873,100,100052,100,99871,100,100058,100,99866,100,100062,100,99828,100
2019-06-28 09:35:23.948096149,99972,270,99937,170,100005,370,99936,270,100012,100,99931,100,100025,100,99926,100,100038,200,99917,100,100046,100,99907,100,100051,100,99873,100,100052,100,99871,100,100058,100,99866,100,100062,100,99828,100
2019-06-28 09:35:30.000000000,99972,185,99936,185,100005,285,99931,185,100012,185,99926,185,100025,185,99917,185,100038,200,99907,100,100046,100,99873,100,100051,100,99871,100,100052,100,99866,100,100058,100,99828,100,100062,100,99826,100
2019-06-28 09:35:30.854831616,99972,185,99936,185,100005,285,99931,185,100012,185,99926,185,100025,185,99917,185,100038,200,99907,100,100046,100,99873,100,100051,100,99871,100,100052,100,99866,100,100058,100,99828,100,100062,100,99826,100
2019-06-28 09:35:40.000000000,99972,440,99936,440,100005,200,99931,100,100012,100,99926,100,100025,100,99917,100,100038,200,99907,100,100046,100,99873,100,100051,100,99871,100,100052,100,99866,100,100058,100,99828,100,100062,100,99826,100
2019-06-28 09:35:50.000000000,99972,270,99936,270,100005,370,99931,270,100012,100,99926,100,100025,100,99917,100,100038,200,99907,100,100046,100,99873,100,100051,100,99871,100,100052,100,99866,100,100058,100,99828,100,100062,100,99826,100
2019-06-28 09:35:56.559303222,99972,270,99936,170,100005,370,99931,270,100012,100,99926,100,100025,100,99917,100,100038,200,99907,100,100046,100,99873,100,100051,100,99871,100,100052,100,99866,100,100058,100,99828,100,100062,100,99826,100
2019-06-28 09:36:00.000000000,99972,270,99931,270,100005,370,99926,270,100012,100,99917,100,100025,100,99907,100,100038,200,99873,100,100046,100,99871,100,100051,100,99866,100,100052,100,99828,100,100058,100,99826,100,100062,100,99815,100
2019-06-28 09:36:05.645867596,99972,270,99931,270,100005,370,99926,270,100012,100,99917,100,100025,100,99907,100,100038,200,99873,100,100046,100,99871,100,100051,100,99866,100,100052,100,99828,100,100058,100,99815,100,100062,100,99741,100
2019-06-28 09:36:10.000000000,99972,216,99931,216,100005,312,99926,212,100012,212,99917,212,100025,100,99907,100,100038,200,99873,100,100046,100,99871,100,100051,100,99866,100,100052,100,99828,100,100058,100,99815,100,100062,100,99741,100
2019-06-28 09:36:14.351567639,99972,216,99931,216,100005,312,99926,212,100012,212,99917,212,100025,100,99907,100,100038,200,99873,100,100046,100,99871,100,100051,100,99866,100,100052,100,99828,100,100058,100,99815,100,100062,100,99741,100
2019-06-28 09:36:15.322810834,99972,216,99931,116,100005,312,99926,212,100012,212,99917,212,100025,100,99873,100,100038,200,99871,100,100046,100,99866,100,100051,100,99828,100,100052,100,99815,100,100058,100,99741,100,100062,100,99307,100
2019-06-28 09:36:20.000000000,99972,168,99926,168,100005,268,99917,168,100012,168,99873,168,100025,168,99871,168,100038,268,99866,168,100046,100,99828,100,100051,100,99815,100,100052,100,99741,100,100058,100,99307,100,100062,100,99259,100
2019-06-28 09:36:30.000000000,99972,440,99926,440,100005,200,99917,100,100012,100,99873,100,100025,100,99871,100,100038,200,99866,100,100046,100,99828,100,100051,100,99815,100,100052,100,99741,100,100058,100,99307,100,100062,100,99259,100
2019-06-28 09:36:40.000000000,99972,168,99926,168,100005,268,99917,168,100012,168,99873,168,100025,168,99871,168,100038,268,99866,168,100046,100,99828,100,100051,100,99815,100,100052,100,99741,100,100058,100,99307,100,100062,100,99259,100
2019-06-28 09:36:41.239406653,99972,168,99926,168,100005,268,99917,168,100012,168,99873,168,100025,168,99871,168,100038,268,99866,168,100046,100,99828,100,100051,100,99815,100,100052,100,99741,100,100058,100,99414,100,100062,100,99307,100
2019-06-28 09:36:47.668137974,99936,100,99926,168,99972,168,99917,168,100005,268,99873,168,100012,168,99871,168,100025,168,99866,168,100038,268,99828,100,100046,100,99815,100,100051,100,99741,100,100052,100,99414,100,100058,100,99307,100
2019-06-28 09:36:50.000000000,99936,440,99926,440,99972,100,99917,100,100005,200,99873,100,100012,100,99871,100,100025,100,99866,100,100038,200,99828,100,100046,100,99815,100,100051,100,99741,100,100052,100,99414,100,100058,100,99307,100
2019-06-28 09:37:00.000000000,99936,185,99926,185,99972,185,99917,185,100005,285,99873,185,100012,185,99871,185,100025,100,99866,100,100038,200,99828,100,100046,100,99815,100,100051,100,99741,100,100052,100,99414,100,100058,100,99307,100
2019-06-28 09:37:10.000000000,99936,216,99926,216,99972,212,99917,212,100005,312,99873,212,100012,100,99871,100,100025,100,99866,100,100038,200,99828,100,100046,100,99815,100,100051,100,99741,100,100052,100,99414,100,100058,100,99307,100
2019-06-28 09:37:20.000000000,99936,440,99926,440,99972,100,99917,100,100005,200,99873,100,100012,100,99871,100,100025,100,99866,100,100038,200,99828,100,100046,100,99815,100,100051,100,99741,100,100052,100,99414,100,100058,100,99307,100
2019-06-28 09:37:20.000941212,99936,440,99926,440,99972,100,99917,100,100005,200,99873,100,100012,100,99871,100,100025,100,99866,100,100038,200,99828,100,100046,100,99815,100,100051,100,99741,100,100052,100,99620,100,100058,100,99414,100
2019-06-28 09:37:30.000000000,99936,270,99926,270,99972,270,99917,270,100005,200,99873,100,100012,100,99871,100,100025,100,99866,100,100038,200,99828,100,100046,100,99815,100,100051,100,99741,100,100052,100,99620,100,100058,100,99414,100
2019-06-28 09:37:31.956772263,99936,270,99926,270,99972,270,99917,270,100005,200,99873,100,100012,100,99871,100,100025,100,99866,100,100038,200,99828,100,100046,100,99815,100,100051,100,99746,100,100052,100,99741,100,100058,100,99620,100
2019-06-28 09:37:40.000000000,99936,185,99926,185,99972,185,99917,185,100005,285,99873,185,100012,185,99871,185,100025,100,99866,100,100038,200,99828,100,100046,100,99815,100,100051,100,99746,100,100052,100,99741,100,100058,100,99620,100
2019-06-28 09:37:50.000000000,99936,168,99926,168,99972,168,99917,168,100005,268,99873,168,100012,168,99871,168,100025,168,99866,168,100038,200,99828,100,100046,100,99815,100,100051,100,99746,100,100052,100,99741,100,100058,100,99620,100
2019-06-28 09:38:00.000000000,99936,270,99926,270,99972,270,99917,270,100005,200,99873,100,100012,100,99871,100,100025,100,99866,100,100038,200,99828,100,100046,100,99815,100,100051,100,99746,100,100052,100,99741,100,100058,100,99620,100
2019-06-28 09:38:10.000000000,99936,440,99926,440,99972,100,99917,100,100005,200,99873,100,100012,100,99871,100,100025,100,99866,100,100038,200,99828,100,100046,100,99815,100,100051,100,99746,100,100052,100,99741,100,100058,100,99620,100
2019-06-28 09:38:13.001393897,99936,540,99926,440,99972,100,99917,100,100005,200,99873,100,100012,100,99871,100,100025,100,99866,100,100038,200,99828,100,100046,100,99815,100,100051,100,99746,100,100052,100,99741,100,100058,100,99620,100
2019-06-28 09:38:13.402283784,99936,540,99926,440,99972,100,99917,100,100005,200,99873,100,100012,100,99871,100,100013,100,99866,100,100025,100,99828,100,100038,200,99815,100,100046,100,99746,100,100051,100,99741,100,100052,100,99620,100
2019-06-28 09:38:20.000000000,99936,316,99926,216,99972,212,99917,212,100005,312,99873,212,100012,100,99871,100,100013,100,99866,100,100025,100,99828,100,100038,200,99815,100,100046,100,99746,100,100051,100,99741,100,100052,100,99620,100
2019-06-28 09:38:20.271673096,99936,316,99926,216,99972,212,99917,212,100005,312,99873,212,100012,100,99871,100,100013,100,99866,100,100025,100,99828,100,100038,200,99815,100,100046,100,99746,100,100051,100,99741,100,100052,100,99620,100
2019-06-28 09:38:20.570979039,99936,316,99926,216,99972,212,99917,212,100005,312,99873,212,100012,100,99871,100,100013,100,99866,100,100025,100,99828,100,100038,200,99815,100,100046,100,99746,100,100051,100,99741,100,100052,100,99620,100
2019-06-28 09:38:30.000000000,99936,268,99926,168,99972,168,99917,168,100005,268,99873,168,100012,168,99871,168,100013,168,99866,168,100025,100,99828,100,100038,200,99815,100,100046,100,99746,100,100051,100,99741,100,100052,100,99620,100
2019-06-28 09:38:40.000000000,99936,285,99926,185,99972,185,99917,185,100005,285,99873,185,100012,185,99871,185,100013,100,99866,100,100025,100,99828,100,100038,200,99815,100,100046,100,99746,100,100051,100,99741,100,100052,100,99620,100
2019-06-28 09:38:50.000000000,99936,540,99926,440,99972,100,99917,100,100005,200,99873,100,100012,100,99871,100,100013,100,99866,100,100025,100,99828,100,100038,200,99815,100,100046,100,99746,100,100051,100,99741,100,100052,100,99620,100
2019-06-28 09:39:00.000000000,99936,316,99926,216,99972,212,99917,212,100005,312,99873,212,100012,100,99871,100,100013,100,99866,100,100025,100,99828,100,100038,200,99815,100,100046,100,99746,100,100051,100,99741,100,100052,100,99620,100
2019-06-28 09:39:06.384412588,99936,216,99926,216,99972,212,99917,212,100005,312,99873,212,100012,100,99871,100,100013,100,99866,100,100025,100,99828,100,100038,200,99815,100,100046,100,99746,100,100051,100,99741,100,100052,100,99620,100
2019-06-28 09:39:10.000000000,99936,216,99926,216,99972,212,99917,212,100005,312,99873,212,100012,100,99871,100,100013,100,99866,100,100025,100,99828,100,100038,200,99815,100,100046,100,99746,100,100051,100,99741,100,100052,100,99620,100
2019-06-28 09:39:10.158396800,99936,216,99926,216,99972,212,99917,212,100005,312,99873,212,100012,100,99871,100,100013,100,99866,100,100025,100,99828,100,100038,200,99815,100,100046,100,99746,100,100051,100,99741,100,100052,100,99620,100
2019-06-28 09:39:15.539085349,99936,116,99926,216,99972,212,99917,212,100005,312,99873,212,100012,100,99871,100,100013,100,99866,100,100025,100,99828,100,100038,200,99815,100,100046,100,99746,100,100051,100,99741,100,100052,100,99620,100
2019-06-28 09:39:20.000000000,99972,440,99926,440,100005,200,99917,100,100012,100,99873,100,100013,100,99871,100,100025,100,99866,100,100038,200,99828,100,100046,100,99815,100,100051,100,99746,100,100052,100,99741,100,100058,100,99620,100
2019-06-28 09:39:30.000000000,99972,270,99926,270,100005,370,99917,270,100012,100,99873,100,100013,100,99871,100,100025,100,99866,100,100038,200,99828,100,100046,100,99815,100,100051,100,99746,100,100052,100,99741,100,100058,100,99620,100
2019-06-28 09:39:35.013918644,99972,270,99926,270,100005,370,99917,270,100012,100,99873,100,100013,100,99871,100,100025,100,99866,100,100038,200,99828,100,100046,100,99815,100,100051,100,99746,100,100052,100,99741,100,100058,100,99620,100
2019-06-28 09:39:40.000000000,99972,168,99926,168,100005,268,99917,168,100012,168,99873,168,100013,168,99871,168,100025,168,99866,168,100038,200,99828,100,100046,100,99815,100,100051,100,99746,100,100052,100,99741,100,100058,100,99620,100
2019-06-28 09:39:50.000000000,99972,440,99926,440,100005,200,99917,100,100012,100,99873,100,100013,100,99871,100,100025,100,99866,100,100038,200,99828,100,100046,100,99815,100,100051,100,99746,100,100052,100,99741,100,100058,100,99620,100
2019-06-28 09:39:52.405710315,99972,440,99936,100,100005,100,99926,440,100012,100,99917,100,100013,100,99873,100,100025,100,99871,100,100038,200,99866,100,100046,100,99828,100,100051,100,99815,100,100052,100,99746,100,100058,100,99741,100
2019-06-28 09:40:00.000000000,99972,216,99936,216,100005,212,99926,212,100012,212,99917,212,100013,100,99873,100,100025,100,99871,100,100038,200,99866,100,100046,100,99828,100,100051,100,99815,100,100052,100,99746,100,100058,100,99741,100
2019-06-28 09:40:03.760932294,99972,216,99936,116,100005,212,99926,212,100012,212,99917,212,100013,100,99873,100,100025,100,99871,100,100038,200,99866,100,100046,100,99828,100,100051,100,99815,100,100052,100,99746,100,100058,100,99741,100
2019-06-28 09:40:10.000000000,99972,216,99926,216,100005,212,99917,212,100012,212,99873,212,100013,100,99871,100,100025,100,99866,100,100038,200,99828,100,100046,100,99815,100,100051,100,99746,100,100052,100,99741,100,100058,100,99620,100
2019-06-28 09:40:20.000000000,99972,168,99926,168,100005,168,99917,168,100012,168,99873,168,100013,168,99871,168,100025,168,99866,168,100038,200,99828,100,100046,100,99815,100,100051,100,99746,100,100052,100,99741,100,100058,100,99620,100
2019-06-28 09:40:21.211489507,99972,168,99926,168,100005,168,99917,168,100012,168,99908,100,100013,168,99873,168,100025,168,99871,168,100038,200,99866,168,100046,100,99828,100,100051,100,99815,100,100052,100,99746,100,100058,100,99741,100
2019-06-28 09:40:30.000000000,99972,168,99926,168,100005,168,99917,168,100012,168,99908,168,100013,168,99873,168,100025,168,99871,168,100038,200,99866,100,100046,100,99828,100,100051,100,99815,100,100052,100,99746,100,100058,100,99741,100
2019-06-28 09:40:40.000000000,99972,216,99926,216,100005,212,99917,212,100012,212,99908,212,100013,100,99873,100,100025,100,99871,100,100038,200,99866,100,100046,100,99828,100,100051,100,99815,100,100052,100,99746,100,100058,100,99741,100
2019-06-28 09:40:50.000000000,99972,440,99926,440,100005,100,99917,100,100012,100,99908,100,100013,100,99873,100,100025,100,99871,100,100038,200,99866,100,100046,100,99828,100,100051,100,99815,100,100052,100,99746,100,100058,100,99741,100
2019-06-28 09:41:00.000000000,99972,168,99926,168,100005,168,99917,168,100012,168,99908,168,100013,168,99873,168,100025,168,99871,168,100038,200,99866,100,100046,100,99828,100,100051,100,99815,100,100052,100,99746,100,100058,100,99741,100
2019-06-28 09:41:08.616036723,99972,168,99937,100,100005,168,99926,168,100012,168,99917,168,100013,168,99908,168,100025,168,99873,168,100038,200,99871,168,100046,100,99866,100,100051,100,99828,100,100052,100,99815,100,100058,100,99746,100
2019-06-28 09:41:10.000000000,99972,440,99937,440,100005,100,99926,100,100012,100,99917,100,100013,100,99908,100,100025,100,99873,100,100038,200,99871,100,100046,100,99866,100,100051,100,99828,100,100052,100,99815,100,100058,100,99746,100
2019-06-28 09:41:20.000000000,99972,216,99937,216,100005,212,99926,212,100012,212,99917,212,100013,100,99908,100,100025,100,99873,100,100038,200,99871,100,100046,100,99866,100,100051,100,99828,100,100052,100,99815,100,100058,100,99746,100
2019-06-28 09:41:30.000000000,99972,440,99937,440,100005,100,99926,100,100012,100,99917,100,100013,100,99908,100,100025,100,99873,100,100038,200,99871,100,100046,100,99866,100,100051,100,99828,100,100052,100,99815,100,100058,100,99746,100
2019-06-28 09:41:40.000000000,99972,270,99937,270,100005,270,99926,270,100012,100,99917,100,100013,100,99908,100,100025,100,99873,100,100038,200,99871,100,100046,100,99866,100,100051,100,99828,100,100052,100,99815,100,100058,100,99746,100
2019-06-28 09:41:41.172268632,99972,170,99937,270,100005,270,99926,270,100012,100,99917,100,100013,100,99908,100,100025,100,99873,100,100038,200,99871,100,100046,100,99866,100,100051,100,99828,100,100052,100,99815,100,100058,100,99746,100
2019-06-28 09:41:42.941117689,99972,70,99937,270,100005,270,99926,270,100012,100,99917,100,100013,100,99908,100,100025,100,99873,100,100038,200,99871,100,100046,100,99866,100,100051,100,99828,100,100052,100,99815,100,100058,100,99746,100
2019-06-28 09:41:44.709952755,99972,70,99937,270,100005,270,99926,270,100012,100,99917,100,100013,100,99908,100,100025,100,99873,100,100038,200,99871,100,100051,100,99866,100,100052,100,99828,100,100058,100,99815,100,100066,100,99746,100
2019-06-28 09:41:49.883604658,100005,270,99972,30,100012,100,99937,270,100013,100,99926,270,100025,100,99917,100,100038,200,99908,100,100051,100,99873,100,100052,100,99871,100,100058,100,99866,100,100066,100,99828,100,100112,100,99815,100
2019-06-28 09:41:50.000000000,100005,270,99972,200,100012,270,99937,270,100013,100,99926,100,100025,100,99917,100,100038,200,99908,100,100051,100,99873,100,100052,100,99871,100,100058,100,99866,100,100066,100,99828,100,100112,100,99815,100
2019-06-28 09:41:54.453869992,100005,170,99972,200,100012,270,99937,270,100013,100,99926,100,100025,100,99917,100,100038,200,99908,100,100051,100,99873,100,100052,100,99871,100,100066,100,99866,100,100112,100,99828,100,100125,100,99815,100
2019-06-28 09:41:58.179433377,100005,170,99972,200,100012,270,99937,270,100013,100,99926,100,100025,100,99917,100,100038,200,99908,100,100051,100,99873,100,100052,100,99871,100,100066,100,99866,100,100112,100,99828,100,100125,100,99815,100
2019-06-28 09:42:00.000000000,100012,185,99972,115,100013,185,99937,185,100025,185,99926,185,100038,285,99917,185,100051,100,99908,100,100052,100,99873,100,100066,100,99871,100,100112,100,99866,100,100125,100,99828,100,100133,100,99815,100
2019-06-28 09:42:10.000000000,100012,270,99972,200,100013,270,99937,270,100025,100,99926,100,100038,200,99917,100,100051,100,99908,100,100052,100,99873,100,100066,100,99871,100,100112,100,99866,100,100125,100,99828,100,100133,100,99815,100
2019-06-28 09:42:20.000000000,100012,270,99972,200,100013,270,99937,270,100025,100,99926,100,100038,200,99917,100,100051,100,99908,100,100052,100,99873,100,100066,100,99871,100,100112,100,99866,100,100125,100,99828,100,100133,100,99815,100
2019-06-28 09:42:25.476088874,100012,270,99973,100,100013,270,99972,170,100025,100,99937,270,100038,200,99926,100,100051,100,99917,100,100052,100,99908,100,100066,100,99873,100,100112,100,99871,100,100125,100,99866,100,100133,100,99828,100
2019-06-28 09:42:30.000000000,100012,216,99973,216,100013,212,99937,212,100025,212,99926,212,100038,200,99917,100,100051,100,99908,100,100052,100,99873,100,100066,100,99871,100,100112,100,99866,100,100125,100,99828,100,100133,100,99815,100
2019-06-28 09:42:31.178177479,100012,116,99973,216,100013,212,99937,212,100025,212,99926,212,100038,200,99917,100,100051,100,99908,100,100052,100,99873,100,100066,100,99871,100,100112,100,99866,100,100125,100,99828,100,100133,100,99815,100
2019-06-28 09:42:40.000000000,100013,185,99973,185,100025,185,99937,185,100038,285,99926,185,100051,185,99917,185,100052,100,99908,100,100066,100,99873,100,100112,100,99871,100,100125,100,99866,100,100133,100,99828,100,100169,100,99815,100
2019-06-28 09:42:50.000000000,100013,270,99973,270,100025,270,99937,270,100038,200,99926,100,100051,100,99917,100,100052,100,99908,100,100066,100,99873,100,100112,100,99871,100,100125,100,99866,100,100133,100,99828,100,100169,100,99815,100
2019-06-28 09:42:50.185363181,100013,270,99973,270,100025,270,99937,270,100038,200,99926,100,100051,100,99917,100,100052,100,99908,100,100066,100,99873,100,100112,100,99871,100,100125,100,99866,100,100133,100,99828,100,100169,100,99815,100
2019-06-28 09:42:54.264157250,100013,270,100005,100,100025,270,99973,270,100038,200,99937,270,100051,100,99926,100,100052,100,99917,100,100066,100,99908,100,100112,100,99873,100,100125,100,99871,100,100133,100,99866,100,100169,100,99828,100
2019-06-28 09:43:00.000000000,100013,440,100005,440,100025,100,99973,100,100038,200,99937,100,100051,100,99926,100,100052,100,99917,100,100066,100,99908,100,100112,100,99873,100,100125,100,99871,100,100133,100,99866,100,100169,100,99828,100
2019-06-28 09:43:03.581447558,100013,340,100005,440,100025,100,99973,100,100038,200,99937,100,100051,100,99926,100,100052,100,99917,100,100112,100,99908,100,100125,100,99873,100,100133,100,99871,100,100169,100,99866,100,100225,100,99828,100
2019-06-28 09:43:10.000000000,100025,270,100005,270,100038,370,99973,270,100051,100,99937,100,100052,100,99926,100,100112,100,99917,100,100125,100,99908,100,100133,100,99873,100,100169,100,99871,100,100225,100,99866,100,100227,100,99828,100
2019-06-28 09:43:20.000000000,100025,185,100005,185,100038,285,99973,185,100051,185,99937,185,100052,185,99926,185,100112,100,99917,100,100125,100,99908,100,100133,100,99873,100,100169,100,99871,100,100225,100,99866,100,100227,100,99828,100
2019-06-28 09:43:30.000000000,100025,440,100005,440,100038,200,99973,100,100051,100,99937,100,100052,100,99926,100,100112,100,99917,100,100125,100,99908,100,100133,100,99873,100,100169,100,99871,100,100225,100,99866,100,100227,100,99828,100
2019-06-28 09:43:40.000000000,100025,185,100005,185,100038,285,99973,185,100051,185,99937,185,100052,185,99926,185,100112,100,99917,100,100125,100,99908,100,100133,100,99873,100,100169,100,99871,100,100225,100,99866,100,100227,100,99828,100
2019-06-28 09:43:50.000000000,100025,185,100005,185,100038,285,99973,185,100051,185,99937,185,100052,185,99926,185,100112,100,99917,100,100125,100,99908,100,100133,100,99873,100,100169,100,99871,100,100225,100,99866,100,100227,100,99828,100
2019-06-28 09:44:00.000000000,100025,216,100005,216,100038,312,99973,212,100051,212,99937,212,100052,100,99926,100,100112,100,99917,100,100125,100,99908,100,100133,100,99873,100,100169,100,99871,100,100225,100,99866,100,100227,100,99828,100
2019-06-28 09:44:10.000000000,100025,270,100005,270,100038,370,99973,270,100051,100,99937,100,100052,100,99926,100,100112,100,99917,100,100125,100,99908,100,100133,100,99873,100,100169,100,99871,100,100225,100,99866,100,100227,100,99828,100
2019-06-28 09:44:11.893723106,100025,170,100005,270,100038,370,99973,270,100051,100,99937,100,100052,100,99926,100,100112,100,99917,100,100125,100,99908,100,100133,100,99873,100,100169,100,99871,100,100225,100,99866,100,100227,100,99828,100
2019-06-28 09:44:19.766332377,100025,170,100013,100,100038,370,100005,270,100051,100,99973,270,100052,100,99937,100,100112,100,99926,100,100125,100,99917,100,100133,100,99908,100,100169,100,99873,100,100225,100,99871,100,100227,100,99866,100
2019-06-28 09:44:20.000000000,100038,268,100013,168,100051,168,100005,168,100052,168,99973,168,100112,168,99937,168,100125,168,99926,168,100133,100,99917,100,100169,100,99908,100,100225,100,99873,100,100227,100,99871,100,100328,100,99866,100
2019-06-28 09:44:30.000000000,100038,370,100013,270,100051,270,100005,270,100052,100,99973,100,100112,100,99937,100,100125,100,99926,100,100133,100,99917,100,100169,100,99908,100,100225,100,99873,100,100227,100,99871,100,100328,100,99866,100
2019-06-28 09:44:33.557463159,100038,370,100013,270,100051,270,100005,270,100052,100,99973,100,100112,100,99937,100,100125,100,99926,100,100133,100,99917,100,100169,100,99908,100,100225,100,99873,100,100227,100,99871,100,100328,100,99866,100
2019-06-28 09:44:40.000000000,100038,285,100013,185,100051,185,100005,185,100052,185,99973,185,100112,185,99937,185,100125,100,99926,100,100133,100,99917,100,100169,100,99908,100,100225,100,99873,100,100227,100,99871,100,100328,100,99866,100
2019-06-28 09:44:50.000000000,100038,268,100013,168,100051,168,100005,168,100052,168,99973,168,100112,168,99937,168,100125,168,99926,168,100133,100,99917,100,100169,100,99908,100,100225,100,99873,100,100227,100,99871,100,100328,100,99866,100
2019-06-28 09:44:58.974834615,100038,168,100013,168,100051,168,100005,168,100052,168,99973,168,100112,168,99937,168,100125,168,99926,168,100133,100,99917,100,100169,100,99908,100,100225,100,99873,100,100227,100,99871,100,100328,100,99866,100
2019-06-28 09:45:00.000000000,100038,440,100013,440,100051,100,100005,100,100052,100,99973,100,100112,100,99937,100,100125,100,99926,100,100133,100,99917,100,100169,100,99908,100,100225,100,99873,100,100227,100,99871,100,100328,100,99866,100
2019-06-28 09:45:10.000000000,100038,216,100013,216,100051,212,100005,212,100052,212,99973,212,100112,100,99937,100,100125,100,99926,100,100133,100,99917,100,100169,100,99908,100,100225,100,99873,100,100227,100,99871,100,100328,100,99866,100
2019-06-28 09:45:20.000000000,100038,270,100013,270,100051,270,100005,270,100052,100,99973,100,100112,100,99937,100,100125,100,99926,100,100133,100,99917,100,100169,100,99908,100,100225,100,99873,100,100227,100,99871,100,100328,100,99866,100
2019-06-28 09:45:30.000000000,100038,185,100013,185,100051,185,100005,185,100052,185,99973,185,100112,185,99937,185,100125,100,99926,100,100133,100,99917,100,100169,100,99908,100,100225,100,99873,100,100227,100,99871,100,100328,100,99866,100
2019-06-28 09:45:38.520183122,100038,85,100013,185,100051,185,100005,185,100052,185,99973,185,100112,185,99937,185,100125,100,99926,100,100133,100,99917,100,100169,100,99873,100,100225,100,99871,100,100227,100,99866,100,100328,100,99828,100
2019-06-28 09:45:40.000000000,100051,270,100013,270,100052,270,100005,270,100112,100,99973,100,100125,100,99937,100,100133,100,99926,100,100169,100,99917,100,100225,100,99873,100,100227,100,99871,100,100328,100,99866,100,100446,100,99828,100
2019-06-28 09:45:50.000000000,100051,216,100013,216,100052,212,100005,212,100112,212,99973,212,100125,100,99937,100,100133,100,99926,100,100169,100,99917,100,100225,100,99873,100,100227,100,99871,100,100328,100,99866,100,100446,100,99828,100
2019-06-28 09:46:00.000000000,100051,440,100013,440,100052,100,100005,100,100112,100,99973,100,100125,100,99937,100,100133,100,99926,100,100169,100,99917,100,100225,100,99873,100,100227,100,99871,100,100328,100,99866,100,100446,100,99828,100
2019-06-28 09:46:10.000000000,100051,216,100013,216,100052,212,100005,212,100112,212,99973,212,100125,100,99937,100,100133,100,99926,100,100169,100,99917,100,100225,100,99873,100,100227,100,99871,100,100328,100,99866,100,100446,100,99828,100
2019-06-28 09:46:20.000000000,100051,440,100013,440,100052,100,100005,100,100112,100,99973,100,100125,100,99937,100,100133,100,99926,100,100169,100,99917,100,100225,100,99873,100,100227,100,99871,100,100328,100,99866,100,100446,100,99828,100
2019-06-28 09:46:30.000000000,100051,168,100013,168,100052,168,100005,168,100112,168,99973,168,100125,168,99937,168,100133,168,99926,168,100169,100,99917,100,100225,100,99873,100,100227,100,99871,100,100328,100,99866,100,100446,100,99828,100
2019-06-28 09:46:40.000000000,100051,168,100013,168,100052,168,100005,168,100112,168,99973,168,100125,168,99937,168,100133,168,99926,168,100169,100,99917,100,100225,100,99873,100,100227,100,99871,100,100328,100,99866,100,100446,100,99828,100
2019-06-28 09:46:49.413606527,100051,168,100038,100,100052,168,100013,168,100112,168,100005,168,100125,168,99973,168,100133,168,99937,168,100169,100,99926,168,100225,100,99917,100,100227,100,99873,100,100328,100,99871,100,100446,100,99866,100
2019-06-28 09:46:50.000000000,100051,216,100038,216,100052,212,100013,212,100112,212,100005,212,100125,100,99973,100,100133,100,99937,100,100169,100,99926,100,100225,100,99917,100,100227,100,99873,100,100328,100,99871,100,100446,100,99866,100
2019-06-28 09:47:00.000000000,100051,216,100038,216,100052,212,100013,212,100112,212,100005,212,100125,100,99973,100,100133,100,99937,100,100169,100,99926,100,100225,100,99917,100,100227,100,99873,100,100328,100,99871,100,100446,100,99866,100
2019-06-28 09:47:10.000000000,100051,440,100038,440,100052,100,100013,100,100112,100,100005,100,100125,100,99973,100,100133,100,99937,100,100169,100,99926,100,100225,100,99917,100,100227,100,99873,100,100328,100,99871,100,100446,100,99866,100
2019-06-28 09:47:20.000000000,100051,168,100038,168,100052,168,100013,168,100112,168,100005,168,100125,168,99973,168,100133,168,99937,168,100169,100,99926,100,100225,100,99917,100,100227,100,99873,100,100328,100,99871,100,100446,100,99866,100
2019-06-28 09:47:21.127292120,100051,68,100038,168,100052,168,100013,168,100112,168,100005,168,100125,168,99973,168,100133,168,99937,168,100169,100,99926,100,100225,100,99917,100,100227,100,99871,100,100328,100,99866,100,100446,100,99828,100
2019-06-28 09:47:28.001584378,100051,68,100038,68,100052,168,100013,168,100112,168,100005,168,100125,168,99973,168,100133,168,99937,168,100169,100,99926,100,100225,100,99917,100,100227,100,99871,100,100328,100,99866,100,100446,100,99828,100
2019-06-28 09:47:30.000000000,100052,270,100013,270,100112,270,100005,270,100125,100,99973,100,100133,100,99937,100,100169,100,99926,100,100225,100,99917,100,100227,100,99871,100,100328,100,99866,100,100446,100,99828,100,100767,100,99815,100
2019-06-28 09:47:40.000000000,100052,270,100013,270,100112,270,100005,270,100125,100,99973,100,100133,100,99937,100,100169,100,99926,100,100225,100,99917,100,100227,100,99871,100,100328,100,99866,100,100446,100,99828,100,100767,100,99815,100
2019-06-28 09:47:50.000000000,100052,216,100013,216,100112,212,100005,212,100125,212,99973,212,100133,100,99937,100,100169,100,99926,100,100225,100,99917,100,100227,100,99871,100,100328,100,99866,100,100446,100,99828,100,100767,100,99815,100
2019-06-28 09:48:00.000000000,100052,216,100013,216,100112,212,100005,212,100125,212,99973,212,100133,100,99937,100,100169,100,99926,100,100225,100,99917,100,100227,100,99871,100,100328,100,99866,100,100446,100,99828,100,100767,100,99815,100
2019-06-28 09:48:07.131369231,100052,216,100013,116,100112,212,100005,212,100125,212,99973,212,100133,100,99937,100,100169,100,99926,100,100225,100,99917,100,100227,100,99871,100,100328,100,99866,100,100446,100,99828,100,100767,100,99815,100
2019-06-28 09:48:10.000000000,100052,440,100005,440,100112,100,99973,100,100125,100,99937,100,100133,100,99926,100,100169,100,99917,100,100225,100,99871,100,100227,100,99866,100,100328,100,99828,100,100446,100,99815,100,100767,100,99741,100
2019-06-28 09:48:20.000000000,100052,168,100005,168,100112,168,99973,168,100125,168,99937,168,100133,168,99926,168,100169,168,99917,168,100225,100,99871,100,100227,100,99866,100,100328,100,99828,100,100446,100,99815,100,100767,100,99741,100
2019-06-28 09:48:30.000000000,100052,168,100005,168,100112,168,99973,168,100125,168,99937,168,100133,168,99926,168,100169,168,99917,168,100225,100,99871,100,100227,100,99866,100,100328,100,99828,100,100446,100,99815,100,100767,100,99741,100
2019-06-28 09:48:40.000000000,100052,216,100005,216,100112,212,99973,212,100125,212,99937,212,100133,100,99926,100,100169,100,99917,100,100225,100,99871,100,100227,100,99866,100,100328,100,99828,100,100446,100,99815,100,100767,100,99741,100
2019-06-28 09:48:50.000000000,100052,185,100005,185,100112,185,99973,185,100125,185,99937,185,100133,185,99926,185,100169,100,99917,100,100225,100,99871,100,100227,100,99866,100,100328,100,99828,100,100446,100,99815,100,100767,100,99741,100
2019-06-28 09:49:00.000000000,100052,440,100005,440,100112,100,99973,100,100125,100,99937,100,100133,100,99926,100,100169,100,99917,100,100225,100,99871,100,100227,100,99866,100,100328,100,99828,100,100446,100,99815,100,100767,100,99741,100
2019-06-28 09:49:07.232790721,100052,440,100005,440,100112,100,99973,100,100125,100,99937,100,100133,100,99926,100,100169,100,99917,100,100225,100,99871,100,100227,100,99866,100,100328,100,99828,100,100446,100,99815,100,100767,100,99741,100
2019-06-28 09:49:10.000000000,100052,185,100005,185,100112,185,99973,185,100125,185,99937,185,100133,185,99926,185,100169,100,99917,100,100225,100,99871,100,100227,100,99866,100,100328,100,99828,100,100446,100,99815,100,100767,100,99741,100
2019-06-28 09:49:16.838486356,100052,85,100005,185,100112,185,99973,185,100125,185,99937,185,100133,185,99926,85,100169,100,99917,100,100225,100,99871,100,100227,100,99866,100,100328,100,99828,100,100446,100,99815,100,100767,100,99741,100
2019-06-28 09:49:20.000000000,100112,168,100005,168,100125,168,99973,168,100133,168,99937,168,100169,168,99917,168,100225,168,99871,168,100227,100,99866,100,100328,100,99828,100,100446,100,99815,100,100767,100,99741,100,101353,100,99620,100
2019-06-28 09:49:30.000000000,100112,185,100005,185,100125,185,99973,185,100133,185,99937,185,100169,185,99917,185,100225,100,99871,100,100227,100,99866,100,100328,100,99828,100,100446,100,99815,100,100767,100,99741,100,101353,100,99620,100
2019-06-28 09:49:40.000000000,100112,168,100005,168,100125,168,99973,168,100133,168,99937,168,100169,168,99917,168,100225,168,99871,168,100227,100,99866,100,100328,100,99828,100,100446,100,99815,100,100767,100,99741,100,101353,100,99620,100
2019-06-28 09:49:49.981640126,100112,68,100005,168,100125,168,99973,168,100133,168,99937,168,100169,168,99917,168,100225,168,99871,168,100227,100,99866,100,100328,100,99828,100,100446,100,99815,100,100767,100,99741,100,101353,100,99620,100
2019-06-28 09:49:50.000000000,100125,270,100005,270,100133,270,99973,270,100169,100,99937,100,100225,100,99917,100,100227,100,99871,100,100328,100,99866,100,100446,100,99828,100,100767,100,99815,100,101353,100,99741,100,,,99620,100
2019-06-28 09:49:50.197692287,100125,170,100005,270,100133,270,99973,270,100169,100,99937,100,100225,100,99917,100,100227,100,99871,100,100328,100,99866,100,100446,100,99828,100,100767,100,99815,100,101353,100,99741,100,,,99414,100
2019-06-28 09:50:00.000000000,100133,168,100005,168,100169,168,99973,168,100225,168,99937,168,100227,168,99917,168,100328,168,99871,168,100446,100,99866,100,100767,100,99828,100,101353,100,99815,100,,,99741,100,,,99414,100
2019-06-28 09:50:10.000000000,100133,168,100005,168,100169,168,99973,168,100225,168,99937,168,100227,168,99917,168,100328,168,99871,168,100446,100,99866,100,100767,100,99828,100,101353,100,99815,100,,,99741,100,,,99414,100
2019-06-28 09:50:11.363214560,100133,168,100005,168,100169,168,99973,168,100225,168,99937,168,100227,168,99917,168,100328,168,99871,168,100446,100,99866,100,100767,100,99828,100,101082,100,99815,100,101353,100,99741,100,,,99414,100
2019-06-28 09:50:20.000000000,100133,185,100005,185,100169,185,99973,185,100225,185,99937,185,100227,185,99917,185,100328,100,99871,100,100446,100,99866,100,100767,100,99828,100,101082,100,99815,100,101353,100,99741,100,,,99414,100
2019-06-28 09:50:30.000000000,100133,440,100005,440,100169,100,99973,100,100225,100,99937,100,100227,100,99917,100,100328,100,99871,100,100446,100,99866,100,100767,100,99828,100,101082,100,99815,100,101353,100,99741,100,,,99414,100
2019-06-28 09:50:31.520531085,100133,340,100005,440,100169,100,99973,100,100225,100,99937,100,100227,100,99917,100,100328,100,99871,100,100446,100,99866,100,100767,100,99828,100,101082,100,99815,100,101353,100,99741,100,,,99414,100
2019-06-28 09:50:34.092800489,100133,240,100005,440,100169,100,99973,100,100225,100,99937,100,100227,100,99917,100,100328,100,99871,100,100446,100,99866,100,100767,100,99828,100,101082,100,99815,100,101353,100,99741,100,,,99414,100
2019-06-28 09:50:40.000000000,100169,168,100005,168,100225,168,99973,168,100227,168,99937,168,100328,168,99917,168,100446,168,99871,168,100767,100,99866,100,101082,100,99828,100,101353,100,99815,100,,,99741,100,,,99414,100
2019-06-28 09:50:50.000000000,100169,270,100005,270,100225,270,99973,270,100227,100,99937,100,100328,100,99917,100,100446,100,99871,100,100767,100,99866,100,101082,100,99828,100,101353,100,99815,100,,,99741,100,,,99414,100
2019-06-28 09:50:58.561828745,100169,270,100005,270,100225,270,99973,270,100227,100,99937,100,100328,100,99917,100,100446,100,99871,100,100767,100,99866,100,101082,100,99828,100,101353,100,99815,100,101528,100,99414,100,,,99307,100
2019-06-28 09:51:00.000000000,100169,185,100005,185,100225,185,99973,185,100227,185,99937,185,100328,185,99917,185,100446,100,99871,100,100767,100,99866,100,101082,100,99828,100,101353,100,99815,100,101528,100,99414,100,,,99307,100
2019-06-28 09:51:10.000000000,100169,185,100005,185,100225,185,99973,185,100227,185,99937,185,100328,185,99917,185,100446,100,99871,100,100767,100,99866,100,101082,100,99828,100,101353,100,99815,100,101528,100,99414,100,,,99307,100
2019-06-28 09:51:12.141509870,100169,85,100005,185,100225,185,99973,185,100227,185,99937,185,100328,185,99917,185,100446,100,99871,100,100767,100,99866,100,101353,100,99828,100,101528,100,99815,100,,,99414,100,,,99307,100
2019-06-28 09:51:20.000000000,100225,440,100005,440,100227,100,99973,100,100328,100,99937,100,100446,100,99917,100,100767,100,99871,100,101353,100,99866,100,101528,100,99828,100,,,99815,100,,,99414,100,,,99307,100
2019-06-28 09:51:27.330178622,100225,440,100133,100,100227,100,100005,440,100328,100,99973,100,100446,100,99937,100,100767,100,99917,100,101353,100,99871,100,101528,100,99866,100,,,99828,100,,,99815,100,,,99414,100
2019-06-28 09:51:30.000000000,100225,185,100133,185,100227,185,100005,185,100328,185,99973,185,100446,185,99937,185,100767,100,99917,100,101353,100,99871,100,101528,100,99866,100,,,99828,100,,,99815,100,,,99414,100
2019-06-28 09:51:40.000000000,100225,185,100133,185,100227,185,100005,185,100328,185,99973,185,100446,185,99937,185,100767,100,99917,100,101353,100,99871,100,101528,100,99866,100,,,99828,100,,,99815,100,,,99414,100
2019-06-28 09:51:50.000000000,100225,185,100133,185,100227,185,100005,185,100328,185,99973,185,100446,185,99937,185,100767,100,99917,100,101353,100,99871,100,101528,100,99866,100,,,99828,100,,,99815,100,,,99414,100
2019-06-28 09:52:00.000000000,100225,216,100133,216,100227,212,100005,212,100328,212,99973,212,100446,100,99937,100,100767,100,99917,100,101353,100,99871,100,101528,100,99866,100,,,99828,100,,,99815,100,,,99414,100
2019-06-28 09:52:10.000000000,100225,168,100133,168,100227,168,100005,168,100328,168,99973,168,100446,168,99937,168,100767,168,99917,168,101353,100,99871,100,101528,100,99866,100,,,99828,100,,,99815,100,,,99414,100
2019-06-28 09:52:20.000000000,100225,440,100133,440,100227,100,100005,100,100328,100,99973,100,100446,100,99937,100,100767,100,99917,100,101353,100,99871,100,101528,100,99866,100,,,99828,100,,,99815,100,,,99414,100
2019-06-28 09:52:22.012087095,100225,440,100133,440,100227,100,100005,100,100328,100,99973,100,100446,100,99937,100,100767,100,99917,100,101334,100,99871,100,101353,100,99866,100,101528,100,99828,100,,,99815,100,,,99414,100
2019-06-28 09:52:30.000000000,100225,270,100133,270,100227,270,100005,270,100328,100,99973,100,100446,100,99937,100,100767,100,99917,100,101334,100,99871,100,101353,100,99866,100,101528,100,99828,100,,,99815,100,,,99414,100
2019-06-28 09:52:40.000000000,100225,270,100133,270,100227,270,100005,270,100328,100,99973,100,100446,100,99937,100,100767,100,99917,100,101334,100,99871,100,101353,100,99866,100,101528,100,99828,100,,,99815,100,,,99414,100
2019-06-28 09:52:47.673648053,100225,170,100133,270,100227,270,100005,270,100328,100,99973,100,100767,100,99937,100,101334,100,99917,100,101353,100,99871,100,101528,100,99866,100,,,99828,100,,,99815,100,,,99414,100
2019-06-28 09:52:50.000000000,100227,168,100133,168,100328,168,100005,168,100767,168,99973,168,101334,168,99937,168,101353,168,99917,168,101528,100,99871,100,,,99866,100,,,99828,100,,,99815,100,,,99414,100
2019-06-28 09:52:52.110155668,100227,168,100169,100,100328,168,100133,168,100767,168,100005,168,101334,168,99973,168,101353,168,99937,168,101528,100,99917,168,,,99871,100,,,99866,100,,,99828,100,,,99815,100
2019-06-28 09:53:00.000000000,100227,270,100169,270,100328,270,100133,270,100767,100,100005,100,101334,100,99973,100,101353,100,99937,100,101528,100,99917,100,,,99871,100,,,99866,100,,,99828,100,,,99815,100
2019-06-28 09:53:10.000000000,100227,270,100169,270,100328,270,100133,270,100767,100,100005,100,101334,100,99973,100,101353,100,99937,100,101528,100,99917,100,,,99871,100,,,99866,100,,,99828,100,,,99815,100
2019-06-28 09:53:14.170723083,100227,170,100169,270,100328,270,100133,270,100767,100,100005,100,101334,100,99973,100,101353,100,99937,100,101528,100,99917,100,,,99871,100,,,99828,100,,,99815,100,,,99414,100
2019-06-28 09:53:20.000000000,100328,216,100169,216,100767,212,100133,212,101334,212,100005,212,101353,100,99973,100,101528,100,99937,100,,,99917,100,,,99871,100,,,99828,100,,,99815,100,,,99414,100
2019-06-28 09:53:30.000000000,100328,440,100169,440,100767,100,100133,100,101334,100,100005,100,101353,100,99973,100,101528,100,99937,100,,,99917,100,,,99871,100,,,99828,100,,,99815,100,,,99414,100
2019-06-28 09:53:30.128684251,100328,440,100302,100,100767,100,100169,440,101334,100,100133,100,101353,100,100005,100,101528,100,99973,100,,,99937,100,,,99917,100,,,99871,100,,,99828,100,,,99815,100
2019-06-28 09:53:37.131228856,100328,440,100302,100,100767,100,100242,100,101334,100,100169,440,101353,100,100133,100,101528,100,100005,100,,,99973,100,,,99937,100,,,99917,100,,,99871,100,,,99828,100
2019-06-28 09:53:40.000000000,100328,168,100302,168,100767,168,100242,168,101334,168,100169,168,101353,168,100133,168,101528,168,100005,168,,,99973,100,,,99937,100,,,99917,100,,,99871,100,,,99828,100
2019-06-28 09:53:50.000000000,100328,168,100302,168,100767,168,100242,168,101334,168,100169,168,101353,168,100133,168,101528,168,100005,168,,,99973,100,,,99937,100,,,99917,100,,,99871,100,,,99828,100
2019-06-28 09:53:50.895616207,100328,168,100302,168,100767,168,100242,168,101334,168,100169,168,101353,168,100133,68,101528,168,100005,168,,,99973,100,,,99937,100,,,99917,100,,,99871,100,,,99828,100
2019-06-28 09:54:00.000000000,100328,270,100302,270,100767,270,100242,270,101334,100,100169,100,101353,100,100005,100,101528,100,99973,100,,,99937,100,,,99917,100,,,99871,100,,,99828,100,,,99815,100
2019-06-28 09:54:03.219090727,100328,270,100302,270,100767,270,100242,270,101334,100,100169,100,101353,100,99973,100,101528,100,99937,100,,,99917,100,,,99871,100,,,99828,100,,,99815,100,,,99414,100
2019-06-28 09:54:09.140626430,100328,270,100302,270,100767,270,100242,270,101334,100,100225,100,101353,100,100169,100,101528,100,99973,100,,,99937,100,,,99917,100,,,99871,100,,,99828,100,,,99815,100
2019-06-28 09:54:10.000000000,100328,216,100302,216,100767,212,100242,212,101334,212,100225,212,101353,100,100169,100,101528,100,99973,100,,,99937,100,,,99917,100,,,99871,100,,,99828,100,,,99815,100
2019-06-28 09:54:17.238238292,100328,216,100302,216,100767,212,100242,212,101334,212,100225,312,101353,100,100169,100,101528,100,99973,100,,,99937,100,,,99917,100,,,99871,100,,,99828,100,,,99815,100
2019-06-28 09:54:20.000000000,100328,440,100302,440,100767,100,100242,100,101334,100,100225,200,101353,100,100169,100,101528,100,99973,100,,,99937,100,,,99917,100,,,99871,100,,,99828,100,,,99815,100
2019-06-28 09:54:20.109886937,100328,440,100302,440,100530,100,100242,100,100767,100,100225,200,101334,100,100169,100,101353,100,99973,100,101528,100,99937,100,,,99917,100,,,99871,100,,,99828,100,,,99815,100
2019-06-28 09:54:30.000000000,100328,185,100302,185,100530,185,100242,185,100767,185,100225,285,101334,185,100169,185,101353,100,99973,100,101528,100,99937,100,,,99917,100,,,99871,100,,,99828,100,,,99815,100
2019-06-28 09:54:31.965661864,100328,185,100302,185,100530,185,100242,185,100610,100,100225,285,100767,185,100169,185,101334,85,99973,100,101353,100,99937,100,101528,100,99917,100,,,99871,100,,,99828,100,,,99815,100
2019-06-28 09:54:37.147328100,100328,185,100302,185,100530,185,100286,100,100610,100,100242,185,100767,185,100225,285,101334,85,100169,185,101353,100,99973,100,101528,100,99937,100,,,99917,100,,,99871,100,,,99815,100
2019-06-28 09:54:40.000000000,100328,440,100302,440,100530,100,100286,100,100610,100,100242,100,100767,100,100225,200,101353,100,100169,100,101528,100,99973,100,,,99937,100,,,99917,100,,,99871,100,,,99815,100
2019-06-28 09:54:50.000000000,100328,440,100302,440,100530,100,100286,100,100610,100,100242,100,100767,100,100225,200,101353,100,100169,100,101528,100,99973,100,,,99937,100,,,99917,100,,,99871,100,,,99815,100
2019-06-28 09:55:00.000000000,100328,168,100302,168,100530,168,100286,168,100610,168,100242,168,100767,168,100225,268,101353,168,100169,168,101528,100,99973,100,,,99937,100,,,99917,100,,,99871,100,,,99815,100
2019-06-28 09:55:03.676062059,100328,68,100302,168,100530,168,100286,168,100610,68,100242,168,100767,168,100225,268,101353,168,100169,168,101528,100,99973,100,,,99937,100,,,99917,100,,,99871,100,,,99815,100
2019-06-28 09:55:10.000000000,100530,168,100302,168,100767,168,100286,168,101353,168,100242,168,101528,168,100225,268,101529,68,100169,168,,,99973,100,,,99937,100,,,99917,100,,,99871,100,,,99815,100
2019-06-28 09:55:12.671752290,100417,100,100302,168,100530,168,100286,168,100767,168,100242,168,101353,168,100225,268,101528,168,100169,168,101529,68,99973,100,,,99937,100,,,99917,100,,,99871,100,,,99815,100
2019-06-28 09:55:13.821760672,100417,100,100365,100,100530,168,100302,168,100767,168,100286,168,101353,168,100242,168,101528,168,100225,268,101529,68,100169,168,,,99973,100,,,99937,100,,,99917,100,,,99871,100
2019-06-28 09:55:14.034981561,100417,100,100365,100,100487,100,100302,168,100530,168,100286,168,100767,168,100242,168,101353,168,100225,268,101528,168,100169,168,101529,68,99973,100,,,99937,100,,,99917,100,,,99871,100
2019-06-28 09:55:15.302251233,100417,100,100365,100,100487,100,100303,100,100530,168,100302,168,100767,168,100286,168,101353,168,100242,168,101528,168,100225,268,101529,68,100169,168,,,99973,100,,,99937,100,,,99917,100
2019-06-28 09:55:20.000000000,100417,168,100365,168,100487,168,100303,168,100530,168,100302,168,100767,168,100286,168,101353,168,100242,168,101528,100,100225,200,,,100169,100,,,99973,100,,,99937,100,,,99917,100
2019-06-28 09:55:20.380514064,100417,168,100365,68,100487,168,100303,168,100530,168,100302,168,100767,168,100286,168,101353,168,100242,168,101528,100,100225,200,,,100169,100,,,99973,100,,,99937,100,,,99917,100
2019-06-28 09:55:30.000000000,100417,270,100303,270,100487,270,100302,270,100530,100,100286,100,100767,100,100242,100,101353,100,100225,200,101528,100,100169,100,,,99973,100,,,99937,100,,,99917,100,,,99871,100
2019-06-28 09:55:40.000000000,100417,185,100303,185,100487,185,100302,185,100530,185,100286,185,100767,185,100242,185,101353,100,100225,200,101528,100,100169,100,,,99973,100,,,99937,100,,,99917,100,,,99871,100
2019-06-28 09:55:44.775916642,100417,185,100304,100,100487,185,100303,185,100530,185,100302,185,100767,185,100286,185,101353,100,100242,185,101528,100,100225,200,,,100169,100,,,99973,100,,,99937,100,,,99917,100
2019-06-28 09:55:46.268931045,100417,185,100304,100,100487,85,100303,185,100519,100,100302,185,100530,185,100286,185,100767,185,100242,185,101353,100,100225,200,101528,100,100169,100,,,99973,100,,,99937,100,,,99917,100
2019-06-28 09:55:50.000000000,100417,216,100304,216,100519,212,100303,212,100530,212,100302,212,100767,100,100286,100,101353,100,100242,100,101528,100,100225,200,,,100169,100,,,99973,100,,,99937,100,,,99917,100
2019-06-28 09:55:53.714197921,100417,216,100330,100,100519,212,100304,216,100530,212,100303,212,100767,100,100302,212,101353,100,100286,100,101528,100,100242,100,,,100225,200,,,100169,100,,,99973,100,,,99937,100
2019-06-28 09:56:00.000000000,100417,216,100330,216,100519,212,100304,212,100530,212,100303,212,100767,100,100302,100,101353,100,100286,100,101528,100,100242,100,,,100225,200,,,100169,100,,,99973,100,,,99937,100
2019-06-28 09:56:02.136792131,100417,216,100330,216,100519,212,100304,212,100530,212,100303,212,100767,100,100302,100,101353,100,100286,100,101528,100,100242,100,,,100225,200,,,100169,100,,,99937,100,,,99917,100
2019-06-28 09:56:10.000000000,100417,440,100330,440,100519,100,100304,100,100530,100,100303,100,100767,100,100302,100,101353,100,100286,100,101528,100,100242,100,,,100225,200,,,100169,100,,,99937,100,,,99917,100
2019-06-28 09:56:20.000000000,100417,270,100330,270,100519,270,100304,270,100530,100,100303,100,100767,100,100302,100,101353,100,100286,100,101528,100,100242,100,,,100225,200,,,100169,100,,,99937,100,,,99917,100
2019-06-28 09:56:30.000000000,100417,168,100330,168,100519,168,100304,168,100530,168,100303,168,100767,168,100302,168,101353,168,100286,168,101528,100,100242,100,,,100225,200,,,100169,100,,,99937,100,,,99917,100
2019-06-28 09:56:40.000000000,100417,168,100330,168,100519,168,100304,168,100530,168,100303,168,100767,168,100302,168,101353,168,100286,168,101528,100,100242,100,,,100225,200,,,100169,100,,,99937,100,,,99917,100
2019-06-28 09:56:50.000000000,100417,270,100330,270,100519,270,100304,270,100530,100,100303,100,100767,100,100302,100,101353,100,100286,100,101528,100,100242,100,,,100225,200,,,100169,100,,,99937,100,,,99917,100
2019-06-28 09:56:54.707530873,100417,270,100330,170,100519,270,100304,270,100530,100,100303,100,100767,100,100302,100,101353,100,100286,100,101528,100,100242,100,,,100225,200,,,100169,100,,,99937,100,,,99917,100
2019-06-28 09:57:00.000000000,100417,270,100304,270,100519,270,100303,270,100530,100,100302,100,100767,100,100286,100,101353,100,100242,100,101528,100,100225,200,,,100169,100,,,99937,100,,,99917,100,,,99871,100
2019-06-28 09:57:05.775062560,100365,100,100304,270,100417,270,100303,270,100519,270,100302,100,100530,100,100286,100,100767,100,100242,100,101353,100,100225,200,101528,100,99937,100,,,99917,100,,,99871,100,,,99815,100
2019-06-28 09:57:09.725177839,100365,100,100304,270,100417,270,100303,270,100519,270,100286,100,100530,100,100242,100,100767,100,100225,200,101353,100,99937,100,101528,100,99917,100,,,99871,100,,,99841,100,,,99815,100
2019-06-28 09:57:10.000000000,100365,440,100304,440,100417,100,100303,100,100519,100,100286,100,100530,100,100242,100,100767,100,100225,200,101353,100,99937,100,101528,100,99917,100,,,99871,100,,,99841,100,,,99815,100
2019-06-28 09:57:18.783167219,100365,440,100304,440,100417,100,100303,100,100519,100,100286,100,100530,100,100242,100,100767,100,100225,200,101353,100,99917,100,101528,100,99871,100,,,99841,100,,,99815,100,,,99414,100
2019-06-28 09:57:20.000000000,100365,270,100304,270,100417,270,100303,270,100519,100,100286,100,100530,100,100242,100,100767,100,100225,200,101353,100,99917,100,101528,100,99871,100,,,99841,100,,,99815,100,,,99414,100
2019-06-28 09:57:30.000000000,100365,168,100304,168,100417,168,100303,168,100519,168,100286,168,100530,168,100242,168,100767,168,100225,268,101353,100,99917,100,101528,100,99871,100,,,99841,100,,,99815,100,,,99414,100
2019-06-28 09:57:33.263300535,100365,168,100304,68,100417,168,100303,168,100519,168,100286,168,100530,168,100242,168,100767,168,100225,268,101353,100,99917,100,101528,100,99871,100,,,99841,100,,,99815,100,,,99414,100
2019-06-28 09:57:36.379530675,100304,32,100303,168,100365,168,100286,68,100417,168,100242,168,100519,168,100225,268,100530,168,99917,100,100767,168,99871,100,101353,100,99841,100,101528,100,99815,100,,,99414,100,,,99307,100
2019-06-28 09:57:40.000000000,100304,372,100303,440,100365,100,100242,100,100417,100,100225,200,100519,100,99917,100,100530,100,99871,100,100767,100,99841,100,101353,100,99815,100,101528,100,99414,100,,,99307,100,,,99259,100
2019-06-28 09:57:50.000000000,100304,148,100303,216,100365,212,100242,212,100417,212,100225,312,100519,100,99917,100,100530,100,99871,100,100767,100,99841,100,101353,100,99815,100,101528,100,99414,100,,,99307,100,,,99259,100
2019-06-28 09:57:51.414643046,100304,248,100303,216,100365,212,100242,212,100417,212,100225,312,100519,100,99917,100,100530,100,99871,100,100767,100,99841,100,101353,100,99815,100,101528,100,99414,100,,,99307,100,,,99259,100
2019-06-28 09:58:00.000000000,100304,217,100303,185,100365,185,100242,185,100417,185,100225,285,100519,185,99917,185,100530,100,99871,100,100767,100,99841,100,101353,100,99815,100,101528,100,99414,100,,,99307,100,,,99259,100
2019-06-28 09:58:00.289969087,100304,317,100303,185,100365,185,100242,185,100417,185,100225,285,100519,185,99917,185,100530,100,99871,100,100767,100,99841,100,101353,100,99815,100,101528,100,99414,100,,,99307,100,,,99259,100
2019-06-28 09:58:10.000000000,100304,300,100303,168,100365,168,100242,168,100417,168,100225,268,100519,168,99917,168,100530,168,99871,168,100767,100,99841,100,101353,100,99815,100,101528,100,99414,100,,,99307,100,,,99259,100
2019-06-28 09:58:10.156623157,100304,300,100303,68,100365,168,100242,168,100417,168,100225,268,100519,168,99917,68,100530,168,99871,168,100767,100,99841,100,101353,100,99815,100,101528,100,99414,100,,,99307,100,,,99259,100
2019-06-28 09:58:20.000000000,100304,300,100242,168,100365,168,100225,268,100417,168,99871,168,100519,168,99841,168,100530,168,99815,168,100767,100,99414,100,101353,100,99307,100,101528,100,99259,100,,,,,,,,
2019-06-28 09:58:30.000000000,100304,402,100242,270,100365,270,100225,370,100417,100,99871,100,100519,100,99841,100,100530,100,99815,100,100767,100,99414,100,101353,100,99307,100,101528,100,99259,100,,,,,,,,
2019-06-28 09:58:40.000000000,100304,348,100242,216,100365,212,100225,312,100417,212,99871,212,100519,100,99841,100,100530,100,99815,100,100767,100,99414,100,101353,100,99307,100,101528,100,99259,100,,,,,,,,
2019-06-28 09:58:50.000000000,100304,317,100242,185,100365,185,100225,285,100417,185,99871,185,100519,185,99841,185,100530,100,99815,100,100767,100,99414,100,101353,100,99307,100,101528,100,99259,100,,,,,,,,
2019-06-28 09:59:00.000000000,100304,300,100242,168,100365,168,100225,268,100417,168,99871,168,100519,168,99841,168,100530,168,99815,168,100767,100,99414,100,101353,100,99307,100,101528,100,99259,100,,,,,,,,
2019-06-28 09:59:01.248059586,100304,300,100242,168,100365,168,100225,268,100417,168,99871,168,100519,168,99841,168,100530,168,99815,168,100613,100,99414,100,100767,100,99307,100,101353,100,99259,100,101528,100,,,,,,
2019-06-28 09:59:10.000000000,100304,348,100242,216,100365,212,100225,312,100417,212,99871,212,100519,100,99841,100,100530,100,99815,100,100613,100,99414,100,100767,100,99307,100,101353,100,99259,100,101528,100,,,,,,
2019-06-28 09:59:19.188364952,100304,348,100242,216,100365,212,100225,312,100417,212,99871,212,100530,100,99841,100,100613,100,99815,100,100633,100,99414,100,100767,100,99307,100,101353,100,99259,100,101528,100,,,,,,
2019-06-28 09:59:20.000000000,100304,300,100242,168,100365,168,100225,268,100417,168,99871,168,100530,168,99841,168,100613,168,99815,168,100633,100,99414,100,100767,100,99307,100,101353,100,99259,100,101528,100,,,,,,
2019-06-28 09:59:30.000000000,100304,300,100242,168,100365,168,100225,268,100417,168,99871,168,100530,168,99841,168,100613,168,99815,168,100633,100,99414,100,100767,100,99307,100,101353,100,99259,100,101528,100,,,,,,
2019-06-28 09:59:40.000000000,100304,572,100242,440,100365,100,100225,200,100417,100,99871,100,100530,100,99841,100,100613,100,99815,100,100633,100,99414,100,100767,100,99307,100,101353,100,99259,100,101528,100,,,,,,
2019-06-28 09:59:50.000000000,100304,348,100242,216,100365,212,100225,312,100417,212,99871,212,100530,100,99841,100,100613,100,99815,100,100633,100,99414,100,100767,100,99307,100,101353,100,99259,100,101528,100,,,,,,
2019-06-28 10:00:00.000000000,100304,348,100242,216,100365,212,100225,312,100417,212,99871,212,100530,100,99841,100,100613,100,99815,100,100633,100,99414,100,100767,100,99307,100,101353,100,99259,100,101528,100,,,,,,
2019-06-28 10:00:10.000000000,100304,317,100242,185,100365,185,100225,285,100417,185,99871,185,100530,185,99841,185,100613,100,99815,100,100633,100,99414,100,100767,100,99307,100,101353,100,99259,100,101528,100,,,,,,
2019-06-28 10:00:20.000000000,100304,572,100242,440,100365,100,100225,200,100417,100,99871,100,100530,100,99841,100,100613,100,99815,100,100633,100,99414,100,100767,100,99307,100,101353,100,99259,100,101528,100,,,,,,
2019-06-28 10:00:30.000000000,100304,300,100242,168,100365,168,100225,268,100417,168,99871,168,100530,168,99841,168,100613,168,99815,168,100633,100,99414,100,100767,100,99307,100,101353,100,99259,100,101528,100,,,,,,
2019-06-28 10:00:30.827350735,100304,300,100242,168,100365,168,100225,268,100417,168,99871,168,100530,168,99841,168,100613,168,99815,168,100633,100,99414,100,100738,100,99307,100,100767,100,99259,100,101353,100,,,101528,100,,
2019-06-28 10:00:32.042959079,100304,300,100242,168,100365,168,100225,268,100417,168,99871,168,100477,100,99841,168,100530,168,99815,168,100613,168,99414,100,100633,100,99307,100,100738,100,99259,100,100767,100,,,101353,100,,
2019-06-28 10:00:40.000000000,100304,317,100242,185,100365,185,100225,285,100417,185,99871,185,100477,185,99841,185,100530,100,99815,100,100613,100,99414,100,100633,100,99307,100,100738,100,99259,100,100767,100,,,101353,100,,
2019-06-28 10:00:46.194538002,100304,185,100242,185,100365,185,100225,285,100417,185,99871,185,100477,185,99841,185,100530,100,99815,100,100613,100,99414,100,100633,100,99307,100,100738,100,99259,100,100767,100,,,101353,100,,
2019-06-28 10:00:50.000000000,100304,440,100242,440,100365,100,100225,200,100417,100,99871,100,100477,100,99841,100,100530,100,99815,100,100613,100,99414,100,100633,100,99307,100,100738,100,99259,100,100767,100,,,101353,100,,
2019-06-28 10:00:57.399542338,100304,340,100242,440,100365,100,100225,200,100417,100,99871,100,100477,100,99841,100,100530,100,99815,100,100613,100,99414,100,100633,100,99307,100,100738,100,99259,100,100767,100,,,101353,100,,
2019-06-28 10:01:00.000000000,100365,185,100242,185,100417,185,100225,285,100477,185,99871,185,100530,185,99841,185,100613,100,99815,100,100633,100,99414,100,100738,100,99307,100,100767,100,99259,100,101353,100,,,101528,100,,
2019-06-28 10:01:10.000000000,100365,216,100242,216,100417,212,100225,312,100477,212,99871,212,100530,100,99841,100,100613,100,99815,100,100633,100,99414,100,100738,100,99307,100,100767,100,99259,100,101353,100,,,101528,100,,
2019-06-28 10:01:19.349545660,100365,216,100242,216,100417,212,100225,312,100477,212,100033,100,100530,100,99871,212,100613,100,99841,100,100633,100,99815,100,100738,100,99414,100,100767,100,99307,100,101353,100,99259,100,101528,100,,
2019-06-28 10:01:20.000000000,100365,440,100242,440,100417,100,100225,200,100477,100,100033,100,100530,100,99871,100,100613,100,99841,100,100633,100,99815,100,100738,100,99414,100,100767,100,99307,100,101353,100,99259,100,101528,100,,
2019-06-28 10:01:22.043167461,100365,440,100242,440,100396,100,100225,200,100417,100,100033,100,100477,100,99871,100,100530,100,99841,100,100613,100,99815,100,100633,100,99414,100,100738,100,99259,100,100767,100,,,101353,100,,
2019-06-28 10:01:30.000000000,100365,216,100242,216,100396,212,100225,312,100417,212,100033,212,100477,100,99871,100,100530,100,99841,100,100613,100,99815,100,100633,100,99414,100,100738,100,99259,100,100767,100,,,101353,100,,
2019-06-28 10:01:40.000000000,100365,168,100242,168,100396,168,100225,268,100417,168,100033,168,100477,168,99871,168,100530,168,99841,168,100613,100,99815,100,100633,100,99414,100,100738,100,99259,100,100767,100,,,101353,100,,
2019-06-28 10:01:50.000000000,100365,270,100242,270,100396,270,100225,370,100417,100,100033,100,100477,100,99871,100,100530,100,99841,100,100613,100,99815,100,100633,100,99414,100,100738,100,99259,100,100767,100,,,101353,100,,
2019-06-28 10:01:55.151485413,100365,270,100242,70,100396,270,100225,370,100417,100,100033,100,100477,100,99871,100,100530,100,99841,100,100613,100,99815,100,100633,100,99414,100,100738,100,99259,100,100767,100,,,101353,100,,
2019-06-28 10:02:00.000000000,100365,440,100225,540,100396,100,100033,100,100417,100,99871,100,100477,100,99841,100,100530,100,99815,100,100613,100,99414,100,100633,100,99259,100,100738,100,,,100767,100,,,101353,100,,
2019-06-28 10:02:01.549916058,100365,440,100225,540,100396,100,100033,100,100417,100,99956,100,100477,100,99871,100,100530,100,99841,100,100613,100,99815,100,100633,100,99414,100,100738,100,99259,100,100767,100,,,101353,100,,
2019-06-28 10:02:03.968847293,100303,100,100225,540,100365,440,100033,100,100396,100,99956,100,100417,100,99871,100,100477,100,99841,100,100530,100,99815,100,100613,100,99414,100,100633,100,99259,100,100738,100,,,100767,100,,
2019-06-28 10:02:10.000000000,100303,270,100225,370,100365,270,100033,270,100396,100,99956,100,100417,100,99871,100,100477,100,99841,100,100530,100,99815,100,100613,100,99414,100,100633,100,99259,100,100738,100,,,100767,100,,
2019-06-28 10:02:12.573962123,100303,370,100225,370,100365,270,100033,270,100396,100,99956,100,100417,100,99871,100,100477,100,99841,100,100530,100,99815,100,100613,100,99414,100,100633,100,99259,100,100738,100,,,100767,100,,
2019-06-28 10:02:14.201956526,100303,470,100225,370,100365,270,100033,270,100396,100,99956,100,100417,100,99871,100,100477,100,99841,100,100530,100,99815,100,100613,100,99414,100,100633,100,99259,100,100738,100,,,100767,100,,
2019-06-28 10:02:20.000000000,100303,640,100225,540,100365,100,100033,100,100396,100,99956,100,100417,100,99871,100,100477,100,99841,100,100530,100,99815,100,100613,100,99414,100,100633,100,99259,100,100738,100,,,100767,100,,
2019-06-28 10:02:26.401589859,100303,640,100225,540,100365,100,100033,100,100396,100,99956,100,100417,100,99871,100,100477,100,99841,100,100530,100,99815,100,100613,100,99788,100,100633,100,99414,100,100738,100,99259,100,100767,100,,
2019-06-28 10:02:30.000000000,100303,416,100225,316,100365,212,100033,212,100396,212,99956,212,100417,100,99871,100,100477,100,99841,100,100530,100,99815,100,100613,100,99788,100,100633,100,99414,100,100738,100,99259,100,100767,100,,
2019-06-28 10:02:31.610015084,100303,516,100225,316,100365,212,100033,212,100396,212,99956,212,100417,100,99871,100,100477,100,99841,100,100530,100,99815,100,100613,100,99788,100,100633,100,99414,100,100738,100,99259,100,100767,100,,
2019-06-28 10:02:39.739481787,100303,416,100225,316,100365,212,100033,212,100396,212,99956,212,100417,100,99871,100,100477,100,99841,100,100530,100,99815,100,100613,100,99788,100,100633,100,99414,100,100738,100,99259,100,100767,100,,
2019-06-28 10:02:40.000000000,100303,368,100225,268,100365,168,100033,168,100396,168,99956,168,100417,168,99871,168,100477,168,99841,168,100530,100,99815,100,100613,100,99788,100,100633,100,99414,100,100738,100,99259,100,100767,100,,
2019-06-28 10:02:50.000000000,100303,640,100225,540,100365,100,100033,100,100396,100,99956,100,100417,100,99871,100,100477,100,99841,100,100530,100,99815,100,100613,100,99788,100,100633,100,99414,100,100738,100,99259,100,100767,100,,
2019-06-28 10:03:00.000000000,100303,385,100225,285,100365,185,100033,185,100396,185,99956,185,100417,185,99871,185,100477,100,99841,100,100530,100,99815,100,100613,100,99788,100,100633,100,99414,100,100738,100,99259,100,100767,100,,
2019-06-28 10:03:10.000000000,100303,385,100225,285,100365,185,100033,185,100396,185,99956,185,100417,185,99871,185,100477,100,99841,100,100530,100,99815,100,100613,100,99788,100,100633,100,99414,100,100738,100,99259,100,100767,100,,
2019-06-28 10:03:20.000000000,100303,385,100225,285,100365,185,100033,185,100396,185,99956,185,100417,185,99871,185,100477,100,99841,100,100530,100,99815,100,100613,100,99788,100,100633,100,99414,100,100738,100,99259,100,100767,100,,
2019-06-28 10:03:30.000000000,100303,470,100225,370,100365,270,100033,270,100396,100,99956,100,100417,100,99871,100,100477,100,99841,100,100530,100,99815,100,100613,100,99788,100,100633,100,99414,100,100738,100,99259,100,100767,100,,
2019-06-28 10:03:40.000000000,100303,470,100225,370,100365,270,100033,270,100396,100,99956,100,100417,100,99871,100,100477,100,99841,100,100530,100,99815,100,100613,100,99788,100,100633,100,99414,100,100738,100,99259,100,100767,100,,
2019-06-28 10:03:50.000000000,100303,368,100225,268,100365,168,100033,168,100396,168,99956,168,100417,168,99871,168,100477,168,99841,168,100530,100,99815,100,100613,100,99788,100,100633,100,99414,100,100738,100,99259,100,100767,100,,
2019-06-28 10:04:00.000000000,100303,368,100225,268,100365,168,100033,168,100396,168,99956,168,100417,168,99871,168,100477,168,99841,168,100530,100,99815,100,100613,100,99788,100,100633,100,99414,100,100738,100,99259,100,100767,100,,
2019-06-28 10:04:01.644352401,100303,368,100225,268,100365,168,100033,168,100396,168,99956,168,100417,168,99871,168,100477,68,99841,168,100530,100,99815,100,100613,100,99788,100,100633,100,99414,100,100738,100,99259,100,100767,100,98891,100
2019-06-28 10:04:10.000000000,100303,385,100225,285,100365,185,100033,185,100396,185,99956,185,100417,185,99871,185,100530,100,99841,100,100613,100,99815,100,100633,100,99788,100,100738,100,99414,100,100767,100,99259,100,101353,100,98891,100
2019-06-28 10:04:20.000000000,100303,385,100225,285,100365,185,100033,185,100396,185,99956,185,100417,185,99871,185,100530,100,99841,100,100613,100,99815,100,100633,100,99788,100,100738,100,99414,100,100767,100,99259,100,101353,100,98891,100
2019-06-28 10:04:30.000000000,100303,640,100225,540,100365,100,100033,100,100396,100,99956,100,100417,100,99871,100,100530,100,99841,100,100613,100,99815,100,100633,100,99788,100,100738,100,99414,100,100767,100,99259,100,101353,100,98891,100
2019-06-28 10:04:40.000000000,100303,368,100225,268,100365,168,100033,168,100396,168,99956,168,100417,168,99871,168,100530,168,99841,168,100613,100,99815,100,100633,100,99788,100,100738,100,99414,100,100767,100,99259,100,101353,100,98891,100
2019-06-28 10:04:42.564600095,100303,468,100225,268,100365,168,100033,168,100396,168,99956,168,100417,168,99871,168,100530,168,99841,168,100613,100,99815,100,100633,100,99788,100,100738,100,99414,100,100767,100,99259,100,101353,100,98891,100
2019-06-28 10:04:44.711639823,100303,468,100225,268,100365,68,100033,168,100396,168,99956,168,100417,168,99871,168,100530,168,99841,168,100613,100,99815,100,100633,100,99788,100,100738,100,99414,100,100767,100,99259,100,101353,100,98891,100
2019-06-28 10:04:45.263277013,100303,568,100225,268,100365,68,100033,168,100396,168,99956,168,100417,168,99871,168,100530,168,99841,168,100613,100,99815,100,100633,100,99788,100,100738,100,99414,100,100767,100,99259,100,101353,100,98891,100
2019-06-28 10:04:47.083153286,100303,568,100225,268,100365,68,100033,168,100396,168,99956,168,100417,168,99871,168,100530,168,99841,168,100613,100,99815,100,100633,100,99788,100,100738,100,99414,100,100767,100,99406,100,101353,100,99259,100
2019-06-28 10:04:50.000000000,100303,585,100225,285,100396,185,100033,185,100417,185,99956,185,100530,185,99871,185,100613,100,99841,100,100633,100,99815,100,100738,100,99788,100,100767,100,99414,100,101353,100,99406,100,,,99259,100
2019-06-28 10:05:00.000000000,100303,670,100225,370,100396,270,100033,270,100417,100,99956,100,100530,100,99871,100,100613,100,99841,100,100633,100,99815,100,100738,100,99788,100,100767,100,99414,100,101353,100,99406,100,,,99259,100
2019-06-28 10:05:10.000000000,100303,670,100225,370,100396,270,100033,270,100417,100,99956,100,100530,100,99871,100,100613,100,99841,100,100633,100,99815,100,100738,100,99788,100,100767,100,99414,100,101353,100,99406,100,,,99259,100
2019-06-28 10:05:20.000000000,100303,616,100225,316,100396,212,100033,212,100417,212,99956,212,100530,100,99871,100,100613,100,99841,100,100633,100,99815,100,100738,100,99788,100,100767,100,99414,100,101353,100,99406,100,,,99259,100
2019-06-28 10:05:30.000000000,100303,585,100225,285,100396,185,100033,185,100417,185,99956,185,100530,185,99871,185,100613,100,99841,100,100633,100,99815,100,100738,100,99788,100,100767,100,99414,100,101353,100,99406,100,,,99259,100
2019-06-28 10:05:38.454007988,100303,585,100225,185,100396,185,100033,185,100417,185,99956,185,100530,185,99871,185,100613,100,99841,100,100633,100,99815,100,100738,100,99788,100,100767,100,99414,100,101353,100,99406,100,,,99259,100
2019-06-28 10:05:40.000000000,100303,568,100225,168,100396,168,100033,168,100417,168,99956,168,100530,168,99871,168,100613,168,99841,168,100633,100,99815,100,100738,100,99788,100,100767,100,99414,100,101353,100,99406,100,,,99259,100
2019-06-28 10:05:50.000000000,100303,616,100225,216,100396,212,100033,212,100417,212,99956,212,100530,100,99871,100,100613,100,99841,100,100633,100,99815,100,100738,100,99788,100,100767,100,99414,100,101353,100,99406,100,,,99259,100
2019-06-28 10:05:51.008817685,100303,616,100225,116,100396,212,100033,212,100417,212,99956,212,100530,100,99871,100,100613,100,99841,100,100633,100,99815,100,100738,100,99788,100,100767,100,99414,100,101353,100,99406,100,,,99259,100
2019-06-28 10:05:56.548693306,100303,616,100225,16,100396,212,100033,212,100417,212,99956,212,100530,100,99871,100,100613,100,99815,100,100633,100,99788,100,100738,100,99414,100,100767,100,99406,100,101353,100,99259,100,,,98891,100
2019-06-28 10:06:00.000000000,100303,670,100033,270,100396,270,99956,270,100417,100,99871,100,100530,100,99815,100,100613,100,99788,100,100633,100,99414,100,100738,100,99406,100,100767,100,99259,100,101353,100,98891,100,,,,
2019-06-28 10:06:05.552974780,100303,670,100033,270,100396,270,99956,270,100417,100,99871,100,100530,100,99815,100,100613,100,99788,100,100633,100,99647,100,100738,100,99414,100,100767,100,99406,100,101353,100,99259,100,,,98891,100
2019-06-28 10:06:10.000000000,100303,840,100033,440,100396,100,99956,100,100417,100,99871,100,100530,100,99815,100,100613,100,99788,100,100633,100,99647,100,100738,100,99414,100,100767,100,99406,100,101353,100,99259,100,,,98891,100
2019-06-28 10:06:10.353844337,100303,840,100033,340,100396,100,99956,100,100417,100,99871,100,100530,100,99788,100,100613,100,99647,100,100633,100,99414,100,100738,100,99406,100,100767,100,99259,100,101353,100,98891,100,,,,
2019-06-28 10:06:14.047156329,100303,840,100033,340,100396,100,99956,100,100417,100,99871,100,100530,100,99788,100,100613,100,99647,100,100633,100,99541,100,100738,100,99414,100,100767,100,99406,100,101353,100,99259,100,,,98891,100
2019-06-28 10:06:20.000000000,100303,840,99956,440,100396,100,99871,100,100417,100,99788,100,100530,100,99647,100,100613,100,99541,100,100633,100,99414,100,100738,100,99406,100,100767,100,99259,100,101353,100,98891,100,,,,
2019-06-28 10:06:30.000000000,100303,568,99956,168,100396,168,99871,168,100417,168,99788,168,100530,168,99647,168,100613,168,99541,168,100633,100,99414,100,100738,100,99406,100,100767,100,99259,100,101353,100,98891,100,,,,
2019-06-28 10:06:36.385939894,100303,568,99956,68,100396,168,99871,168,100417,168,99788,168,100530,168,99647,168,100613,168,99541,168,100633,100,99414,100,100738,100,99406,100,100767,100,99259,100,101353,100,98891,100,,,,
2019-06-28 10:06:40.000000000,100303,616,99871,216,100396,212,99788,212,100417,212,99647,212,100530,100,99541,100,100613,100,99414,100,100633,100,99406,100,100738,100,99259,100,100767,100,98891,100,101353,100,,,,,,
2019-06-28 10:06:46.950718998,100303,616,99871,216,100396,212,99788,212,100417,212,99647,212,100530,100,99541,100,100613,100,99414,100,100738,100,99406,100,100767,100,99259,100,101353,100,99130,100,,,98891,100,,,,
2019-06-28 10:06:50.000000000,100303,670,99871,270,100396,270,99788,270,100417,100,99647,100,100530,100,99541,100,100613,100,99414,100,100738,100,99406,100,100767,100,99259,100,101353,100,99130,100,,,98891,100,,,,
2019-06-28 10:07:00.000000000,100303,670,99871,270,100396,270,99788,270,100417,100,99647,100,100530,100,99541,100,100613,100,99414,100,100738,100,99406,100,100767,100,99259,100,101353,100,99130,100,,,98891,100,,,,
2019-06-28 10:07:10.000000000,100303,840,99871,440,100396,100,99788,100,100417,100,99647,100,100530,100,99541,100,100613,100,99414,100,100738,100,99406,100,100767,100,99259,100,101353,100,99130,100,,,98891,100,,,,
2019-06-28 10:07:20.000000000,100303,585,99871,185,100396,185,99788,185,100417,185,99647,185,100530,185,99541,185,100613,100,99414,100,100738,100,99406,100,100767,100,99259,100,101353,100,99130,100,,,98891,100,,,,
2019-06-28 10:07:30.000000000,100303,670,99871,270,100396,270,99788,270,100417,100,99647,100,100530,100,99541,100,100613,100,99414,100,100738,100,99406,100,100767,100,99259,100,101353,100,99130,100,,,98891,100,,,,
2019-06-28 10:07:40.000000000,100303,585,99871,185,100396,185,99788,185,100417,185,99647,185,100530,185,99541,185,100613,100,99414,100,100738,100,99406,100,100767,100,99259,100,101353,100,99130,100,,,98891,100,,,,
2019-06-28 10:07:50.000000000,100303,840,99871,440,100396,100,99788,100,100417,100,99647,100,100530,100,99541,100,100613,100,99414,100,100738,100,99406,100,100767,100,99259,100,101353,100,99130,100,,,98891,100,,,,
2019-06-28 10:07:51.211620750,100303,840,99871,440,100325,100,99788,100,100396,100,99647,100,100417,100,99541,100,100530,100,99414,100,100613,100,99406,100,100738,100,99259,100,100767,100,99130,100,101353,100,98891,100,,,,
2019-06-28 10:08:00.000000000,100303,616,99871,216,100325,212,99788,212,100396,212,99647,212,100417,100,99541,100,100530,100,99414,100,100613,100,99406,100,100738,100,99259,100,100767,100,99130,100,101353,100,98891,100,,,,
2019-06-28 10:08:09.200668701,100303,616,100230,100,100325,212,99871,216,100396,212,99788,212,100417,100,99647,212,100530,100,99541,100,100613,100,99414,100,100738,100,99406,100,100767,100,99259,100,101353,100,99130,100,,,98891,100
2019-06-28 10:08:10.000000000,100303,616,100230,216,100325,212,99871,212,100396,212,99788,212,100417,100,99647,100,100530,100,99541,100,100613,100,99414,100,100738,100,99406,100,100767,100,99259,100,101353,100,99130,100,,,98891,100
2019-06-28 10:08:20.000000000,100303,670,100230,270,100325,270,99871,270,100396,100,99788,100,100417,100,99647,100,100530,100,99541,100,100613,100,99414,100,100738,100,99406,100,100767,100,99259,100,101353,100,99130,100,,,98891,100
2019-06-28 10:08:25.439017981,100303,670,100230,270,100325,270,100034,100,100396,100,99871,270,100417,100,99788,100,100530,100,99647,100,100613,100,99541,100,100738,100,99414,100,100767,100,99406,100,101353,100,99259,100,,,99130,100
2019-06-28 10:08:30.000000000,100303,585,100230,185,100325,185,100034,185,100396,185,99871,185,100417,185,99788,185,100530,100,99647,100,100613,100,99541,100,100738,100,99414,100,100767,100,99406,100,101353,100,99259,100,,,99130,100
2019-06-28 10:08:40.000000000,100303,585,100230,185,100325,185,100034,185,100396,185,99871,185,100417,185,99788,185,100530,100,99647,100,100613,100,99541,100,100738,100,99414,100,100767,100,99406,100,101353,100,99259,100,,,99130,100
2019-06-28 10:08:40.114177416,100255,100,100230,185,100303,585,100034,185,100325,185,99871,185,100396,185,99788,185,100417,185,99647,100,100530,100,99541,100,100613,100,99414,100,100738,100,99406,100,100767,100,99259,100,101353,100,99130,100
2019-06-28 10:08:42.792934028,100255,100,100230,185,100303,585,100034,285,100325,185,99871,185,100396,185,99788,185,100417,185,99647,100,100530,100,99541,100,100613,100,99414,100,100738,100,99406,100,100767,100,99259,100,101353,100,99130,100
2019-06-28 10:08:50.000000000,100255,216,100230,216,100303,612,100034,312,100325,212,99871,212,100396,100,99788,100,100417,100,99647,100,100530,100,99541,100,100613,100,99414,100,100738,100,99406,100,100767,100,99259,100,101353,100,99130,100
2019-06-28 10:09:00.000000000,100255,185,100230,185,100303,585,100034,285,100325,185,99871,185,100396,185,99788,185,100417,100,99647,100,100530,100,99541,100,100613,100,99414,100,100738,100,99406,100,100767,100,99259,100,101353,100,99130,100
2019-06-28 10:09:08.716561879,100255,185,100230,185,100303,585,100034,285,100325,185,99871,185,100349,100,99788,185,100396,185,99647,100,100417,100,99541,100,100530,100,99414,100,100613,100,99259,100,100738,100,99130,100,100767,100,98891,100
2019-06-28 10:09:09.074741631,100255,185,100230,185,100303,585,100130,100,100325,185,100034,285,100349,100,99871,185,100396,185,99788,185,100417,100,99647,100,100530,100,99541,100,100613,100,99414,100,100738,100,99259,100,101353,100,99130,100
2019-06-28 10:09:10.000000000,100255,185,100230,185,100303,585,100130,185,100325,185,100034,285,100349,185,99871,185,100396,100,99788,100,100417,100,99647,100,100530,100,99541,100,100613,100,99414,100,100738,100,99259,100,101353,100,99130,100
2019-06-28 10:09:19.991237247,100255,185,100230,185,100263,100,100130,185,100303,585,100034,285,100325,185,99871,185,100349,185,99788,100,100396,100,99647,100,100417,100,99541,100,100530,100,99414,100,100613,100,99259,100,100738,100,99130,100
2019-06-28 10:09:20.000000000,100255,270,100230,270,100263,270,100130,270,100303,500,100034,200,100325,100,99871,100,100349,100,99788,100,100396,100,99647,100,100417,100,99541,100,100530,100,99414,100,100613,100,99259,100,100738,100,99130,100
2019-06-28 10:09:30.000000000,100255,440,100230,440,100263,100,100130,100,100303,500,100034,200,100325,100,99871,100,100349,100,99788,100,100396,100,99647,100,100417,100,99541,100,100530,100,99414,100,100613,100,99259,100,100738,100,99130,100
2019-06-28 10:09:35.278526279,100255,440,100230,440,100263,100,100130,100,100303,500,100034,300,100325,100,99871,100,100349,100,99788,100,100396,100,99647,100,100417,100,99541,100,100530,100,99414,100,100613,100,99259,100,100738,100,99130,100
2019-06-28 10:09:40.000000000,100255,185,100230,185,100263,185,100130,185,100303,585,100034,385,100325,185,99871,185,100349,100,99788,100,100396,100,99647,100,100417,100,99541,100,100530,100,99414,100,100613,100,99259,100,100738,100,99130,100
2019-06-28 10:09:50.000000000,100255,270,100230,270,100263,270,100130,270,100303,500,100034,300,100325,100,99871,100,100349,100,99788,100,100396,100,99647,100,100417,100,99541,100,100530,100,99414,100,100613,100,99259,100,100738,100,99130,100
2019-06-28 10:10:00.000000000,100255,440,100230,440,100263,100,100130,100,100303,500,100034,300,100325,100,99871,100,100349,100,99788,100,100396,100,99647,100,100417,100,99541,100,100530,100,99414,100,100613,100,99259,100,100738,100,99130,100
2019-06-28 10:10:10.000000000,100255,168,100230,168,100263,168,100130,168,100303,568,100034,368,100325,168,99871,168,100349,168,99788,168,100396,100,99647,100,100417,100,99541,100,100530,100,99414,100,100613,100,99259,100,100738,100,99130,100
2019-06-28 10:10:20.000000000,100255,270,100230,270,100263,270,100130,270,100303,500,100034,300,100325,100,99871,100,100349,100,99788,100,100396,100,99647,100,100417,100,99541,100,100530,100,99414,100,100613,100,99259,100,100738,100,99130,100
2019-06-28 10:10:30.000000000,100255,216,100230,216,100263,212,100130,212,100303,612,100034,412,100325,100,99871,100,100349,100,99788,100,100396,100,99647,100,100417,100,99541,100,100530,100,99414,100,100613,100,99259,100,100738,100,99130,100
2019-06-28 10:10:39.167701689,100255,216,100230,216,100263,212,100130,212,100303,612,100034,412,100325,100,99871,100,100349,100,99788,100,100396,100,99647,100,100417,100,99541,100,100530,100,99414,100,100613,100,99259,100,100738,100,99130,100
2019-06-28 10:10:40.000000000,100255,216,100230,216,100263,212,100130,212,100303,612,100034,412,100325,100,99871,100,100349,100,99788,100,100396,100,99647,100,100417,100,99541,100,100530,100,99414,100,100613,100,99259,100,100738,100,99130,100
2019-06-28 10:10:45.935400402,100255,216,100230,216,100263,212,100130,212,100303,612,100034,512,100325,100,99871,100,100349,100,99788,100,100396,100,99647,100,100417,100,99541,100,100530,100,99414,100,100613,100,99259,100,100738,100,99130,100
2019-06-28 10:10:48.570660757,100255,116,100230,216,100263,212,100130,212,100303,612,100034,512,100325,100,99871,100,100349,100,99788,100,100396,100,99647,100,100417,100,99541,100,100530,100,99414,100,100613,100,99259,100,100738,100,99130,100
2019-06-28 10:10:50.000000000,100263,440,100230,440,100303,500,100130,100,100325,100,100034,400,100349,100,99871,100,100396,100,99788,100,100417,100,99647,100,100530,100,99541,100,100613,100,99414,100,100738,100,99259,100,101353,100,99130,100
2019-06-28 10:11:00.000000000,100263,216,100230,216,100303,612,100130,212,100325,212,100034,512,100349,100,99871,100,100396,100,99788,100,100417,100,99647,100,100530,100,99541,100,100613,100,99414,100,100738,100,99259,100,101353,100,99130,100
2019-06-28 10:11:10.000000000,100263,440,100230,440,100303,500,100130,100,100325,100,100034,400,100349,100,99871,100,100396,100,99788,100,100417,100,99647,100,100530,100,99541,100,100613,100,99414,100,100738,100,99259,100,101353,100,99130,100
