,ask_price_1,ask_size_1,bid_price_1,bid_size_1,ask_price_2,ask_size_2,bid_price_2,bid_size_2,ask_price_3,ask_size_3,bid_price_3,bid_size_3,ask_price_4,ask_size_4,bid_price_4,bid_size_4,ask_price_5,ask_size_5,bid_price_5,bid_size_5,ask_price_6,ask_size_6,bid_price_6,bid_size_6,ask_price_7,ask_size_7,bid_price_7,bid_size_7,ask_price_8,ask_size_8,bid_price_8,bid_size_8,ask_price_9,ask_size_9,bid_price_9,bid_size_9,ask_price_10,ask_size_10,bid_price_10,bid_size_10
2019-06-28 09:30:00.000000000,,,99820,100,,,,,,,,,,,,,,,,,,,,,,,,,,,,,,,,,,,,
2019-06-28 09:30:00.000000001,100184,100,99820,100,,,,,,,,,,,,,,,,,,,,,,,,,,,,,,,,,,,,
2019-06-28 09:30:00.000000003,100184,100,99906,100,,,99820,100,,,,,,,,,,,,,,,,,,,,,,,,,,,,,,,,
2019-06-28 09:30:00.000000004,100031,100,99955,100,100184,100,99935,100,,,99906,100,,,99820,100,,,,,,,,,,,,,,,,,,,,,,,,
2019-06-28 09:30:00.000000005,100031,100,99955,100,100184,100,99935,100,100257,100,99906,100,,,99820,100,,,,,,,,,,,,,,,,,,,,,,,,
2019-06-28 09:30:00.000000007,100031,100,99955,100,100184,100,99935,100,100257,100,99922,100,,,99906,100,,,99820,100,,,,,,,,,,,,,,,,,,,,
2019-06-28 09:30:00.000000010,100031,100,100003,100,100184,100,99975,100,100257,100,99955,100,,,99935,100,,,99922,100,,,99906,100,,,99820,100,,,,,,,,,,,,
2019-06-28 09:30:00.000000015,100031,100,99975,100,100184,100,99955,100,100257,100,99935,100,,,99922,100,,,99906,100,,,99820,100,,,,,,,,,,,,,,,,
2019-06-28 09:30:00.000000016,100031,100,99975,100,100117,100,99955,100,100184,100,99935,100,100257,100,99922,100,,,99906,100,,,99820,100,,,,,,,,,,,,,,,,
2019-06-28 09:30:00.000000017,99980,100,99975,100,100031,100,99955,100,100042,100,99935,100,100117,100,99922,100,100184,100,99906,100,100257,100,99820,100,,,,,,,,,,,,,,,,
2019-06-28 09:30:00.000000018,100031,100,99975,100,100042,100,99955,100,100117,100,99935,100,100184,100,99922,100,100257,100,99906,100,,,99820,100,,,,,,,,,,,,,,,,
2019-06-28 09:30:00.000000019,100031,100,99955,100,100042,100,99935,100,100117,100,99922,100,100184,100,99906,100,100257,100,99820,100,,,,,,,,,,,,,,,,,,,,
2019-06-28 09:30:00.000000025,100031,100,99955,100,100042,100,99935,100,100117,100,99922,100,100184,100,99916,100,100257,100,99906,100,,,99820,100,,,,,,,,,,,,,,,,
2019-06-28 09:30:00.000000026,100031,100,99955,100,100042,100,99935,100,100047,100,99922,100,100117,100,99916,100,100184,100,99906,100,100257,100,99820,100,,,,,,,,,,,,,,,,
2019-06-28 09:30:00.000000029,100031,100,100009,100,100042,100,99955,100,100047,100,99935,100,100117,100,99922,100,100184,100,99916,100,100257,100,99906,100,,,99878,100,,,99820,100,,,,,,,,
2019-06-28 09:30:00.000000031,100031,100,99964,100,100042,100,99955,100,100047,100,99935,100,100117,100,99922,100,100184,100,99916,100,100257,100,99906,100,,,99878,100,,,99820,100,,,,,,,,
2019-06-28 09:30:00.000000035,100031,100,99994,100,100042,100,99964,100,100047,100,99955,100,100117,100,99935,100,100184,100,99922,100,100257,100,99916,100,,,99906,100,,,99878,100,,,99820,100,,,,
2019-06-28 09:30:00.000000037,100031,100,99994,100,100042,100,99964,100,100047,100,99955,100,100098,100,99935,100,100117,100,99922,100,100153,100,99916,100,100184,100,99906,100,100257,100,99878,100,,,99820,100,,,,
2019-06-28 09:30:00.000000039,100042,100,99994,100,100047,100,99964,100,100098,100,99955,100,100117,100,99939,100,100153,100,99935,100,100184,100,99922,100,100257,100,99916,100,,,99906,100,,,99878,100,,,99820,100
2019-06-28 09:30:00.000000040,99995,100,99994,100,100042,100,99964,100,100047,100,99955,100,100098,100,99939,100,100117,100,99935,100,100153,100,99922,100,100184,100,99916,100,100257,100,99906,100,,,99878,100,,,99820,100
2019-06-28 09:30:00.000000042,99995,100,99994,100,100042,100,99964,100,100047,100,99955,100,100098,100,99939,100,100117,100,99935,100,100153,100,99932,100,100184,100,99922,100,100257,100,99916,100,,,99906,100,,,99878,100
2019-06-28 09:30:00.000000043,99995,100,99994,100,100042,100,99964,100,100047,100,99955,100,100098,100,99942,100,100117,100,99939,100,100153,100,99935,100,100184,100,99932,100,100257,100,99922,100,,,99916,100,,,99906,100
2019-06-28 09:30:00.000000045,99995,100,99994,100,100042,100,99964,100,100047,100,99955,100,100098,100,99942,100,100117,100,99939,100,100153,100,99935,100,100184,100,99932,100,100257,100,99922,200,,,99916,100,,,99906,100
2019-06-28 09:30:00.000000048,99995,100,99994,100,100042,100,99964,100,100047,100,99955,100,100098,100,99942,100,100117,100,99939,100,100153,100,99935,100,100184,100,99932,100,100257,100,99922,200,,,99916,100,,,99906,100
2019-06-28 09:30:00.000000049,99995,100,99994,100,100042,100,99964,100,100047,100,99955,100,100098,100,99942,100,100117,100,99939,100,100153,100,99935,100,100184,100,99932,100,100257,100,99922,200,,,99916,100,,,99906,200
2019-06-28 09:30:00.000000051,99995,100,99994,100,100042,100,99964,100,100047,100,99955,100,100098,100,99954,100,100117,100,99942,100,100153,100,99939,100,100184,100,99935,100,100257,100,99932,100,,,99922,200,,,99916,100
2019-06-28 09:30:00.000000052,99995,100,99994,100,100031,100,99964,100,100042,100,99955,100,100047,100,99954,100,100098,100,99942,100,100117,100,99939,100,100153,100,99935,100,100184,100,99932,100,100257,100,99922,200,,,99916,100
2019-06-28 09:30:00.000000053,100031,100,99994,100,100042,100,99964,100,100047,100,99955,100,100098,100,99954,100,100117,100,99942,100,100153,100,99939,100,100184,100,99935,100,100257,100,99932,100,,,99922,200,,,99916,100
2019-06-28 09:30:00.000000054,100031,100,99994,100,100042,100,99987,100,100047,100,99978,100,100094,100,99964,100,100098,100,99955,100,100117,100,99954,100,100153,100,99942,100,100184,100,99939,100,100257,100,99935,100,,,99932,100
2019-06-28 09:30:00.000000058,100031,100,99994,100,100042,100,99987,100,100047,100,99978,100,100094,100,99964,100,100095,100,99955,100,100098,100,99954,100,100117,100,99942,100,100153,100,99939,100,100184,100,99935,100,100257,100,99932,100
2019-06-28 09:30:00.000000059,100030,200,99994,100,100031,100,99987,100,100042,100,99978,100,100047,100,99964,100,100094,100,99955,100,100095,100,99954,100,100098,100,99942,100,100117,100,99939,100,100153,100,99935,100,100184,100,99932,100
2019-06-28 09:30:00.000000062,100030,200,99994,100,100031,100,99987,100,100042,100,99978,100,100047,100,99964,100,100094,100,99955,100,100095,100,99954,100,100098,100,99942,100,100117,100,99939,100,100153,100,99935,100,100184,100,99932,100
2019-06-28 09:30:00.000000064,100030,200,99994,100,100031,100,99987,100,100042,100,99978,100,100047,100,99964,200,100094,100,99955,100,100095,100,99954,100,100098,100,99942,100,100117,100,99939,100,100153,100,99935,100,100184,100,99932,100
2019-06-28 09:30:00.000000067,100030,200,99995,100,100031,100,99994,100,100042,100,99987,100,100047,100,99978,100,100094,100,99964,200,100095,100,99955,100,100098,100,99954,100,100117,100,99942,100,100153,100,99939,100,100184,100,99935,100
2019-06-28 09:30:00.000000068,100030,200,99995,100,100031,100,99994,100,100042,100,99987,100,100047,100,99978,100,100094,100,99964,200,100095,100,99955,100,100098,100,99954,100,100117,100,99953,100,100153,100,99942,100,100184,100,99939,100
2019-06-28 09:30:00.000000071,100030,300,99995,100,100031,100,99994,100,100042,100,99987,100,100047,100,99978,100,100060,100,99964,200,100094,100,99955,100,100095,100,99954,100,100098,100,99953,100,100117,100,99942,100,100153,100,99939,100
2019-06-28 09:30:00.000000073,100030,300,99994,100,100031,100,99987,100,100042,100,99978,100,100047,100,99964,200,100060,100,99955,100,100094,100,99954,100,100095,100,99953,100,100098,100,99942,100,100117,100,99939,100,100153,100,99935,100
2019-06-28 09:30:00.000000076,100030,300,99994,100,100031,100,99987,100,100042,100,99978,100,100047,100,99964,200,100060,100,99955,100,100094,100,99954,100,100095,100,99953,100,100098,100,99942,100,100117,100,99939,100,100153,100,99935,100
2019-06-28 09:30:00.000000077,100030,200,99994,100,100031,100,99987,100,100042,100,99978,100,100047,100,99964,200,100060,100,99955,100,100094,100,99954,100,100095,100,99953,100,100098,100,99942,100,100117,100,99939,100,100153,100,99935,100
2019-06-28 09:30:00.000000078,100030,200,99994,100,100031,100,99987,100,100042,100,99978,100,100047,100,99964,200,100060,100,99955,100,100094,100,99954,100,100095,100,99953,100,100098,100,99942,100,100117,100,99939,100,100153,100,99935,100
2019-06-28 09:30:00.000000081,100030,200,99987,100,100031,100,99978,100,100042,100,99964,200,100047,100,99955,100,100060,100,99954,100,100094,100,99953,100,100095,100,99942,100,100098,100,99939,100,100117,100,99935,100,100153,100,99932,100
2019-06-28 09:30:00.000000085,100030,200,99987,100,100031,100,99978,100,100042,100,99964,200,100047,100,99955,100,100056,100,99954,100,100060,100,99953,100,100094,100,99942,100,100095,100,99939,100,100098,100,99935,100,100117,100,99932,100
2019-06-28 09:30:00.000000086,100030,200,99989,100,100031,100,99987,100,100042,100,99978,100,100047,100,99964,200,100056,100,99955,100,100060,100,99954,100,100094,100,99953,100,100095,100,99942,100,100098,100,99939,100,100117,100,99935,100
2019-06-28 09:30:00.000000087,100027,100,99989,100,100030,200,99987,100,100031,100,99978,100,100042,100,99964,200,100047,100,99955,100,100056,100,99954,100,100060,100,99953,100,100094,100,99942,100,100095,100,99939,100,100098,100,99935,100
2019-06-28 09:30:00.000000088,100027,100,99989,100,100030,200,99987,100,100031,100,99978,100,100042,100,99964,200,100047,100,99955,100,100056,100,99954,100,100060,100,99953,100,100094,100,99948,100,100095,100,99942,100,100098,100,99939,100
2019-06-28 09:30:00.000000089,100027,100,99994,100,100030,200,99989,100,100031,100,99987,100,100042,100,99978,100,100047,100,99964,200,100056,100,99955,100,100060,100,99954,100,100094,100,99953,100,100095,100,99948,100,100098,100,99942,100
2019-06-28 09:30:00.000000091,100027,100,99994,100,100030,200,99989,100,100031,100,99987,100,100042,100,99978,100,100047,100,99964,200,100056,100,99955,100,100060,100,99954,100,100094,100,99953,100,100095,100,99948,100,100098,100,99942,100
2019-06-28 09:30:00.000000092,100027,100,99994,100,100030,200,99989,100,100031,100,99987,100,100042,100,99978,100,100047,100,99964,200,100056,100,99955,100,100060,100,99954,100,100094,100,99953,100,100095,100,99948,100,100098,100,99942,100
2019-06-28 09:30:10.000000000,100027,238,99994,238,100030,334,99989,234,100031,234,99987,234,100042,100,99978,100,100047,100,99964,200,100056,100,99955,100,100060,100,99954,100,100094,100,99953,100,100095,100,99948,100,100098,100,99942,100
2019-06-28 09:30:20.000000000,100027,303,99994,303,100030,403,99989,303,100031,100,99987,100,100042,100,99978,100,100047,100,99964,200,100056,100,99955,100,100060,100,99954,100,100094,100,99953,100,100095,100,99948,100,100098,100,99942,100
2019-06-28 09:30:30.000000000,100027,181,99994,181,100030,281,99989,181,100031,181,99987,181,100042,181,99978,181,100047,181,99964,281,100056,100,99955,100,100060,100,99954,100,100094,100,99953,100,100095,100,99948,100,100098,100,99942,100
2019-06-28 09:30:40.000000000,100027,506,99994,506,100030,200,99989,100,100031,100,99987,100,100042,100,99978,100,100047,100,99964,200,100056,100,99955,100,100060,100,99954,100,100094,100,99953,100,100095,100,99948,100,100098,100,99942,100
2019-06-28 09:30:50.000000000,100027,506,99994,506,100030,200,99989,100,100031,100,99987,100,100042,100,99978,100,100047,100,99964,200,100056,100,99955,100,100060,100,99954,100,100094,100,99953,100,100095,100,99948,100,100098,100,99942,100
2019-06-28 09:30:52.568019972,100027,506,99994,606,100030,200,99989,100,100031,100,99987,100,100042,100,99978,100,100047,100,99964,200,100056,100,99955,100,100060,100,99954,100,100094,100,99953,100,100095,100,99948,100,100098,100,99942,100
2019-06-28 09:31:00.000000000,100027,202,99994,302,100030,302,99989,202,100031,202,99987,202,100042,202,99978,202,100047,100,99964,200,100056,100,99955,100,100060,100,99954,100,100094,100,99953,100,100095,100,99948,100,100098,100,99942,100
2019-06-28 09:31:10.000000000,100027,303,99994,403,100030,403,99989,303,100031,100,99987,100,100042,100,99978,100,100047,100,99964,200,100056,100,99955,100,100060,100,99954,100,100094,100,99953,100,100095,100,99948,100,100098,100,99942,100
2019-06-28 09:31:15.345478700,100027,303,99994,403,100030,403,99989,303,100031,100,99987,100,100042,100,99978,100,100047,100,99964,100,100056,100,99955,100,100060,100,99954,100,100094,100,99953,100,100095,100,99948,100,100098,100,99942,100
2019-06-28 09:31:18.640820914,100027,303,99994,403,100030,303,99989,303,100031,100,99987,100,100042,100,99978,100,100047,100,99964,100,100056,100,99955,100,100060,100,99954,100,100094,100,99953,100,100095,100,99948,100,100098,100,99942,100
2019-06-28 09:31:19.188155277,100027,203,99994,403,100030,303,99989,303,100031,100,99987,100,100042,100,99978,100,100047,100,99964,100,100056,100,99955,100,100060,100,99954,100,100094,100,99953,100,100095,100,99948,100,100098,100,99942,100
2019-06-28 09:31:20.000000000,100030,202,99994,302,100031,202,99989,202,100042,202,99987,202,100047,202,99978,202,100056,100,99964,100,100060,100,99955,100,100094,100,99954,100,100095,100,99953,100,100098,100,99948,100,100117,100,99942,100
2019-06-28 09:31:24.394120281,100030,202,99994,302,100031,202,99989,202,100042,202,99987,202,100047,202,99978,202,100056,100,99964,100,100060,100,99955,100,100094,100,99954,100,100095,100,99953,100,100098,100,99948,100,100117,100,99942,100
2019-06-28 09:31:30.000000000,100030,181,99994,281,100031,181,99989,181,100042,181,99987,181,100047,181,99978,181,100056,181,99964,181,100060,100,99955,100,100094,100,99954,100,100095,100,99953,100,100098,100,99948,100,100117,100,99942,100
2019-06-28 09:31:40.000000000,100030,202,99994,302,100031,202,99989,202,100042,202,99987,202,100047,202,99978,202,100056,100,99964,100,100060,100,99955,100,100094,100,99954,100,100095,100,99953,100,100098,100,99948,100,100117,100,99942,100
2019-06-28 09:31:48.719505454,100030,102,99994,302,100031,202,99989,202,100042,202,99987,202,100047,202,99978,202,100056,100,99964,100,100060,100,99955,100,100094,100,99954,100,100095,100,99948,100,100098,100,99942,100,100117,100,99935,100
2019-06-28 09:31:50.000000000,100031,238,99994,338,100042,234,99989,234,100047,234,99987,234,100056,100,99978,100,100060,100,99964,100,100094,100,99955,100,100095,100,99954,100,100098,100,99948,100,100117,100,99942,100,100153,100,99935,100
2019-06-28 09:31:52.358774482,100031,238,99994,338,100042,234,99989,234,100047,234,99987,234,100056,100,99978,100,100094,100,99964,100,100095,100,99955,100,100098,100,99954,100,100117,100,99948,100,100153,100,99942,100,100156,100,99935,100
2019-06-28 09:32:00.000000000,100031,202,99994,302,100042,202,99989,202,100047,202,99987,202,100056,202,99978,202,100094,100,99964,100,100095,100,99955,100,100098,100,99954,100,100117,100,99948,100,100153,100,99942,100,100156,100,99935,100
2019-06-28 09:32:00.989217046,100031,202,99994,202,100042,202,99989,202,100047,202,99987,202,100056,202,99978,202,100094,100,99964,100,100095,100,99955,100,100098,100,99954,100,100117,100,99948,100,100153,100,99942,100,100156,100,99935,100
2019-06-28 09:32:10.000000000,100031,303,99994,303,100042,303,99989,303,100047,100,99987,100,100056,100,99978,100,100094,100,99964,100,100095,100,99955,100,100098,100,99954,100,100117,100,99948,100,100153,100,99942,100,100156,100,99935,100
2019-06-28 09:32:20.000000000,100031,181,99994,181,100042,181,99989,181,100047,181,99987,181,100056,181,99978,181,100094,181,99964,181,100095,100,99955,100,100098,100,99954,100,100117,100,99948,100,100153,100,99942,100,100156,100,99935,100
2019-06-28 09:32:24.051332567,100031,181,99994,181,100042,181,99989,181,100047,181,99987,181,100056,181,99978,181,100094,181,99964,181,100095,100,99955,100,100098,100,99954,100,100117,100,99948,100,100153,100,99942,100,100184,100,99935,100
2019-06-28 09:32:30.000000000,100031,506,99994,506,100042,100,99989,100,100047,100,99987,100,100056,100,99978,100,100094,100,99964,100,100095,100,99955,100,100098,100,99954,100,100117,100,99948,100,100153,100,99942,100,100184,100,99935,100
2019-06-28 09:32:34.610092716,100031,506,99994,506,100042,100,99989,100,100047,100,99987,100,100056,100,99978,100,100094,100,99964,100,100095,100,99955,100,100098,100,99954,100,100117,100,99948,100,100153,100,99942,100,100184,100,99935,100
2019-06-28 09:32:40.000000000,100031,202,99994,202,100042,202,99989,202,100047,202,99987,202,100056,202,99978,202,100094,100,99964,100,100095,100,99955,100,100098,100,99954,100,100117,100,99948,100,100153,100,99942,100,100184,100,99935,100
2019-06-28 09:32:50.000000000,100031,303,99994,303,100042,303,99989,303,100047,100,99987,100,100056,100,99978,100,100094,100,99964,100,100095,100,99955,100,100098,100,99954,100,100117,100,99948,100,100153,100,99942,100,100184,100,99935,100
2019-06-28 09:32:56.179189684,100031,303,99994,303,100042,303,99989,303,100047,100,99987,100,100056,100,99978,100,100094,100,99964,100,100095,100,99955,100,100098,100,99954,100,100117,100,99948,100,100153,100,99942,100,100184,100,99935,100
2019-06-28 09:33:00.000000000,100031,238,99994,238,100042,234,99989,234,100047,234,99987,234,100056,100,99978,100,100094,100,99964,100,100095,100,99955,100,100098,100,99954,100,100117,100,99948,100,100153,100,99942,100,100184,100,99935,100
2019-06-28 09:33:06.988129944,100031,238,99994,238,100042,234,99989,234,100047,234,99987,234,100056,100,99978,100,100094,100,99964,100,100095,100,99955,100,100098,100,99954,100,100117,100,99948,100,100153,100,99942,100,100184,100,99935,100
2019-06-28 09:33:10.000000000,100031,506,99994,506,100042,100,99989,100,100047,100,99987,100,100056,100,99978,100,100094,100,99964,100,100095,100,99955,100,100098,100,99954,100,100117,100,99948,100,100153,100,99942,100,100184,100,99935,100
2019-06-28 09:33:20.000000000,100031,202,99994,202,100042,202,99989,202,100047,202,99987,202,100056,202,99978,202,100094,100,99964,100,100095,100,99955,100,100098,100,99954,100,100117,100,99948,100,100153,100,99942,100,100184,100,99935,100
2019-06-28 09:33:30.000000000,100031,303,99994,303,100042,303,99989,303,100047,100,99987,100,100056,100,99978,100,100094,100,99964,100,100095,100,99955,100,100098,100,99954,100,100117,100,99948,100,100153,100,99942,100,100184,100,99935,100
2019-06-28 09:33:32.759652652,100031,303,99994,203,100042,303,99989,303,100047,100,99987,100,100056,100,99978,100,100094,100,99964,100,100095,100,99955,100,100098,100,99954,100,100117,100,99948,100,100153,100,99942,100,100184,100,99935,100
2019-06-28 09:33:40.000000000,100031,238,99989,238,100042,234,99987,234,100047,234,99978,234,100056,100,99964,100,100094,100,99955,100,100095,100,99954,100,100098,100,99948,100,100117,100,99942,100,100153,100,99935,100,100184,100,99932,100
2019-06-28 09:33:47.582269650,100031,238,99989,138,100042,234,99987,234,100047,234,99978,234,100056,100,99964,100,100094,100,99955,100,100095,100,99954,100,100098,100,99948,100,100117,100,99942,100,100153,100,99935,100,100184,100,99932,100
2019-06-28 09:33:47.951587927,100031,238,99989,38,100042,234,99987,234,100047,234,99978,234,100056,100,99964,100,100094,100,99955,100,100095,100,99954,100,100098,100,99948,100,100117,100,99942,100,100153,100,99935,100,100184,100,99932,100
2019-06-28 09:33:50.000000000,100031,181,99987,181,100042,181,99978,181,100047,181,99964,181,100056,181,99955,181,100094,181,99954,181,100095,100,99948,100,100098,100,99942,100,100117,100,99935,100,100153,100,99932,100,100184,100,99929,100
2019-06-28 09:34:00.000000000,100031,506,99987,506,100042,100,99978,100,100047,100,99964,100,100056,100,99955,100,100094,100,99954,100,100095,100,99948,100,100098,100,99942,100,100117,100,99935,100,100153,100,99932,100,100184,100,99929,100
2019-06-28 09:34:10.000000000,100031,181,99987,181,100042,181,99978,181,100047,181,99964,181,100056,181,99955,181,100094,181,99954,181,100095,100,99948,100,100098,100,99942,100,100117,100,99935,100,100153,100,99932,100,100184,100,99929,100
2019-06-28 09:34:10.080039269,100031,181,99987,181,100042,181,99978,181,100047,181,99964,181,100056,181,99955,181,100094,181,99954,181,100095,100,99948,100,100098,100,99942,100,100117,100,99935,100,100153,100,99932,100,100184,100,99929,100
2019-06-28 09:34:20.000000000,100031,202,99987,202,100042,202,99978,202,100047,202,99964,202,100056,202,99955,202,100094,100,99954,100,100095,100,99948,100,100098,100,99942,100,100117,100,99935,100,100153,100,99932,100,100184,100,99929,100
2019-06-28 09:34:26.749574566,99989,100,99987,202,100031,202,99978,202,100042,202,99964,202,100047,202,99955,202,100056,202,99954,100,100094,100,99948,100,100095,100,99942,100,100098,100,99935,100,100117,100,99932,100,100153,100,99929,100
2019-06-28 09:34:30.000000000,99989,506,99987,506,100031,100,99978,100,100042,100,99964,100,100047,100,99955,100,100056,100,99954,100,100094,100,99948,100,100095,100,99942,100,100098,100,99935,100,100117,100,99932,100,100153,100,99929,100
2019-06-28 09:34:31.809297278,99989,506,99987,406,100031,100,99978,100,100042,100,99964,100,100047,100,99955,100,100056,100,99954,100,100094,100,99948,100,100095,100,99942,100,100098,100,99935,100,100153,100,99932,100,100184,100,99929,100
2019-06-28 09:34:37.811958445,99988,100,99987,406,99989,506,99978,100,100042,100,99964,100,100047,100,99955,100,100056,100,99954,100,100094,100,99948,100,100095,100,99942,100,100098,100,99935,100,100153,100,99932,100,100184,100,99929,100
2019-06-28 09:34:40.000000000,99988,238,99978,238,99989,234,99964,234,100042,234,99955,234,100047,100,99954,100,100056,100,99948,100,100094,100,99942,100,100095,100,99935,100,100098,100,99932,100,100153,100,99929,100,100184,100,99925,100
2019-06-28 09:34:50.000000000,99988,238,99978,238,99989,234,99964,234,100042,234,99955,234,100047,100,99954,100,100056,100,99948,100,100094,100,99942,100,100095,100,99935,100,100098,100,99932,100,100153,100,99929,100,100184,100,99925,100
2019-06-28 09:34:55.166120023,99988,238,99978,238,99989,234,99964,234,100042,234,99955,234,100047,100,99954,100,100056,100,99948,100,100094,100,99942,100,100095,100,99935,100,100098,100,99932,100,100153,100,99929,100,100184,100,99925,100
2019-06-28 09:35:00.000000000,99988,506,99978,506,99989,100,99964,100,100042,100,99955,100,100047,100,99954,100,100056,100,99948,100,100094,100,99942,100,100095,100,99935,100,100098,100,99932,100,100153,100,99929,100,100184,100,99925,100
2019-06-28 09:35:10.000000000,99988,303,99978,303,99989,303,99964,303,100042,100,99955,100,100047,100,99954,100,100056,100,99948,100,100094,100,99942,100,100095,100,99935,100,100098,100,99932,100,100153,100,99929,100,100184,100,99925,100
2019-06-28 09:35:20.000000000,99988,303,99978,303,99989,303,99964,303,100042,100,99955,100,100047,100,99954,100,100056,100,99948,100,100094,100,99942,100,100095,100,99935,100,100098,100,99932,100,100153,100,99929,100,100184,100,99925,100
2019-06-28 09:35:22.430188016,99988,403,99978,303,99989,303,99964,303,100042,100,99955,100,100047,100,99954,100,100056,100,99948,100,100094,100,99942,100,100095,100,99935,100,100098,100,99932,100,100153,100,99929,100,100184,100,99925,100
2019-06-28 09:35:25.773280059,99988,403,99978,303,99989,303,99964,303,100042,100,99955,100,100047,100,99954,100,100056,100,99948,100,100094,100,99942,100,100095,100,99935,100,100098,100,99932,100,100153,100,99929,100,100184,100,99925,100
2019-06-28 09:35:30.000000000,99988,281,99978,181,99989,181,99964,181,100042,181,99955,181,100047,181,99954,181,100056,181,99948,181,100094,100,99942,100,100095,100,99935,100,100098,100,99932,100,100153,100,99929,100,100184,100,99925,100
2019-06-28 09:35:37.745608197,99988,281,99978,81,99989,181,99964,181,100042,181,99955,181,100047,181,99954,181,100056,181,99948,181,100094,100,99942,100,100095,100,99935,100,100098,100,99932,100,100153,100,99929,100,100184,100,99922,200
2019-06-28 09:35:40.000000000,99988,281,99964,181,99989,181,99955,181,100042,181,99954,181,100047,181,99948,181,100056,181,99942,181,100094,100,99935,100,100095,100,99932,100,100098,100,99929,100,100153,100,99922,200,100184,100,99916,100
2019-06-28 09:35:43.226954863,99988,281,99964,181,99989,181,99955,181,100042,181,99954,181,100047,181,99948,181,100056,181,99942,181,100094,100,99935,100,100095,100,99932,100,100098,100,99929,100,100153,100,99922,200,100184,100,99916,100
2019-06-28 09:35:50.000000000,99988,302,99964,202,99989,202,99955,202,100042,202,99954,202,100047,202,99948,202,100056,100,99942,100,100094,100,99935,100,100095,100,99932,100,100098,100,99929,100,100153,100,99922,200,100184,100,99916,100
2019-06-28 09:35:53.913433572,99988,302,99964,202,99989,202,99955,202,100042,202,99954,202,100047,202,99948,202,100056,100,99942,100,100094,100,99935,100,100095,100,99932,100,100098,100,99929,100,100153,100,99922,200,100184,100,99916,100
2019-06-28 09:36:00.000000000,99988,302,99964,202,99989,202,99955,202,100042,202,99954,202,100047,202,99948,202,100056,100,99942,100,100094,100,99935,100,100095,100,99932,100,100098,100,99929,100,100153,100,99922,200,100184,100,99916,100
2019-06-28 09:36:09.823192424,99988,302,99964,102,99989,202,99955,202,100042,202,99954,202,100047,202,99948,202,100056,100,99942,100,100094,100,99935,100,100095,100,99932,100,100098,100,99929,100,100153,100,99922,200,100184,100,99916,100
2019-06-28 09:36:10.000000000,99988,281,99955,181,99989,181,99954,181,100042,181,99948,181,100047,181,99942,181,100056,181,99935,181,100094,100,99932,100,100095,100,99929,100,100098,100,99922,200,100153,100,99916,100,100184,100,99912,100
2019-06-28 09:36:12.578187584,99988,281,99955,181,99989,181,99954,181,100042,181,99948,181,100047,181,99942,181,100056,181,99935,181,100094,100,99932,100,100095,100,99929,100,100098,100,99922,200,100153,100,99916,100,100184,100,99912,100
2019-06-28 09:36:20.000000000,99988,403,99955,303,99989,303,99954,303,100042,100,99948,100,100047,100,99942,100,100056,100,99935,100,100094,100,99932,100,100095,100,99929,100,100098,100,99922,200,100153,100,99916,100,100184,100,99912,100
2019-06-28 09:36:28.276651163,99988,403,99955,303,99989,303,99954,303,100042,100,99948,100,100047,100,99942,100,100056,100,99935,100,100094,100,99932,100,100095,100,99929,100,100153,100,99922,200,100184,100,99916,100,100212,100,99912,100
2019-06-28 09:36:28.625449860,99988,403,99955,303,99989,303,99954,303,100042,100,99948,100,100047,100,99942,100,100056,100,99935,100,100094,100,99932,100,100095,100,99929,100,100153,100,99922,200,100184,100,99916,100,100212,100,99912,100
2019-06-28 09:36:29.912369607,99988,403,99955,303,99989,303,99954,303,100042,100,99948,100,100047,100,99942,100,100056,100,99935,100,100094,100,99932,100,100095,100,99929,100,100153,100,99922,200,100184,100,99916,100,100212,100,99912,100
2019-06-28 09:36:30.000000000,99988,403,99955,303,99989,303,99954,303,100042,100,99948,100,100047,100,99942,100,100056,100,99935,100,100094,100,99932,100,100095,100,99929,100,100153,100,99922,200,100184,100,99916,100,100212,100,99912,100
2019-06-28 09:36:40.000000000,99988,338,99955,238,99989,234,99954,234,100042,234,99948,234,100047,100,99942,100,100056,100,99935,100,100094,100,99932,100,100095,100,99929,100,100153,100,99922,200,100184,100,99916,100,100212,100,99912,100
2019-06-28 09:36:44.479790918,99988,338,99955,238,99989,234,99954,134,100042,234,99948,234,100047,100,99942,100,100056,100,99935,100,100094,100,99932,100,100095,100,99929,100,100153,100,99922,200,100184,100,99916,100,100212,100,99912,100
2019-06-28 09:36:50.000000000,99988,281,99955,181,99989,181,99948,181,100042,181,99942,181,100047,181,99935,181,100056,181,99932,181,100094,100,99929,100,100095,100,99922,200,100153,100,99916,100,100184,100,99912,100,100212,100,99897,100
2019-06-28 09:36:52.969698322,99988,281,99955,81,99989,181,99948,181,100042,181,99942,181,100047,181,99935,181,100056,181,99932,181,100094,100,99929,100,100095,100,99922,200,100153,100,99916,100,100184,100,99912,100,100212,100,99897,100
2019-06-28 09:37:00.000000000,99988,403,99948,303,99989,303,99942,303,100042,100,99935,100,100047,100,99932,100,100056,100,99929,100,100094,100,99922,200,100095,100,99916,100,100153,100,99912,100,100184,100,99897,100,100212,100,99886,100
2019-06-28 09:37:07.087876686,99964,100,99948,303,99988,403,99942,303,99989,303,99935,100,100042,100,99932,100,100047,100,99929,100,100056,100,99922,200,100094,100,99916,100,100095,100,99912,100,100153,100,99897,100,100184,100,99886,100
2019-06-28 09:37:10.000000000,99964,181,99948,181,99988,281,99942,181,99989,181,99935,181,100042,181,99932,181,100047,181,99929,181,100056,100,99922,200,100094,100,99916,100,100095,100,99912,100,100153,100,99897,100,100184,100,99886,100
2019-06-28 09:37:20.000000000,99964,181,99948,181,99988,281,99942,181,99989,181,99935,181,100042,181,99932,181,100047,181,99929,181,100056,100,99922,200,100094,100,99916,100,100095,100,99912,100,100153,100,99897,100,100184,100,99886,100
2019-06-28 09:37:23.914160905,99964,181,99948,81,99988,281,99942,181,99989,181,99935,181,100042,181,99932,181,100047,181,99929,181,100056,100,99922,200,100094,100,99916,100,100095,100,99912,100,100153,100,99897,100,100184,100,99886,100
2019-06-28 09:37:30.000000000,99964,202,99942,202,99988,302,99935,202,99989,202,99932,202,100042,202,99929,202,100047,100,99922,200,100056,100,99916,100,100094,100,99912,100,100095,100,99897,100,100153,100,99886,100,100184,100,99884,100
2019-06-28 09:37:40.000000000,99964,303,99942,303,99988,403,99935,303,99989,100,99932,100,100042,100,99929,100,100047,100,99922,200,100056,100,99916,100,100094,100,99912,100,100095,100,99897,100,100153,100,99886,100,100184,100,99884,100
2019-06-28 09:37:45.774946528,99955,100,99942,303,99964,303,99935,303,99988,403,99932,100,99989,100,99929,100,100042,100,99922,200,100047,100,99916,100,100056,100,99912,100,100094,100,99897,100,100095,100,99886,100,100153,100,99884,100
2019-06-28 09:37:50.000000000,99955,303,99942,303,99964,303,99935,303,99988,200,99932,100,99989,100,99929,100,100042,100,99922,200,100047,100,99916,100,100056,100,99912,100,100094,100,99897,100,100095,100,99886,100,100153,100,99884,100
2019-06-28 09:38:00.000000000,99955,506,99942,506,99964,100,99935,100,99988,200,99932,100,99989,100,99929,100,100042,100,99922,200,100047,100,99916,100,100056,100,99912,100,100094,100,99897,100,100095,100,99886,100,100153,100,99884,100
2019-06-28 09:38:10.000000000,99955,238,99942,238,99964,234,99935,234,99988,334,99932,234,99989,100,99929,100,100042,100,99922,200,100047,100,99916,100,100056,100,99912,100,100094,100,99897,100,100095,100,99886,100,100153,100,99884,100
2019-06-28 09:38:15.935109042,99955,238,99942,238,99964,234,99935,234,99988,334,99932,234,99989,100,99929,100,100042,100,99922,100,100047,100,99916,100,100056,100,99912,100,100094,100,99897,100,100095,100,99886,100,100153,100,99884,100
2019-06-28 09:38:20.000000000,99955,506,99942,506,99964,100,99935,100,99988,200,99932,100,99989,100,99929,100,100042,100,99922,100,100047,100,99916,100,100056,100,99912,100,100094,100,99897,100,100095,100,99886,100,100153,100,99884,100
2019-06-28 09:38:30.000000000,99955,181,99942,181,99964,181,99935,181,99988,281,99932,181,99989,181,99929,181,100042,181,99922,181,100047,100,99916,100,100056,100,99912,100,100094,100,99897,100,100095,100,99886,100,100153,100,99884,100
2019-06-28 09:38:31.606810984,99955,281,99942,181,99964,181,99935,181,99988,281,99932,181,99989,81,99929,181,100042,181,99922,181,100047,100,99916,100,100056,100,99912,100,100094,100,99897,100,100095,100,99886,100,100153,100,99884,100
2019-06-28 09:38:40.000000000,99955,302,99942,202,99964,202,99935,202,99988,302,99932,202,100042,202,99929,202,100047,100,99922,100,100056,100,99916,100,100094,100,99912,100,100095,100,99897,100,100153,100,99886,100,100184,100,99884,100
2019-06-28 09:38:50.000000000,99955,403,99942,303,99964,303,99935,303,99988,200,99932,100,100042,100,99929,100,100047,100,99922,100,100056,100,99916,100,100094,100,99912,100,100095,100,99897,100,100153,100,99886,100,100184,100,99884,100
2019-06-28 09:38:53.831050713,99955,403,99942,303,99964,303,99935,303,99988,200,99932,100,100042,100,99929,100,100047,100,99922,100,100056,100,99916,100,100094,100,99912,100,100095,100,99897,100,100153,100,99886,100,100184,100,99884,100
2019-06-28 09:38:57.436405608,99955,403,99942,203,99964,303,99935,303,99988,200,99932,100,100042,100,99929,100,100047,100,99922,100,100056,100,99916,100,100094,100,99912,100,100095,100,99897,100,100153,100,99886,100,100184,100,99884,100
2019-06-28 09:39:00.000000000,99955,606,99935,506,99964,100,99932,100,99988,200,99929,100,100042,100,99922,100,100047,100,99916,100,100056,100,99912,100,100094,100,99897,100,100095,100,99886,100,100153,100,99884,100,100184,100,99878,100
2019-06-28 09:39:04.088821675,99955,606,99935,406,99964,100,99932,100,99988,200,99929,100,100042,100,99922,100,100047,100,99916,100,100056,100,99897,100,100094,100,99886,100,100095,100,99884,100,100153,100,99878,100,100184,100,99837,100
2019-06-28 09:39:07.388212777,99955,606,99935,306,99964,100,99932,100,99988,200,99929,100,100042,100,99922,100,100047,100,99916,100,100056,100,99897,100,100094,100,99886,100,100095,100,99884,100,100153,100,99878,100,100184,100,99837,100
2019-06-28 09:39:10.000000000,99955,606,99932,506,99964,100,99929,100,99988,200,99922,100,100042,100,99916,100,100047,100,99897,100,100056,100,99886,100,100094,100,99884,100,100095,100,99878,100,100153,100,99837,100,100184,100,99820,100
2019-06-28 09:39:13.762453189,99955,606,99932,406,99964,100,99929,100,99988,200,99922,100,100042,100,99916,100,100047,100,99897,100,100056,100,99886,100,100094,100,99884,100,100095,100,99878,100,100153,100,99837,100,100184,100,99820,100
2019-06-28 09:39:20.000000000,99955,302,99929,202,99964,202,99922,202,99988,302,99916,202,100042,202,99897,202,100047,100,99886,100,100056,100,99884,100,100094,100,99878,100,100095,100,99837,100,100153,100,99820,100,100184,100,99763,100
2019-06-28 09:39:22.740275270,99955,302,99929,102,99964,202,99922,202,99988,302,99916,202,100042,202,99897,202,100047,100,99886,100,100056,100,99884,100,100094,100,99878,100,100095,100,99837,100,100153,100,99820,100,100184,100,99763,100
2019-06-28 09:39:30.000000000,99955,338,99922,238,99964,234,99916,234,99988,334,99897,234,100042,100,99886,100,100047,100,99884,100,100056,100,99878,100,100094,100,99837,100,100095,100,99820,100,100153,100,99763,100,100184,100,99537,100
2019-06-28 09:39:34.426983939,99955,338,99922,238,99964,234,99916,234,99988,334,99897,234,100042,100,99886,100,100047,100,99884,100,100056,100,99878,100,100094,100,99837,100,100095,100,99820,100,100153,100,99763,100,100184,100,99537,100
2019-06-28 09:39:40.000000000,99955,606,99922,506,99964,100,99916,100,99988,200,99897,100,100042,100,99886,100,100047,100,99884,100,100056,100,99878,100,100094,100,99837,100,100095,100,99820,100,100153,100,99763,100,100184,100,99537,100
2019-06-28 09:39:47.945341748,99955,606,99922,506,99964,100,99916,100,99988,200,99897,100,100042,100,99886,100,100056,100,99884,100,100094,100,99878,100,100095,100,99837,100,100153,100,99820,100,100184,100,99763,100,100212,100,99537,100
2019-06-28 09:39:50.000000000,99955,606,99922,506,99964,100,99916,100,99988,200,99897,100,100042,100,99886,100,100056,100,99884,100,100094,100,99878,100,100095,100,99837,100,100153,100,99820,100,100184,100,99763,100,100212,100,99537,100
2019-06-28 09:40:00.000000000,99955,338,99922,238,99964,234,99916,234,99988,334,99897,234,100042,100,99886,100,100056,100,99884,100,100094,100,99878,100,100095,100,99837,100,100153,100,99820,100,100184,100,99763,100,100212,100,99537,100
2019-06-28 09:40:03.910727469,99932,100,99922,238,99955,338,99916,234,99964,234,99897,234,99988,334,99886,100,100042,100,99884,100,100056,100,99878,100,100094,100,99837,100,100095,100,99820,100,100153,100,99763,100,100184,100,99537,100
2019-06-28 09:40:10.000000000,99932,506,99922,506,99955,200,99916,100,99964,100,99897,100,99988,200,99886,100,100042,100,99884,100,100056,100,99878,100,100094,100,99837,100,100095,100,99820,100,100153,100,99763,100,100184,100,99537,100
2019-06-28 09:40:20.000000000,99932,181,99922,181,99955,281,99916,181,99964,181,99897,181,99988,281,99886,181,100042,181,99884,181,100056,100,99878,100,100094,100,99837,100,100095,100,99820,100,100153,100,99763,100,100184,100,99537,100
2019-06-28 09:40:30.000000000,99932,303,99922,303,99955,403,99916,303,99964,100,99897,100,99988,200,99886,100,100042,100,99884,100,100056,100,99878,100,100094,100,99837,100,100095,100,99820,100,100153,100,99763,100,100184,100,99537,100
2019-06-28 09:40:40.000000000,99932,506,99922,506,99955,200,99916,100,99964,100,99897,100,99988,200,99886,100,100042,100,99884,100,100056,100,99878,100,100094,100,99837,100,100095,100,99820,100,100153,100,99763,100,100184,100,99537,100
2019-06-28 09:40:41.017503461,99932,606,99922,506,99955,200,99916,100,99964,100,99897,100,99988,200,99886,100,100042,100,99884,100,100056,100,99878,100,100094,100,99837,100,100095,100,99820,100,100153,100,99763,100,100184,100,99537,100
2019-06-28 09:40:50.000000000,99932,338,99922,238,99955,334,99916,234,99964,234,99897,234,99988,200,99886,100,100042,100,99884,100,100056,100,99878,100,100094,100,99837,100,100095,100,99820,100,100153,100,99763,100,100184,100,99537,100
2019-06-28 09:41:00.000000000,99932,403,99922,303,99955,403,99916,303,99964,100,99897,100,99988,200,99886,100,100042,100,99884,100,100056,100,99878,100,100094,100,99837,100,100095,100,99820,100,100153,100,99763,100,100184,100,99537,100
2019-06-28 09:41:10.000000000,99932,281,99922,181,99955,281,99916,181,99964,181,99897,181,99988,281,99886,181,100042,181,99884,181,100056,100,99878,100,100094,100,99837,100,100095,100,99820,100,100153,100,99763,100,100184,100,99537,100
2019-06-28 09:41:20.000000000,99932,302,99922,202,99955,302,99916,202,99964,202,99897,202,99988,302,99886,202,100042,100,99884,100,100056,100,99878,100,100094,100,99837,100,100095,100,99820,100,100153,100,99763,100,100184,100,99537,100
2019-06-28 09:41:30.000000000,99932,403,99922,303,99955,403,99916,303,99964,100,99897,100,99988,200,99886,100,100042,100,99884,100,100056,100,99878,100,100094,100,99837,100,100095,100,99820,100,100153,100,99763,100,100184,100,99537,100
2019-06-28 09:41:36.485638880,99932,403,99922,303,99955,403,99916,303,99964,100,99897,100,99988,200,99886,100,100056,100,99884,100,100094,100,99878,100,100095,100,99837,100,100153,100,99820,100,100184,100,99763,100,100212,100,99537,100
2019-06-28 09:41:40.000000000,99932,302,99922,202,99955,302,99916,202,99964,202,99897,202,99988,302,99886,202,100056,100,99884,100,100094,100,99878,100,100095,100,99837,100,100153,100,99820,100,100184,100,99763,100,100212,100,99537,100
2019-06-28 09:41:45.772448374,99932,302,99922,102,99955,302,99916,202,99964,202,99897,202,99988,302,99886,202,100056,100,99884,100,100094,100,99878,100,100095,100,99837,100,100153,100,99820,100,100184,100,99763,100,100212,100,99537,100
2019-06-28 09:41:50.000000000,99932,403,99916,303,99955,403,99897,303,99964,100,99886,100,99988,200,99884,100,100056,100,99878,100,100094,100,99837,100,100095,100,99820,100,100153,100,99763,100,100184,100,99537,100,100212,100,99535,100
2019-06-28 09:41:57.626039404,99932,403,99916,203,99955,403,99897,303,99964,100,99886,100,99988,200,99884,100,100056,100,99878,100,100094,100,99837,100,100095,100,99820,100,100153,100,99763,100,100184,100,99537,100,100212,100,99461,100
2019-06-28 09:42:00.000000000,99932,338,99897,238,99955,334,99886,234,99964,234,99884,234,99988,200,99878,100,100056,100,99837,100,100094,100,99820,100,100095,100,99763,100,100153,100,99537,100,100184,100,99461,100,100212,100,99457,100
2019-06-28 09:42:10.000000000,99932,338,99897,238,99955,334,99886,234,99964,234,99884,234,99988,200,99878,100,100056,100,99837,100,100094,100,99820,100,100095,100,99763,100,100153,100,99537,100,100184,100,99461,100,100212,100,99457,100
2019-06-28 09:42:20.000000000,99932,606,99897,506,99955,200,99886,100,99964,100,99884,100,99988,200,99878,100,100056,100,99837,100,100094,100,99820,100,100095,100,99763,100,100153,100,99537,100,100184,100,99461,100,100212,100,99457,100
2019-06-28 09:42:30.000000000,99932,302,99897,202,99955,302,99886,202,99964,202,99884,202,99988,302,99878,202,100056,100,99837,100,100094,100,99820,100,100095,100,99763,100,100153,100,99537,100,100184,100,99461,100,100212,100,99457,100
2019-06-28 09:42:36.012334171,99932,302,99897,202,99955,302,99886,202,99964,202,99884,202,99988,302,99878,202,100094,100,99837,100,100095,100,99820,100,100153,100,99763,100,100184,100,99537,100,100212,100,99461,100,,,99457,100
2019-06-28 09:42:37.839381745,99932,302,99897,202,99955,302,99886,202,99964,202,99884,202,99988,302,99878,202,100094,100,99837,100,100095,100,99820,100,100153,100,99763,100,100184,100,99537,100,,,99461,100,,,99457,100
2019-06-28 09:42:40.000000000,99932,338,99897,238,99955,334,99886,234,99964,234,99884,234,99988,200,99878,100,100094,100,99837,100,100095,100,99820,100,100153,100,99763,100,100184,100,99537,100,,,99461,100,,,99457,100
2019-06-28 09:42:46.345569474,99932,238,99897,238,99955,334,99886,234,99964,234,99884,234,99988,200,99878,100,100094,100,99837,100,100095,100,99820,100,100153,100,99763,100,100184,100,99537,100,,,99461,100,,,99457,100
2019-06-28 09:42:50.000000000,99932,303,99897,303,99955,403,99886,303,99964,100,99884,100,99988,200,99878,100,100094,100,99837,100,100095,100,99820,100,100153,100,99763,100,100184,100,99537,100,,,99461,100,,,99457,100
2019-06-28 09:43:00.000000000,99932,202,99897,202,99955,302,99886,202,99964,202,99884,202,99988,302,99878,202,100094,100,99837,100,100095,100,99820,100,100153,100,99763,100,100184,100,99537,100,,,99461,100,,,99457,100
2019-06-28 09:43:10.000000000,99932,181,99897,181,99955,281,99886,181,99964,181,99884,181,99988,281,99878,181,100094,181,99837,181,100095,100,99820,100,100153,100,99763,100,100184,100,99537,100,,,99461,100,,,99457,100
2019-06-28 09:43:10.777988669,99932,181,99897,181,99955,281,99886,181,99964,181,99884,181,99988,281,99878,181,100094,181,99837,181,100095,100,99820,100,100153,100,99763,100,,,99537,100,,,99461,100,,,99457,100
2019-06-28 09:43:16.950646207,99932,181,99897,81,99955,281,99886,181,99964,181,99884,181,99988,281,99878,181,100094,181,99837,181,100095,100,99820,100,100153,100,99763,100,,,99537,100,,,99457,100,,,99452,100
2019-06-28 09:43:19.975891578,99932,181,99897,81,99955,281,99886,181,99964,181,99884,181,99988,281,99878,181,100094,181,99837,181,100095,100,99820,100,100153,100,99763,100,,,99537,100,,,99457,100,,,99452,100
2019-06-28 09:43:20.000000000,99932,181,99886,181,99955,281,99884,181,99964,181,99878,181,99988,281,99837,181,100094,181,99820,181,100095,100,99763,100,100153,100,99537,100,,,99457,100,,,99452,100,,,99408,100
2019-06-28 09:43:30.000000000,99932,202,99886,202,99955,302,99884,202,99964,202,99878,202,99988,302,99837,202,100094,100,99820,100,100095,100,99763,100,100153,100,99537,100,,,99457,100,,,99452,100,,,99408,100
2019-06-28 09:43:31.081997709,99916,100,99886,202,99932,202,99884,202,99955,302,99878,202,99964,202,99837,202,99988,202,99820,100,100094,100,99763,100,100095,100,99537,100,100153,100,99457,100,,,99452,100,,,99408,100
2019-06-28 09:43:40.000000000,99916,303,99886,303,99932,303,99884,303,99955,200,99878,100,99964,100,99837,100,99988,100,99820,100,100094,100,99763,100,100095,100,99537,100,100153,100,99457,100,,,99452,100,,,99408,100
2019-06-28 09:43:47.031984820,99916,303,99886,303,99932,303,99884,303,99955,200,99878,100,99964,100,99837,100,99988,100,99820,100,100094,100,99763,100,100095,100,99537,100,100153,100,99457,100,,,99452,100,,,99408,100
2019-06-28 09:43:50.000000000,99916,303,99886,303,99932,303,99884,303,99955,200,99878,100,99964,100,99837,100,99988,100,99820,100,100094,100,99763,100,100095,100,99537,100,100153,100,99457,100,,,99452,100,,,99408,100
2019-06-28 09:44:00.000000000,99916,238,99886,238,99932,234,99884,234,99955,334,99878,234,99964,100,99837,100,99988,100,99820,100,100094,100,99763,100,100095,100,99537,100,100153,100,99457,100,,,99452,100,,,99408,100
2019-06-28 09:44:06.353881031,99916,238,99886,238,99932,234,99884,234,99955,334,99878,234,99964,100,99837,100,99988,100,99763,100,100094,100,99537,100,100095,100,99457,100,100153,100,99452,100,,,99408,100,,,99400,100
2019-06-28 09:44:10.000000000,99916,303,99886,303,99932,303,99884,303,99955,200,99878,100,99964,100,99837,100,99988,100,99763,100,100094,100,99537,100,100095,100,99457,100,100153,100,99452,100,,,99408,100,,,99400,100
2019-06-28 09:44:20.000000000,99916,506,99886,506,99932,100,99884,100,99955,200,99878,100,99964,100,99837,100,99988,100,99763,100,100094,100,99537,100,100095,100,99457,100,100153,100,99452,100,,,99408,100,,,99400,100
2019-06-28 09:44:27.192084709,99916,506,99886,506,99932,100,99884,100,99955,200,99878,100,99964,100,99837,100,99988,100,99763,100,100094,100,99537,100,100095,100,99457,100,100153,100,99452,100,,,99408,100,,,99400,100
2019-06-28 09:44:30.000000000,99916,303,99886,303,99932,303,99884,303,99955,200,99878,100,99964,100,99837,100,99988,100,99763,100,100094,100,99537,100,100095,100,99457,100,100153,100,99452,100,,,99408,100,,,99400,100
2019-06-28 09:44:36.551042778,99916,303,99886,203,99932,303,99884,303,99955,200,99878,100,99964,100,99763,100,99988,100,99537,100,100094,100,99457,100,100095,100,99452,100,100153,100,99408,100,,,99400,100,,,99383,100
2019-06-28 09:44:40.000000000,99916,506,99884,506,99932,100,99878,100,99955,200,99763,100,99964,100,99537,100,99988,100,99457,100,100094,100,99452,100,100095,100,99408,100,100153,100,99400,100,,,99383,100,,,99348,100
2019-06-28 09:44:50.000000000,99916,506,99884,506,99932,100,99878,100,99955,200,99763,100,99964,100,99537,100,99988,100,99457,100,100094,100,99452,100,100095,100,99408,100,100153,100,99400,100,,,99383,100,,,99348,100
2019-06-28 09:45:00.000000000,99916,181,99884,181,99932,181,99878,181,99955,281,99763,181,99964,181,99537,181,99988,181,99457,181,100094,100,99452,100,100095,100,99408,100,100153,100,99400,100,,,99383,100,,,99348,100
2019-06-28 09:45:10.000000000,99916,181,99884,181,99932,181,99878,181,99955,281,99763,181,99964,181,99537,181,99988,181,99457,181,100094,100,99452,100,100095,100,99408,100,100153,100,99400,100,,,99383,100,,,99348,100
2019-06-28 09:45:20.000000000,99916,202,99884,202,99932,202,99878,202,99955,302,99763,202,99964,202,99537,202,99988,100,99457,100,100094,100,99452,100,100095,100,99408,100,100153,100,99400,100,,,99383,100,,,99348,100
2019-06-28 09:45:30.000000000,99916,303,99884,303,99932,303,99878,303,99955,200,99763,100,99964,100,99537,100,99988,100,99457,100,100094,100,99452,100,100095,100,99408,100,100153,100,99400,100,,,99383,100,,,99348,100
2019-06-28 09:45:32.487542844,99916,303,99884,303,99932,203,99878,303,99955,200,99763,100,99964,100,99537,100,99988,100,99457,100,100094,100,99452,100,100095,100,99408,100,100153,100,99400,100,,,99383,100,,,99348,100
2019-06-28 09:45:40.000000000,99916,181,99884,181,99955,281,99878,181,99964,181,99763,181,99988,181,99537,181,100094,181,99457,181,100095,100,99452,100,100153,100,99408,100,,,99400,100,,,99383,100,,,99348,100
2019-06-28 09:45:44.708233389,99916,181,99884,181,99955,281,99878,181,99964,181,99763,181,99988,181,99537,181,100094,181,99457,181,100095,100,99452,100,100153,100,99408,100,,,99400,100,,,99383,100,,,99348,100
2019-06-28 09:45:50.000000000,99916,506,99884,506,99955,200,99878,100,99964,100,99763,100,99988,100,99537,100,100094,100,99457,100,100095,100,99452,100,100153,100,99408,100,,,99400,100,,,99383,100,,,99348,100
2019-06-28 09:45:52.954483464,99916,506,99884,506,99955,200,99878,100,99964,100,99763,100,99988,100,99537,100,100094,100,99457,100,100095,100,99452,100,100153,100,99408,100,,,99400,100,,,99383,100,,,99348,100
2019-06-28 09:46:00.000000000,99916,202,99884,202,99955,302,99878,202,99964,202,99763,202,99988,202,99537,202,100094,100,99457,100,100095,100,99452,100,100153,100,99408,100,,,99400,100,,,99383,100,,,99348,100
2019-06-28 09:46:10.000000000,99916,202,99884,202,99955,302,99878,202,99964,202,99763,202,99988,202,99537,202,100094,100,99457,100,100095,100,99452,100,100153,100,99408,100,,,99400,100,,,99383,100,,,99348,100
2019-06-28 09:46:20.000000000,99916,181,99884,181,99955,281,99878,181,99964,181,99763,181,99988,181,99537,181,100094,181,99457,181,100095,100,99452,100,100153,100,99408,100,,,99400,100,,,99383,100,,,99348,100
2019-06-28 09:46:30.000000000,99916,303,99884,303,99955,403,99878,303,99964,100,99763,100,99988,100,99537,100,100094,100,99457,100,100095,100,99452,100,100153,100,99408,100,,,99400,100,,,99383,100,,,99348,100
2019-06-28 09:46:33.927304581,99916,303,99884,303,99955,403,99878,303,99964,100,99763,100,99988,100,99537,100,100094,100,99461,100,100095,100,99457,100,100153,100,99452,100,,,99408,100,,,99400,100,,,99383,100
2019-06-28 09:46:38.659567941,99897,100,99884,303,99916,303,99878,303,99955,403,99763,100,99964,100,99537,100,100094,100,99461,100,100095,100,99457,100,100153,100,99452,100,,,99408,100,,,99400,100,,,99383,100
2019-06-28 09:46:40.000000000,99897,506,99884,506,99916,100,99878,100,99955,200,99763,100,99964,100,99537,100,100094,100,99461,100,100095,100,99457,100,100153,100,99452,100,,,99408,100,,,99400,100,,,99383,100
2019-06-28 09:46:50.000000000,99897,202,99884,202,99916,202,99878,202,99955,302,99763,202,99964,202,99537,202,100094,100,99461,100,100095,100,99457,100,100153,100,99452,100,,,99408,100,,,99400,100,,,99383,100
2019-06-28 09:47:00.000000000,99897,303,99884,303,99916,303,99878,303,99955,200,99763,100,99964,100,99537,100,100094,100,99461,100,100095,100,99457,100,100153,100,99452,100,,,99408,100,,,99400,100,,,99383,100
2019-06-28 09:47:06.613081550,99897,303,99884,303,99916,203,99878,303,99955,200,99763,100,99964,100,99537,100,100094,100,99461,100,100095,100,99457,100,100153,100,99452,100,,,99408,100,,,99400,100,,,99383,100
2019-06-28 09:47:10.000000000,99897,303,99884,303,99955,403,99878,303,99964,100,99763,100,100094,100,99537,100,100095,100,99461,100,100153,100,99457,100,,,99452,100,,,99408,100,,,99400,100,,,99383,100
2019-06-28 09:47:12.935519118,99897,403,99884,303,99955,403,99878,303,99964,100,99763,100,100094,100,99537,100,100095,100,99461,100,100153,100,99457,100,,,99452,100,,,99408,100,,,99400,100,,,99383,100
2019-06-28 09:47:20.000000000,99897,403,99884,303,99955,403,99878,303,99964,100,99763,100,100094,100,99537,100,100095,100,99461,100,100153,100,99457,100,,,99452,100,,,99408,100,,,99400,100,,,99383,100
2019-06-28 09:47:30.000000000,99897,302,99884,202,99955,302,99878,202,99964,202,99763,202,100094,202,99537,202,100095,100,99461,100,100153,100,99457,100,,,99452,100,,,99408,100,,,99400,100,,,99383,100
2019-06-28 09:47:32.222446871,99897,302,99884,202,99955,302,99878,202,99964,202,99763,202,100094,202,99537,202,100095,100,99528,100,100153,100,99461,100,,,99457,100,,,99452,100,,,99408,100,,,99400,100
2019-06-28 09:47:40.000000000,99897,281,99884,181,99955,281,99878,181,99964,181,99763,181,100094,181,99537,181,100095,181,99528,181,100153,100,99461,100,,,99457,100,,,99452,100,,,99408,100,,,99400,100
2019-06-28 09:47:47.665621612,99897,281,99884,181,99955,281,99878,181,99964,181,99763,181,100094,181,99701,100,100095,181,99537,181,100153,100,99528,181,,,99461,100,,,99457,100,,,99452,100,,,99408,100
2019-06-28 09:47:50.000000000,99897,338,99884,238,99955,334,99878,234,99964,234,99763,234,100094,100,99701,100,100095,100,99537,100,100153,100,99528,100,,,99461,100,,,99457,100,,,99452,100,,,99408,100
2019-06-28 09:48:00.000000000,99897,281,99884,181,99955,281,99878,181,99964,181,99763,181,100094,181,99701,181,100095,181,99537,181,100153,100,99528,100,,,99461,100,,,99457,100,,,99452,100,,,99408,100
2019-06-28 09:48:10.000000000,99897,403,99884,303,99955,403,99878,303,99964,100,99763,100,100094,100,99701,100,100095,100,99537,100,100153,100,99528,100,,,99461,100,,,99457,100,,,99452,100,,,99408,100
2019-06-28 09:48:15.403389187,99897,403,99884,303,99955,303,99878,303,99964,100,99763,100,100094,100,99701,100,100095,100,99537,100,100153,100,99528,100,,,99461,100,,,99457,100,,,99452,100,,,99408,100
2019-06-28 09:48:20.000000000,99897,338,99884,238,99955,234,99878,234,99964,234,99763,234,100094,100,99701,100,100095,100,99537,100,100153,100,99528,100,,,99461,100,,,99457,100,,,99452,100,,,99408,100
2019-06-28 09:48:30.000000000,99897,302,99884,202,99955,202,99878,202,99964,202,99763,202,100094,202,99701,202,100095,100,99537,100,100153,100,99528,100,,,99461,100,,,99457,100,,,99452,100,,,99408,100
2019-06-28 09:48:40.000000000,99897,403,99884,303,99955,303,99878,303,99964,100,99763,100,100094,100,99701,100,100095,100,99537,100,100153,100,99528,100,,,99461,100,,,99457,100,,,99452,100,,,99408,100
2019-06-28 09:48:40.246765516,99897,403,99884,203,99955,303,99878,303,99964,100,99763,100,100094,100,99701,100,100095,100,99537,100,100153,100,99528,100,,,99461,100,,,99457,100,,,99452,100,,,99408,100
2019-06-28 09:48:50.000000000,99897,606,99878,506,99955,100,99763,100,99964,100,99701,100,100094,100,99537,100,100095,100,99528,100,100153,100,99461,100,,,99457,100,,,99452,100,,,99408,100,,,99400,100
2019-06-28 09:49:00.000000000,99897,338,99878,238,99955,234,99763,234,99964,234,99701,234,100094,100,99537,100,100095,100,99528,100,100153,100,99461,100,,,99457,100,,,99452,100,,,99408,100,,,99400,100
2019-06-28 09:49:10.000000000,99897,403,99878,303,99955,303,99763,303,99964,100,99701,100,100094,100,99537,100,100095,100,99528,100,100153,100,99461,100,,,99457,100,,,99452,100,,,99408,100,,,99400,100
2019-06-28 09:49:20.000000000,99897,606,99878,506,99955,100,99763,100,99964,100,99701,100,100094,100,99537,100,100095,100,99528,100,100153,100,99461,100,,,99457,100,,,99452,100,,,99408,100,,,99400,100
2019-06-28 09:49:22.256613871,99897,606,99878,406,99955,100,99763,100,99964,100,99701,100,100094,100,99537,100,100095,100,99528,100,100153,100,99461,100,,,99457,100,,,99452,100,,,99408,100,,,99400,100
2019-06-28 09:49:30.000000000,99897,302,99763,202,99955,202,99701,202,99964,202,99537,202,100094,202,99528,202,100095,100,99461,100,100153,100,99457,100,,,99452,100,,,99408,100,,,99400,100,,,99383,100
2019-06-28 09:49:33.270283346,99897,302,99763,102,99955,202,99701,202,99964,202,99537,202,100094,202,99528,202,100095,100,99461,100,100153,100,99457,100,,,99452,100,,,99408,100,,,99400,100,,,99383,100
2019-06-28 09:49:40.000000000,99897,302,99701,202,99955,202,99537,202,99964,202,99528,202,100094,202,99461,202,100095,100,99457,100,100153,100,99452,100,,,99408,100,,,99400,100,,,99383,100,,,99348,100
2019-06-28 09:49:50.000000000,99897,338,99701,238,99955,234,99537,234,99964,234,99528,234,100094,100,99461,100,100095,100,99457,100,100153,100,99452,100,,,99408,100,,,99400,100,,,99383,100,,,99348,100
2019-06-28 09:50:00.000000000,99897,281,99701,181,99955,181,99537,181,99964,181,99528,181,100094,181,99461,181,100095,181,99457,181,100153,100,99452,100,,,99408,100,,,99400,100,,,99383,100,,,99348,100
2019-06-28 09:50:10.000000000,99897,281,99701,181,99955,181,99537,181,99964,181,99528,181,100094,181,99461,181,100095,181,99457,181,100153,100,99452,100,,,99408,100,,,99400,100,,,99383,100,,,99348,100
2019-06-28 09:50:20.000000000,99897,606,99701,506,99955,100,99537,100,99964,100,99528,100,100094,100,99461,100,100095,100,99457,100,100153,100,99452,100,,,99408,100,,,99400,100,,,99383,100,,,99348,100
2019-06-28 09:50:26.685971981,99897,606,99701,406,99955,100,99537,100,99964,100,99528,100,100094,100,99461,100,100095,100,99457,100,100153,100,99452,100,,,99408,100,,,99400,100,,,99383,100,,,99348,100
2019-06-28 09:50:30.000000000,99897,403,99537,303,99955,303,99528,303,99964,100,99461,100,100094,100,99457,100,100095,100,99452,100,100153,100,99408,100,,,99400,100,,,99383,100,,,99348,100,,,99289,100
2019-06-28 09:50:40.000000000,99897,338,99537,238,99955,234,99528,234,99964,234,99461,234,100094,100,99457,100,100095,100,99452,100,100153,100,99408,100,,,99400,100,,,99383,100,,,99348,100,,,99289,100
2019-06-28 09:50:50.000000000,99897,606,99537,506,99955,100,99528,100,99964,100,99461,100,100094,100,99457,100,100095,100,99452,100,100153,100,99408,100,,,99400,100,,,99383,100,,,99348,100,,,99289,100
2019-06-28 09:50:52.598679023,99897,606,99537,506,99955,100,99528,100,99964,100,99461,100,100094,100,99457,100,100095,100,99452,100,100153,100,99408,100,,,99400,100,,,99383,100,,,99348,100,,,99289,100
2019-06-28 09:51:00.000000000,99897,403,99537,303,99955,303,99528,303,99964,100,99461,100,100094,100,99457,100,100095,100,99452,100,100153,100,99408,100,,,99400,100,,,99383,100,,,99348,100,,,99289,100
2019-06-28 09:51:01.268917993,99897,403,99537,203,99955,303,99528,303,99964,100,99461,100,100094,100,99457,100,100095,100,99452,100,100153,100,99408,100,,,99400,100,,,99383,100,,,99348,100,,,99289,100
2019-06-28 09:51:05.757348941,99897,403,99537,203,99955,303,99528,303,99964,100,99461,100,100094,100,99457,100,100095,100,99452,100,100153,100,99408,100,,,99400,100,,,99383,100,,,99348,100,,,99289,100
2019-06-28 09:51:10.000000000,99897,281,99528,181,99955,181,99461,181,99964,181,99457,181,100094,181,99452,181,100095,181,99408,181,100153,100,99400,100,,,99383,100,,,99348,100,,,99289,100,,,99253,100
2019-06-28 09:51:20.000000000,99897,403,99528,303,99955,303,99461,303,99964,100,99457,100,100094,100,99452,100,100095,100,99408,100,100153,100,99400,100,,,99383,100,,,99348,100,,,99289,100,,,99253,100
2019-06-28 09:51:30.000000000,99897,338,99528,238,99955,234,99461,234,99964,234,99457,234,100094,100,99452,100,100095,100,99408,100,100153,100,99400,100,,,99383,100,,,99348,100,,,99289,100,,,99253,100
2019-06-28 09:51:40.000000000,99897,338,99528,238,99955,234,99461,234,99964,234,99457,234,100094,100,99452,100,100095,100,99408,100,100153,100,99400,100,,,99383,100,,,99348,100,,,99289,100,,,99253,100
2019-06-28 09:51:50.000000000,99897,403,99528,303,99955,303,99461,303,99964,100,99457,100,100094,100,99452,100,100095,100,99408,100,100153,100,99400,100,,,99383,100,,,99348,100,,,99289,100,,,99253,100
2019-06-28 09:51:51.906493112,99746,100,99528,303,99897,403,99461,303,99955,303,99457,100,99964,100,99452,100,100094,100,99408,100,100095,100,99400,100,100153,100,99383,100,,,99348,100,,,99289,100,,,99253,100
2019-06-28 09:52:00.000000000,99746,238,99528,238,99897,334,99461,234,99955,234,99457,234,99964,100,99452,100,100094,100,99408,100,100095,100,99400,100,100153,100,99383,100,,,99348,100,,,99289,100,,,99253,100
2019-06-28 09:52:09.540795899,99746,238,99528,238,99897,334,99461,234,99955,234,99457,234,99964,100,99452,100,99997,100,99408,100,100094,100,99400,100,100095,100,99383,100,100153,100,99348,100,,,99289,100,,,99253,100
2019-06-28 09:52:10.000000000,99746,303,99528,303,99897,403,99461,303,99955,100,99457,100,99964,100,99452,100,99997,100,99408,100,100094,100,99400,100,100095,100,99383,100,100153,100,99348,100,,,99289,100,,,99253,100
2019-06-28 09:52:11.182403975,99746,303,99538,100,99897,403,99528,303,99955,100,99461,303,99964,100,99457,100,99997,100,99452,100,100094,100,99408,100,100095,100,99400,100,100153,100,99383,100,,,99348,100,,,99289,100
2019-06-28 09:52:20.000000000,99746,238,99538,238,99897,334,99528,234,99955,234,99461,234,99964,100,99457,100,99997,100,99452,100,100094,100,99408,100,100095,100,99400,100,100153,100,99383,100,,,99348,100,,,99289,100
2019-06-28 09:52:21.525901853,99745,100,99538,238,99746,238,99528,234,99897,334,99461,234,99955,234,99457,100,99964,100,99452,100,99997,100,99408,100,100094,100,99400,100,100095,100,99383,100,100153,100,99348,100,,,99289,100
2019-06-28 09:52:30.000000000,99745,202,99538,202,99746,202,99528,202,99897,302,99461,202,99955,202,99457,202,99964,100,99452,100,99997,100,99408,100,100094,100,99400,100,100095,100,99383,100,100153,100,99348,100,,,99289,100
2019-06-28 09:52:32.555180092,99745,102,99538,202,99746,202,99528,202,99897,302,99461,202,99955,202,99457,202,99964,100,99452,100,100094,100,99408,100,100095,100,99400,100,100153,100,99383,100,,,99348,100,,,99289,100
2019-06-28 09:52:39.113068323,99745,102,99538,202,99746,202,99528,202,99897,302,99461,202,99955,202,99457,202,100094,100,99452,100,100095,100,99408,100,100153,100,99400,100,,,99383,100,,,99348,100,,,99289,100
2019-06-28 09:52:40.000000000,99746,202,99538,202,99897,302,99528,202,99955,202,99461,202,100094,202,99457,202,100095,100,99452,100,100153,100,99408,100,,,99400,100,,,99383,100,,,99348,100,,,99289,100
2019-06-28 09:52:50.000000000,99746,303,99538,303,99897,403,99528,303,99955,100,99461,100,100094,100,99457,100,100095,100,99452,100,100153,100,99408,100,,,99400,100,,,99383,100,,,99348,100,,,99289,100
2019-06-28 09:52:59.597898916,99746,303,99539,100,99897,403,99538,303,99955,100,99528,303,100094,100,99461,100,100095,100,99457,100,100153,100,99452,100,,,99408,100,,,99400,100,,,99383,100,,,99348,100
2019-06-28 09:53:00.000000000,99746,202,99539,202,99897,302,99538,202,99955,202,99528,202,100094,202,99461,202,100095,100,99457,100,100153,100,99452,100,,,99408,100,,,99400,100,,,99383,100,,,99348,100
2019-06-28 09:53:10.000000000,99746,181,99539,181,99897,281,99538,181,99955,181,99528,181,100094,181,99461,181,100095,181,99457,181,100153,100,99452,100,,,99408,100,,,99400,100,,,99383,100,,,99348,100
2019-06-28 09:53:20.000000000,99746,202,99539,202,99897,302,99538,202,99955,202,99528,202,100094,202,99461,202,100095,100,99457,100,100153,100,99452,100,,,99408,100,,,99400,100,,,99383,100,,,99348,100
2019-06-28 09:53:30.000000000,99746,181,99539,181,99897,281,99538,181,99955,181,99528,181,100094,181,99461,181,100095,181,99457,181,100153,100,99452,100,,,99408,100,,,99400,100,,,99383,100,,,99348,100
2019-06-28 09:53:33.091648501,99746,181,99539,181,99897,281,99538,181,99955,181,99528,181,99960,100,99461,181,100094,181,99457,181,100095,181,99452,100,100153,100,99408,100,,,99400,100,,,99383,100,,,99348,100
2019-06-28 09:53:37.955651628,99746,181,99539,181,99897,281,99538,181,99955,181,99528,181,99960,100,99461,181,99975,100,99457,181,100094,181,99452,100,100095,181,99408,100,100153,100,99400,100,,,99383,100,,,99348,100
2019-06-28 09:53:40.000000000,99746,506,99539,506,99897,200,99538,100,99955,100,99528,100,99960,100,99461,100,99975,100,99457,100,100094,100,99452,100,100095,100,99408,100,100153,100,99400,100,,,99383,100,,,99348,100
2019-06-28 09:53:42.286489827,99746,506,99539,506,99897,200,99538,100,99955,100,99528,100,99960,100,99461,100,99975,100,99457,100,100094,100,99452,100,100095,100,99408,100,100153,100,99383,100,100217,100,99348,100,,,99289,100
2019-06-28 09:53:46.170006414,99746,506,99539,506,99897,100,99538,100,99955,100,99528,100,99960,100,99461,100,99975,100,99457,100,100094,100,99452,100,100095,100,99408,100,100153,100,99383,100,100217,100,99348,100,,,99289,100
2019-06-28 09:53:50.000000000,99746,303,99539,303,99897,303,99538,303,99955,100,99528,100,99960,100,99461,100,99975,100,99457,100,100094,100,99452,100,100095,100,99408,100,100153,100,99383,100,100217,100,99348,100,,,99289,100
2019-06-28 09:53:58.083740835,99746,303,99539,303,99897,303,99538,303,99955,100,99528,100,99960,100,99461,100,99975,100,99457,100,100029,100,99452,100,100094,100,99408,100,100095,100,99383,100,100153,100,99348,100,100217,100,99289,100
2019-06-28 09:53:58.524182175,99746,303,99539,303,99893,100,99538,303,99897,303,99528,100,99955,100,99461,100,99960,100,99457,100,99975,100,99452,100,100029,100,99408,100,100094,100,99383,100,100095,100,99348,100,100153,100,99289,100
2019-06-28 09:54:00.000000000,99746,202,99539,202,99893,202,99538,202,99897,202,99528,202,99955,202,99461,202,99960,100,99457,100,99975,100,99452,100,100029,100,99408,100,100094,100,99383,100,100095,100,99348,100,100153,100,99289,100
2019-06-28 09:54:09.809474767,99746,202,99539,202,99893,202,99538,202,99897,202,99528,202,99955,202,99461,202,99960,100,99457,100,99975,100,99452,100,100029,100,99408,100,100094,100,99383,100,100095,100,99348,100,100110,100,99289,100
2019-06-28 09:54:10.000000000,99746,506,99539,506,99893,100,99538,100,99897,100,99528,100,99955,100,99461,100,99960,100,99457,100,99975,100,99452,100,100029,100,99408,100,100094,100,99383,100,100095,100,99348,100,100110,100,99289,100
2019-06-28 09:54:10.230581188,99746,506,99539,606,99893,100,99538,100,99897,100,99528,100,99955,100,99461,100,99960,100,99457,100,99975,100,99452,100,100029,100,99408,100,100094,100,99383,100,100095,100,99348,100,100110,100,99289,100
2019-06-28 09:54:20.000000000,99746,303,99539,403,99893,303,99538,303,99897,100,99528,100,99955,100,99461,100,99960,100,99457,100,99975,100,99452,100,100029,100,99408,100,100094,100,99383,100,100095,100,99348,100,100110,100,99289,100
2019-06-28 09:54:30.000000000,99746,506,99539,606,99893,100,99538,100,99897,100,99528,100,99955,100,99461,100,99960,100,99457,100,99975,100,99452,100,100029,100,99408,100,100094,100,99383,100,100095,100,99348,100,100110,100,99289,100
2019-06-28 09:54:36.885587413,99746,506,99539,606,99893,100,99538,100,99897,100,99528,100,99900,100,99461,100,99955,100,99457,100,99960,100,99452,100,100029,100,99408,100,100094,100,99383,100,100095,100,99348,100,100110,100,99289,100
2019-06-28 09:54:40.000000000,99746,238,99539,338,99893,234,99538,234,99897,234,99528,234,99900,100,99461,100,99955,100,99457,100,99960,100,99452,100,100029,100,99408,100,100094,100,99383,100,100095,100,99348,100,100110,100,99289,100
2019-06-28 09:54:50.000000000,99746,181,99539,281,99893,181,99538,181,99897,181,99528,181,99900,181,99461,181,99955,181,99457,181,99960,100,99452,100,100029,100,99408,100,100094,100,99383,100,100095,100,99348,100,100110,100,99289,100
2019-06-28 09:55:00.000000000,99746,181,99539,281,99893,181,99538,181,99897,181,99528,181,99900,181,99461,181,99955,181,99457,181,99960,100,99452,100,100029,100,99408,100,100094,100,99383,100,100095,100,99348,100,100110,100,99289,100
2019-06-28 09:55:10.000000000,99746,303,99539,403,99893,303,99538,303,99897,100,99528,100,99900,100,99461,100,99955,100,99457,100,99960,100,99452,100,100029,100,99408,100,100094,100,99383,100,100095,100,99348,100,100110,100,99289,100
2019-06-28 09:55:20.000000000,99746,506,99539,606,99893,100,99538,100,99897,100,99528,100,99900,100,99461,100,99955,100,99457,100,99960,100,99452,100,100029,100,99408,100,100094,100,99383,100,100095,100,99348,100,100110,100,99289,100
2019-06-28 09:55:30.000000000,99746,303,99539,403,99893,303,99538,303,99897,100,99528,100,99900,100,99461,100,99955,100,99457,100,99960,100,99452,100,100029,100,99408,100,100094,100,99383,100,100095,100,99348,100,100110,100,99289,100
2019-06-28 09:55:40.000000000,99746,202,99539,302,99893,202,99538,202,99897,202,99528,202,99900,202,99461,202,99955,100,99457,100,99960,100,99452,100,100029,100,99408,100,100094,100,99383,100,100095,100,99348,100,100110,100,99289,100
2019-06-28 09:55:50.000000000,99746,202,99539,302,99893,202,99538,202,99897,202,99528,202,99900,202,99461,202,99955,100,99457,100,99960,100,99452,100,100029,100,99408,100,100094,100,99383,100,100095,100,99348,100,100110,100,99289,100
2019-06-28 09:56:00.000000000,99746,238,99539,338,99893,234,99538,234,99897,234,99528,234,99900,100,99461,100,99955,100,99457,100,99960,100,99452,100,100029,100,99408,100,100094,100,99383,100,100095,100,99348,100,100110,100,99289,100
2019-06-28 09:56:10.000000000,99746,202,99539,302,99893,202,99538,202,99897,202,99528,202,99900,202,99461,202,99955,100,99457,100,99960,100,99452,100,100029,100,99408,100,100094,100,99383,100,100095,100,99348,100,100110,100,99289,100
2019-06-28 09:56:10.889012999,99746,202,99539,302,99893,202,99538,202,99897,202,99528,202,99900,202,99461,202,99955,100,99457,100,99960,100,99452,100,100029,100,99408,100,100094,100,99383,100,100095,100,99348,100,100110,100,99289,100
2019-06-28 09:56:14.350801105,99746,202,99539,402,99893,202,99538,202,99897,202,99528,202,99900,202,99461,202,99955,100,99457,100,99960,100,99452,100,100029,100,99408,100,100094,100,99383,100,100095,100,99348,100,100110,100,99289,100
2019-06-28 09:56:20.000000000,99746,181,99539,381,99893,181,99538,181,99897,181,99528,181,99900,181,99461,181,99955,181,99457,181,99960,100,99452,100,100029,100,99408,100,100094,100,99383,100,100095,100,99348,100,100110,100,99289,100
2019-06-28 09:56:30.000000000,99746,506,99539,706,99893,100,99538,100,99897,100,99528,100,99900,100,99461,100,99955,100,99457,100,99960,100,99452,100,100029,100,99408,100,100094,100,99383,100,100095,100,99348,100,100110,100,99289,100
2019-06-28 09:56:40.000000000,99746,303,99539,503,99893,303,99538,303,99897,100,99528,100,99900,100,99461,100,99955,100,99457,100,99960,100,99452,100,100029,100,99408,100,100094,100,99383,100,100095,100,99348,100,100110,100,99289,100
2019-06-28 09:56:50.000000000,99746,238,99539,438,99893,234,99538,234,99897,234,99528,234,99900,100,99461,100,99955,100,99457,100,99960,100,99452,100,100029,100,99408,100,100094,100,99383,100,100095,100,99348,100,100110,100,99289,100
2019-06-28 09:57:00.000000000,99746,202,99539,402,99893,202,99538,202,99897,202,99528,202,99900,202,99461,202,99955,100,99457,100,99960,100,99452,100,100029,100,99408,100,100094,100,99383,100,100095,100,99348,100,100110,100,99289,100
2019-06-28 09:57:10.000000000,99746,238,99539,438,99893,234,99538,234,99897,234,99528,234,99900,100,99461,100,99955,100,99457,100,99960,100,99452,100,100029,100,99408,100,100094,100,99383,100,100095,100,99348,100,100110,100,99289,100
2019-06-28 09:57:20.000000000,99746,238,99539,438,99893,234,99538,234,99897,234,99528,234,99900,100,99461,100,99955,100,99457,100,99960,100,99452,100,100029,100,99408,100,100094,100,99383,100,100095,100,99348,100,100110,100,99289,100
2019-06-28 09:57:25.059699418,99746,238,99539,538,99893,234,99538,234,99897,234,99528,234,99900,100,99461,100,99955,100,99457,100,99960,100,99452,100,100029,100,99408,100,100094,100,99383,100,100095,100,99348,100,100110,100,99289,100
2019-06-28 09:57:30.000000000,99746,181,99539,481,99893,181,99538,181,99897,181,99528,181,99900,181,99461,181,99955,181,99457,181,99960,100,99452,100,100029,100,99408,100,100094,100,99383,100,100095,100,99348,100,100110,100,99289,100
2019-06-28 09:57:40.000000000,99746,303,99539,603,99893,303,99538,303,99897,100,99528,100,99900,100,99461,100,99955,100,99457,100,99960,100,99452,100,100029,100,99408,100,100094,100,99383,100,100095,100,99348,100,100110,100,99289,100
2019-06-28 09:57:50.000000000,99746,303,99539,603,99893,303,99538,303,99897,100,99528,100,99900,100,99461,100,99955,100,99457,100,99960,100,99452,100,100029,100,99408,100,100094,100,99383,100,100095,100,99348,100,100110,100,99289,100
2019-06-28 09:58:00.000000000,99746,202,99539,502,99893,202,99538,202,99897,202,99528,202,99900,202,99461,202,99955,100,99457,100,99960,100,99452,100,100029,100,99408,100,100094,100,99383,100,100095,100,99348,100,100110,100,99289,100
2019-06-28 09:58:10.000000000,99746,181,99539,481,99893,181,99538,181,99897,181,99528,181,99900,181,99461,181,99955,181,99457,181,99960,100,99452,100,100029,100,99408,100,100094,100,99383,100,100095,100,99348,100,100110,100,99289,100
2019-06-28 09:58:20.000000000,99746,303,99539,603,99893,303,99538,303,99897,100,99528,100,99900,100,99461,100,99955,100,99457,100,99960,100,99452,100,100029,100,99408,100,100094,100,99383,100,100095,100,99348,100,100110,100,99289,100
2019-06-28 09:58:24.330285298,99746,303,99539,603,99893,303,99538,303,99897,100,99528,100,99900,100,99461,100,99955,100,99457,100,99960,100,99452,100,100029,100,99408,100,100095,100,99383,100,100110,100,99348,100,100153,100,99289,100
2019-06-28 09:58:30.000000000,99746,303,99539,603,99893,303,99538,303,99897,100,99528,100,99900,100,99461,100,99955,100,99457,100,99960,100,99452,100,100029,100,99408,100,100095,100,99383,100,100110,100,99348,100,100153,100,99289,100
2019-06-28 09:58:40.000000000,99746,303,99539,603,99893,303,99538,303,99897,100,99528,100,99900,100,99461,100,99955,100,99457,100,99960,100,99452,100,100029,100,99408,100,100095,100,99383,100,100110,100,99348,100,100153,100,99289,100
2019-06-28 09:58:50.000000000,99746,181,99539,481,99893,181,99538,181,99897,181,99528,181,99900,181,99461,181,99955,181,99457,181,99960,100,99452,100,100029,100,99408,100,100095,100,99383,100,100110,100,99348,100,100153,100,99289,100
2019-06-28 09:58:57.283947741,99746,181,99539,581,99893,181,99538,181,99897,181,99528,181,99900,181,99461,181,99955,181,99457,181,99960,100,99452,100,100029,100,99408,100,100095,100,99383,100,100110,100,99348,100,100153,100,99289,100
2019-06-28 09:59:00.000000000,99746,202,99539,602,99893,202,99538,202,99897,202,99528,202,99900,202,99461,202,99955,100,99457,100,99960,100,99452,100,100029,100,99408,100,100095,100,99383,100,100110,100,99348,100,100153,100,99289,100
2019-06-28 09:59:09.128684029,99746,102,99539,602,99893,202,99538,202,99897,202,99528,202,99900,202,99461,202,99955,100,99457,100,99960,100,99452,100,100029,100,99408,100,100095,100,99383,100,100110,100,99348,100,100153,100,99289,100
2019-06-28 09:59:10.000000000,99893,202,99539,602,99897,202,99538,202,99900,202,99528,202,99955,202,99461,202,99960,100,99457,100,100029,100,99452,100,100095,100,99408,100,100110,100,99383,100,100153,100,99348,100,100217,100,99289,100
2019-06-28 09:59:20.000000000,99893,303,99539,703,99897,303,99538,303,99900,100,99528,100,99955,100,99461,100,99960,100,99457,100,100029,100,99452,100,100095,100,99408,100,100110,100,99383,100,100153,100,99348,100,100217,100,99289,100
2019-06-28 09:59:27.006649518,99893,303,99539,703,99897,303,99538,303,99900,100,99528,100,99955,100,99461,100,99960,100,99457,100,100029,100,99452,100,100095,100,99408,100,100110,100,99383,100,100153,100,99348,100,100217,100,99289,100
2019-06-28 09:59:30.000000000,99893,238,99539,638,99897,234,99538,234,99900,234,99528,234,99955,100,99461,100,99960,100,99457,100,100029,100,99452,100,100095,100,99408,100,100110,100,99383,100,100153,100,99348,100,100217,100,99289,100
2019-06-28 09:59:40.000000000,99893,238,99539,638,99897,234,99538,234,99900,234,99528,234,99955,100,99461,100,99960,100,99457,100,100029,100,99452,100,100095,100,99408,100,100110,100,99383,100,100153,100,99348,100,100217,100,99289,100
2019-06-28 09:59:50.000000000,99893,303,99539,703,99897,303,99538,303,99900,100,99528,100,99955,100,99461,100,99960,100,99457,100,100029,100,99452,100,100095,100,99408,100,100110,100,99383,100,100153,100,99348,100,100217,100,99289,100
2019-06-28 09:59:50.603980629,99893,203,99539,703,99897,303,99538,303,99900,100,99528,100,99955,100,99461,100,99960,100,99457,100,100029,100,99452,100,100095,100,99408,100,100110,100,99383,100,100153,100,99348,100,100217,100,99289,100
2019-06-28 09:59:55.981499183,99893,203,99539,703,99897,303,99538,303,99900,100,99528,100,99955,100,99461,100,99960,100,99457,100,100029,100,99452,100,100095,100,99408,100,100110,100,99383,100,100153,100,99348,100,100217,100,99289,100
2019-06-28 10:00:00.000000000,99897,181,99539,581,99900,181,99538,181,99955,181,99528,181,99960,181,99461,181,100029,181,99457,181,100095,100,99452,100,100110,100,99408,100,100153,100,99383,100,100217,100,99348,100,100558,100,99289,100
2019-06-28 10:00:09.081525973,99897,181,99539,481,99900,181,99538,181,99955,181,99528,181,99960,181,99461,181,100029,181,99457,181,100095,100,99452,100,100110,100,99408,100,100153,100,99383,100,100217,100,99348,100,100558,100,99289,100
2019-06-28 10:00:09.522250587,99897,81,99539,481,99900,181,99538,181,99955,181,99528,181,99960,181,99461,181,100029,181,99457,181,100110,100,99452,100,100153,100,99408,100,100217,100,99383,100,100558,100,99348,100,100568,100,99289,100
2019-06-28 10:00:10.000000000,99900,238,99539,538,99955,234,99538,234,99960,234,99528,234,100029,100,99461,100,100110,100,99457,100,100153,100,99452,100,100217,100,99408,100,100558,100,99383,100,100568,100,99348,100,100775,100,99289,100
2019-06-28 10:00:13.139635071,99900,138,99539,538,99955,234,99538,234,99960,234,99528,234,100029,100,99461,100,100110,100,99457,100,100153,100,99452,100,100217,100,99408,100,100558,100,99383,100,100568,100,99348,100,100775,100,99289,100
2019-06-28 10:00:14.800567060,99900,138,99539,538,99955,234,99538,234,99960,234,99528,234,100029,100,99461,100,100110,100,99452,100,100153,100,99408,100,100217,100,99383,100,100558,100,99348,100,100568,100,99289,100,100775,100,99253,100
2019-06-28 10:00:20.000000000,99955,181,99539,481,99960,181,99538,181,100029,181,99528,181,100110,181,99461,181,100153,181,99452,181,100217,100,99408,100,100558,100,99383,100,100568,100,99348,100,100775,100,99289,100,100882,100,99253,100
2019-06-28 10:00:28.324375594,99955,181,99539,481,99960,181,99538,181,100029,181,99528,81,100110,181,99461,181,100153,181,99452,181,100217,100,99408,100,100558,100,99383,100,100568,100,99348,100,100775,100,99289,100,100882,100,99253,100
2019-06-28 10:00:30.000000000,99955,238,99539,538,99960,234,99538,234,100029,234,99461,234,100110,100,99452,100,100153,100,99408,100,100217,100,99383,100,100558,100,99348,100,100568,100,99289,100,100775,100,99253,100,100882,100,99233,100
2019-06-28 10:00:36.396078372,99955,238,99897,100,99960,234,99539,538,100029,234,99538,234,100110,100,99461,234,100153,100,99452,100,100217,100,99408,100,100558,100,99383,100,100568,100,99348,100,100775,100,99289,100,100882,100,99253,100
2019-06-28 10:00:40.000000000,99955,181,99897,181,99960,181,99539,481,100029,181,99538,181,100110,181,99461,181,100153,181,99452,181,100217,100,99408,100,100558,100,99383,100,100568,100,99348,100,100775,100,99289,100,100882,100,99253,100
2019-06-28 10:00:47.179767074,99955,181,99897,181,99960,181,99539,481,100029,181,99538,181,100110,181,99461,181,100153,181,99452,81,100217,100,99408,100,100558,100,99383,100,100568,100,99348,100,100775,100,99289,100,100882,100,99253,100
2019-06-28 10:00:50.000000000,99955,181,99897,181,99960,181,99539,481,100029,181,99538,181,100110,181,99461,181,100153,181,99408,181,100217,100,99383,100,100558,100,99348,100,100568,100,99289,100,100775,100,99253,100,100882,100,99233,100
2019-06-28 10:00:52.948004524,99955,81,99897,181,99960,181,99539,481,100029,181,99538,181,100110,81,99461,181,100153,181,99408,181,100217,100,99383,100,100558,100,99348,100,100568,100,99289,100,100775,100,99253,100,100882,100,99233,100
2019-06-28 10:01:00.000000000,99960,238,99897,238,100029,234,99539,534,100153,234,99538,234,100217,100,99461,100,100558,100,99408,100,100568,100,99383,100,100775,100,99348,100,100882,100,99289,100,101005,100,99253,100,101065,100,99233,100
2019-06-28 10:01:10.000000000,99960,202,99897,202,100029,202,99539,502,100153,202,99538,202,100217,202,99461,202,100558,100,99408,100,100568,100,99383,100,100775,100,99348,100,100882,100,99289,100,101005,100,99253,100,101065,100,99233,100
2019-06-28 10:01:10.384047249,99960,202,99900,100,100029,202,99897,202,100153,202,99539,402,100217,202,99538,202,100558,100,99461,202,100568,100,99408,100,100775,100,99383,100,100882,100,99348,100,101005,100,99289,100,101065,100,99253,100
2019-06-28 10:01:20.000000000,99960,181,99900,181,100029,181,99897,181,100153,181,99539,381,100217,181,99538,181,100558,181,99461,181,100568,100,99408,100,100775,100,99383,100,100882,100,99348,100,101005,100,99289,100,101065,100,99253,100
2019-06-28 10:01:21.215988928,99960,181,99900,181,100029,181,99897,181,100153,181,99539,281,100217,181,99538,181,100558,181,99461,181,100568,100,99408,100,100775,100,99383,100,100882,100,99348,100,101005,100,99289,100,101065,100,99253,100
2019-06-28 10:01:30.000000000,99960,238,99900,238,100029,234,99897,234,100153,234,99539,334,100217,100,99538,100,100558,100,99461,100,100568,100,99408,100,100775,100,99383,100,100882,100,99348,100,101005,100,99289,100,101065,100,99253,100
2019-06-28 10:01:38.973911692,99960,138,99900,238,100029,234,99897,234,100153,234,99539,334,100217,100,99538,100,100558,100,99461,100,100568,100,99408,100,100775,100,99383,100,100882,100,99348,100,101005,100,99289,100,101065,100,99253,100
2019-06-28 10:01:40.000000000,100029,238,99900,238,100153,234,99897,234,100217,234,99539,334,100558,100,99538,100,100568,100,99461,100,100775,100,99408,100,100882,100,99383,100,101005,100,99348,100,101065,100,99289,100,,,99253,100
2019-06-28 10:01:50.000000000,100029,506,99900,506,100153,100,99897,100,100217,100,99539,200,100558,100,99538,100,100568,100,99461,100,100775,100,99408,100,100882,100,99383,100,101005,100,99348,100,101065,100,99289,100,,,99253,100
2019-06-28 10:01:57.840057350,100029,406,99900,506,100153,100,99897,100,100217,100,99539,200,100558,100,99538,100,100568,100,99461,100,100775,100,99408,100,100882,100,99383,100,101005,100,99348,100,101065,100,99289,100,,,99253,100
2019-06-28 10:01:59.854604718,100029,406,99960,100,100153,100,99900,506,100217,100,99897,100,100558,100,99539,200,100568,100,99538,100,100775,100,99461,100,100882,100,99408,100,101005,100,99383,100,101065,100,99348,100,,,99289,100
2019-06-28 10:02:00.000000000,100153,506,99960,506,100217,100,99900,100,100558,100,99897,100,100568,100,99539,200,100775,100,99538,100,100882,100,99461,100,101005,100,99408,100,101065,100,99383,100,,,99348,100,,,99289,100
2019-06-28 10:02:10.000000000,100153,303,99960,303,100217,303,99900,303,100558,100,99897,100,100568,100,99539,200,100775,100,99538,100,100882,100,99461,100,101005,100,99408,100,101065,100,99383,100,,,99348,100,,,99289,100
2019-06-28 10:02:18.795207254,100153,303,99990,100,100217,303,99960,303,100558,100,99900,303,100568,100,99897,100,100775,100,99539,200,100882,100,99538,100,101005,100,99461,100,101065,100,99408,100,,,99383,100,,,99348,100
2019-06-28 10:02:20.000000000,100153,238,99990,238,100217,234,99960,234,100558,234,99900,234,100568,100,99897,100,100775,100,99539,200,100882,100,99538,100,101005,100,99461,100,101065,100,99408,100,,,99383,100,,,99348,100
2019-06-28 10:02:24.612376069,100153,238,100055,100,100217,234,99990,238,100558,234,99960,234,100568,100,99900,234,100775,100,99897,100,100882,100,99539,200,101005,100,99538,100,101065,100,99461,100,,,99408,100,,,99383,100
2019-06-28 10:02:30.000000000,100153,506,100055,506,100217,100,99990,100,100558,100,99960,100,100568,100,99900,100,100775,100,99897,100,100882,100,99539,200,101005,100,99538,100,101065,100,99461,100,,,99408,100,,,99383,100
2019-06-28 10:02:30.783447727,100153,506,100055,506,100217,100,99990,100,100290,100,99960,100,100558,100,99900,100,100568,100,99897,100,100882,100,99539,200,101005,100,99538,100,101065,100,99461,100,,,99408,100,,,99383,100
2019-06-28 10:02:37.187791713,100153,506,100055,506,100217,100,99990,100,100290,100,99960,100,100299,100,99900,100,100558,100,99897,100,100568,100,99539,200,100882,100,99538,100,101005,100,99461,100,101065,100,99408,100,,,99383,100
2019-06-28 10:02:40.000000000,100153,238,100055,238,100217,234,99990,234,100290,234,99960,234,100299,100,99900,100,100558,100,99897,100,100568,100,99539,200,100882,100,99538,100,101005,100,99461,100,101065,100,99408,100,,,99383,100
2019-06-28 10:02:50.000000000,100153,303,100055,303,100217,303,99990,303,100290,100,99960,100,100299,100,99900,100,100558,100,99897,100,100568,100,99539,200,100882,100,99538,100,101005,100,99461,100,101065,100,99408,100,,,99383,100
2019-06-28 10:02:56.841412241,100153,303,100055,203,100217,303,99990,303,100290,100,99960,100,100299,100,99900,100,100558,100,99897,100,100568,100,99539,200,100882,100,99538,100,101065,100,99461,100,,,99408,100,,,99383,100
2019-06-28 10:02:57.429437581,100153,303,100055,203,100217,303,99990,303,100299,100,99960,100,100558,100,99955,100,100568,100,99900,100,100882,100,99897,100,101065,100,99539,200,,,99538,100,,,99461,100,,,99408,100
2019-06-28 10:03:00.000000000,100153,181,99990,181,100217,181,99960,181,100299,181,99955,181,100558,181,99900,181,100568,181,99897,181,100882,100,99539,200,101065,100,99538,100,,,99461,100,,,99408,100,,,99383,100
2019-06-28 10:03:10.000000000,100153,238,99990,238,100217,234,99960,234,100299,234,99955,234,100558,100,99900,100,100568,100,99897,100,100882,100,99539,200,101065,100,99538,100,,,99461,100,,,99408,100,,,99383,100
2019-06-28 10:03:20.000000000,100153,303,99990,303,100217,303,99960,303,100299,100,99955,100,100558,100,99900,100,100568,100,99897,100,100882,100,99539,200,101065,100,99538,100,,,99461,100,,,99408,100,,,99383,100
2019-06-28 10:03:30.000000000,100153,202,99990,202,100217,202,99960,202,100299,202,99955,202,100558,202,99900,202,100568,100,99897,100,100882,100,99539,200,101065,100,99538,100,,,99461,100,,,99408,100,,,99383,100
2019-06-28 10:03:40.000000000,100153,202,99990,202,100217,202,99960,202,100299,202,99955,202,100558,202,99900,202,100568,100,99897,100,100882,100,99539,200,101065,100,99538,100,,,99461,100,,,99408,100,,,99383,100
2019-06-28 10:03:50.000000000,100153,238,99990,238,100217,234,99960,234,100299,234,99955,234,100558,100,99900,100,100568,100,99897,100,100882,100,99539,200,101065,100,99538,100,,,99461,100,,,99408,100,,,99383,100
2019-06-28 10:03:50.176398268,100153,238,99990,138,100217,234,99960,234,100299,234,99955,234,100558,100,99900,100,100882,100,99897,100,101065,100,99539,200,,,99538,100,,,99461,100,,,99408,100,,,99383,100
2019-06-28 10:03:56.883725368,100153,238,99990,138,100217,234,99960,234,100299,234,99955,234,100558,100,99900,100,100882,100,99897,100,101065,100,99539,100,,,99538,100,,,99461,100,,,99408,100,,,99383,100
2019-06-28 10:04:00.000000000,100153,238,99960,238,100217,234,99955,234,100299,234,99900,234,100558,100,99897,100,100882,100,99539,100,101065,100,99538,100,,,99461,100,,,99408,100,,,99383,100,,,99348,100
2019-06-28 10:04:05.337239094,100153,238,99960,138,100217,234,99955,234,100299,234,99900,234,100558,100,99897,100,100882,100,99539,100,101065,100,99538,100,,,99461,100,,,99408,100,,,99383,100,,,99348,100
2019-06-28 10:04:10.000000000,100153,181,99955,181,100217,181,99900,181,100299,181,99897,181,100558,181,99539,181,100882,181,99538,181,101065,100,99461,100,,,99408,100,,,99383,100,,,99348,100,,,99253,100
2019-06-28 10:04:20.000000000,100153,181,99955,181,100217,181,99900,181,100299,181,99897,181,100558,181,99539,181,100882,181,99538,181,101065,100,99461,100,,,99408,100,,,99383,100,,,99348,100,,,99253,100
2019-06-28 10:04:24.078759260,100153,181,99955,181,100217,181,99900,181,100299,181,99897,181,100558,181,99539,181,100882,181,99538,181,101065,100,99461,100,,,99460,100,,,99408,100,,,99383,100,,,99348,100
2019-06-28 10:04:30.000000000,100153,506,99955,506,100217,100,99900,100,100299,100,99897,100,100558,100,99539,100,100882,100,99538,100,101065,100,99461,100,,,99460,100,,,99408,100,,,99383,100,,,99348,100
2019-06-28 10:04:31.475662887,99990,100,99955,506,100153,506,99900,100,100217,100,99897,100,100299,100,99539,100,100558,100,99538,100,100882,100,99461,100,101065,100,99460,100,,,99408,100,,,99383,100,,,99348,100
2019-06-28 10:04:34.762706507,99990,100,99955,406,100153,506,99900,100,100217,100,99897,100,100299,100,99539,100,100558,100,99538,100,100882,100,99461,100,101065,100,99460,100,,,99408,100,,,99383,100,,,99348,100
2019-06-28 10:04:37.662933821,99990,100,99955,306,100153,506,99900,100,100217,100,99897,100,100299,100,99539,100,100558,100,99538,100,100882,100,99461,100,101065,100,99460,100,,,99408,100,,,99383,100,,,99348,100
2019-06-28 10:04:40.000000000,99990,181,99900,181,100153,181,99897,181,100217,181,99539,181,100299,181,99538,181,100558,181,99461,181,100882,100,99460,100,101065,100,99408,100,,,99383,100,,,99348,100,,,99253,100
2019-06-28 10:04:50.000000000,99990,202,99900,202,100153,202,99897,202,100217,202,99539,202,100299,202,99538,202,100558,100,99461,100,100882,100,99460,100,101065,100,99408,100,,,99383,100,,,99348,100,,,99253,100
2019-06-28 10:05:00.000000000,99990,238,99900,238,100153,234,99897,234,100217,234,99539,234,100299,100,99538,100,100558,100,99461,100,100882,100,99460,100,101065,100,99408,100,,,99383,100,,,99348,100,,,99253,100
2019-06-28 10:05:10.000000000,99990,181,99900,181,100153,181,99897,181,100217,181,99539,181,100299,181,99538,181,100558,181,99461,181,100882,100,99460,100,101065,100,99408,100,,,99383,100,,,99348,100,,,99253,100
2019-06-28 10:05:14.118204354,99990,181,99900,181,100153,181,99897,181,100217,181,99542,100,100299,181,99539,181,100558,181,99538,181,100882,100,99461,181,101065,100,99460,100,,,99408,100,,,99383,100,,,99348,100
2019-06-28 10:05:20.000000000,99990,181,99900,181,100153,181,99897,181,100217,181,99542,181,100299,181,99539,181,100558,181,99538,181,100882,100,99461,100,101065,100,99460,100,,,99408,100,,,99383,100,,,99348,100
2019-06-28 10:05:30.000000000,99990,506,99900,506,100153,100,99897,100,100217,100,99542,100,100299,100,99539,100,100558,100,99538,100,100882,100,99461,100,101065,100,99460,100,,,99408,100,,,99383,100,,,99348,100
2019-06-28 10:05:40.000000000,99990,303,99900,303,100153,303,99897,303,100217,100,99542,100,100299,100,99539,100,100558,100,99538,100,100882,100,99461,100,101065,100,99460,100,,,99408,100,,,99383,100,,,99348,100
2019-06-28 10:05:50.000000000,99990,506,99900,506,100153,100,99897,100,100217,100,99542,100,100299,100,99539,100,100558,100,99538,100,100882,100,99461,100,101065,100,99460,100,,,99408,100,,,99383,100,,,99348,100
2019-06-28 10:05:59.210956702,99955,100,99900,506,99990,506,99897,100,100153,100,99542,100,100217,100,99539,100,100299,100,99538,100,100558,100,99461,100,100882,100,99460,100,101065,100,99408,100,,,99383,100,,,99348,100
2019-06-28 10:06:00.000000000,99955,506,99900,506,99990,100,99897,100,100153,100,99542,100,100217,100,99539,100,100299,100,99538,100,100558,100,99461,100,100882,100,99460,100,101065,100,99408,100,,,99383,100,,,99348,100
2019-06-28 10:06:03.714923589,99955,506,99900,506,99990,100,99897,100,100153,100,99542,100,100217,100,99539,100,100299,100,99538,100,100558,100,99461,100,100882,100,99460,100,101065,100,99408,100,,,99383,100,,,99348,100
2019-06-28 10:06:10.000000000,99955,506,99900,506,99990,100,99897,100,100153,100,99542,100,100217,100,99539,100,100299,100,99538,100,100558,100,99461,100,100882,100,99460,100,101065,100,99408,100,,,99383,100,,,99348,100
2019-06-28 10:06:20.000000000,99955,181,99900,181,99990,181,99897,181,100153,181,99542,181,100217,181,99539,181,100299,181,99538,181,100558,100,99461,100,100882,100,99460,100,101065,100,99408,100,,,99383,100,,,99348,100
2019-06-28 10:06:22.843798145,99955,181,99900,81,99990,181,99897,181,100153,181,99542,181,100217,181,99539,181,100299,181,99538,181,100558,100,99461,100,100882,100,99460,100,101065,100,99408,100,,,99383,100,,,99348,100
2019-06-28 10:06:26.819417514,99900,19,99897,181,99955,181,99542,181,99990,181,99539,181,100153,181,99538,181,100217,181,99461,100,100299,181,99460,100,100558,100,99408,100,100882,100,99383,100,101065,100,99348,100,,,99253,100
2019-06-28 10:06:30.000000000,99900,222,99897,303,99955,303,99542,303,99990,100,99539,100,100153,100,99538,100,100217,100,99461,100,100299,100,99460,100,100558,100,99408,100,100882,100,99383,100,101065,100,99348,100,,,99253,100
2019-06-28 10:06:30.014675472,99900,222,99897,203,99955,303,99542,303,99990,100,99539,100,100153,100,99538,100,100217,100,99461,100,100299,100,99460,100,100558,100,99408,100,100882,100,99383,100,101065,100,99348,100,,,99253,100
2019-06-28 10:06:40.000000000,99900,425,99542,506,99955,100,99539,100,99990,100,99538,100,100153,100,99461,100,100217,100,99460,100,100299,100,99408,100,100558,100,99383,100,100882,100,99348,100,101065,100,99253,100,,,99233,100
2019-06-28 10:06:43.454541231,99899,100,99542,506,99900,425,99539,100,99955,100,99538,100,99990,100,99461,100,100153,100,99460,100,100217,100,99408,100,100299,100,99383,100,100558,100,99348,100,100882,100,99253,100,101065,100,99233,100
2019-06-28 10:06:50.000000000,99899,506,99542,506,99900,19,99539,100,99955,100,99538,100,99990,100,99461,100,100153,100,99460,100,100217,100,99408,100,100299,100,99383,100,100558,100,99348,100,100882,100,99253,100,101065,100,99233,100
2019-06-28 10:06:58.006109853,99899,506,99561,100,99900,19,99542,506,99955,100,99539,100,99990,100,99538,100,100153,100,99461,100,100217,100,99460,100,100299,100,99408,100,100558,100,99383,100,100882,100,99348,100,101065,100,99253,100
2019-06-28 10:07:00.000000000,99899,202,99561,202,99900,121,99542,202,99955,202,99539,202,99990,202,99538,202,100153,100,99461,100,100217,100,99460,100,100299,100,99408,100,100558,100,99383,100,100882,100,99348,100,101065,100,99253,100
2019-06-28 10:07:10.000000000,99899,238,99561,238,99900,153,99542,234,99955,234,99539,234,99990,100,99538,100,100153,100,99461,100,100217,100,99460,100,100299,100,99408,100,100558,100,99383,100,100882,100,99348,100,101065,100,99253,100
2019-06-28 10:07:19.595129502,99899,238,99870,100,99900,153,99561,238,99955,234,99542,234,99990,100,99539,234,100153,100,99538,100,100217,100,99461,100,100299,100,99460,100,100558,100,99408,100,100882,100,99383,100,101065,100,99348,100
2019-06-28 10:07:20.000000000,99899,506,99870,506,99900,19,99561,100,99955,100,99542,100,99990,100,99539,100,100153,100,99538,100,100217,100,99461,100,100299,100,99460,100,100558,100,99408,100,100882,100,99383,100,101065,100,99348,100
2019-06-28 10:07:27.749425414,99899,506,99870,506,99900,19,99728,100,99955,100,99561,100,99990,100,99539,100,100153,100,99538,100,100217,100,99461,100,100299,100,99460,100,100558,100,99408,100,100882,100,99383,100,101065,100,99348,100
2019-06-28 10:07:30.000000000,99899,506,99870,506,99900,19,99728,100,99955,100,99561,100,99990,100,99539,100,100153,100,99538,100,100217,100,99461,100,100299,100,99460,100,100558,100,99408,100,100882,100,99383,100,101065,100,99348,100
2019-06-28 10:07:40.000000000,99899,506,99870,506,99900,19,99728,100,99955,100,99561,100,99990,100,99539,100,100153,100,99538,100,100217,100,99461,100,100299,100,99460,100,100558,100,99408,100,100882,100,99383,100,101065,100,99348,100
2019-06-28 10:07:50.000000000,99899,202,99870,202,99900,121,99728,202,99955,202,99561,202,99990,202,99539,202,100153,100,99538,100,100217,100,99461,100,100299,100,99460,100,100558,100,99408,100,100882,100,99383,100,101065,100,99348,100
2019-06-28 10:08:00.000000000,99899,303,99870,303,99900,222,99728,303,99955,100,99561,100,99990,100,99539,100,100153,100,99538,100,100217,100,99461,100,100299,100,99460,100,100558,100,99408,100,100882,100,99383,100,101065,100,99348,100
2019-06-28 10:08:10.000000000,99899,181,99870,181,99900,100,99728,181,99955,181,99561,181,99990,181,99539,181,100153,181,99538,181,100217,100,99461,100,100299,100,99460,100,100558,100,99408,100,100882,100,99383,100,101065,100,99348,100
2019-06-28 10:08:20.000000000,99899,181,99870,181,99900,100,99728,181,99955,181,99561,181,99990,181,99539,181,100153,181,99538,181,100217,100,99461,100,100299,100,99460,100,100558,100,99408,100,100882,100,99383,100,101065,100,99348,100
2019-06-28 10:08:30.000000000,99899,506,99870,506,99900,19,99728,100,99955,100,99561,100,99990,100,99539,100,100153,100,99538,100,100217,100,99461,100,100299,100,99460,100,100558,100,99408,100,100882,100,99383,100,101065,100,99348,100
2019-06-28 10:08:40.000000000,99899,202,99870,202,99900,121,99728,202,99955,202,99561,202,99990,202,99539,202,100153,100,99538,100,100217,100,99461,100,100299,100,99460,100,100558,100,99408,100,100882,100,99383,100,101065,100,99348,100
2019-06-28 10:08:50.000000000,99899,238,99870,238,99900,153,99728,234,99955,234,99561,234,99990,100,99539,100,100153,100,99538,100,100217,100,99461,100,100299,100,99460,100,100558,100,99408,100,100882,100,99383,100,101065,100,99348,100
2019-06-28 10:08:59.019975747,99899,238,99870,238,99900,153,99728,234,99955,234,99561,234,99990,100,99539,100,100153,100,99538,100,100217,100,99461,100,100299,100,99460,100,100558,100,99408,100,100882,100,99383,100,101065,100,99348,100
2019-06-28 10:09:00.000000000,99899,506,99870,506,99900,19,99728,100,99955,100,99561,100,99990,100,99539,100,100153,100,99538,100,100217,100,99461,100,100299,100,99460,100,100558,100,99408,100,100882,100,99383,100,101065,100,99348,100
2019-06-28 10:09:01.461397257,99899,506,99870,406,99900,19,99728,100,99955,100,99561,100,99990,100,99539,100,100153,100,99538,100,100217,100,99461,100,100299,100,99460,100,100558,100,99408,100,100882,100,99383,100,101065,100,99348,100
2019-06-28 10:09:10.000000000,99899,202,99728,202,99900,121,99561,202,99955,202,99539,202,99990,202,99538,202,100153,100,99461,100,100217,100,99460,100,100299,100,99408,100,100558,100,99383,100,100882,100,99348,100,101065,100,99253,100
2019-06-28 10:09:20.000000000,99899,303,99728,303,99900,222,99561,303,99955,100,99539,100,99990,100,99538,100,100153,100,99461,100,100217,100,99460,100,100299,100,99408,100,100558,100,99383,100,100882,100,99348,100,101065,100,99253,100
2019-06-28 10:09:26.622594330,99897,100,99728,303,99899,203,99561,303,99900,222,99539,100,99955,100,99538,100,99990,100,99461,100,100153,100,99460,100,100217,100,99408,100,100299,100,99383,100,100558,100,99348,100,100882,100,99253,100
2019-06-28 10:09:30.000000000,99897,181,99728,181,99900,100,99561,181,99955,181,99539,181,99990,181,99538,181,100153,181,99461,181,100217,100,99460,100,100299,100,99408,100,100558,100,99383,100,100882,100,99348,100,101065,100,99253,100
2019-06-28 10:09:37.831014122,99897,181,99728,181,99900,100,99561,181,99955,181,99539,181,99990,181,99538,181,100153,181,99461,181,100217,100,99460,100,100299,100,99408,100,100558,100,99383,100,100882,100,99348,100,101065,100,99253,100
2019-06-28 10:09:40.000000000,99897,303,99728,303,99900,222,99561,303,99955,100,99539,100,99990,100,99538,100,100153,100,99461,100,100217,100,99460,100,100299,100,99408,100,100558,100,99383,100,100882,100,99348,100,101065,100,99253,100
2019-06-28 10:09:50.000000000,99897,303,99728,303,99900,222,99561,303,99955,100,99539,100,99990,100,99538,100,100153,100,99461,100,100217,100,99460,100,100299,100,99408,100,100558,100,99383,100,100882,100,99348,100,101065,100,99253,100
2019-06-28 10:09:52.210933284,99897,303,99728,303,99900,222,99561,303,99955,100,99539,100,99990,100,99538,100,100153,100,99461,100,100217,100,99460,100,100299,100,99408,100,100558,100,99383,100,100882,100,99348,100,101065,100,99253,100
2019-06-28 10:09:55.666470068,99897,303,99728,203,99900,222,99561,303,99955,100,99539,100,99990,100,99538,100,100153,100,99461,100,100217,100,99460,100,100299,100,99383,100,100558,100,99348,100,100882,100,99253,100,101065,100,99225,100
2019-06-28 10:10:00.000000000,99897,238,99561,238,99900,153,99539,234,99955,234,99538,234,99990,100,99461,100,100153,100,99460,100,100217,100,99383,100,100299,100,99348,100,100558,100,99253,100,100882,100,99225,100,101065,100,98957,100
2019-06-28 10:10:08.996349785,99897,238,99561,238,99900,153,99539,234,99955,234,99538,234,99990,100,99461,100,100153,100,99460,100,100217,100,99383,100,100299,100,99348,100,100558,100,99253,100,100882,100,99225,100,101065,100,98957,100
2019-06-28 10:10:10.000000000,99897,303,99561,303,99900,222,99539,303,99955,100,99538,100,99990,100,99461,100,100153,100,99460,100,100217,100,99383,100,100299,100,99348,100,100558,100,99253,100,100882,100,99225,100,101065,100,98957,100
2019-06-28 10:10:17.801009651,99870,100,99561,303,99897,303,99539,303,99900,222,99538,100,99955,100,99461,100,99990,100,99460,100,100153,100,99383,100,100217,100,99348,100,100299,100,99253,100,100558,100,99225,100,100882,100,98957,100
2019-06-28 10:10:20.000000000,99870,181,99561,181,99897,181,99539,181,99900,100,99538,181,99955,181,99461,181,99990,181,99460,181,100153,100,99383,100,100217,100,99348,100,100299,100,99253,100,100558,100,99225,100,100882,100,98957,100
2019-06-28 10:10:30.000000000,99870,202,99561,202,99897,202,99539,202,99900,121,99538,202,99955,202,99461,202,99990,100,99460,100,100153,100,99383,100,100217,100,99348,100,100299,100,99253,100,100558,100,99225,100,100882,100,98957,100
2019-06-28 10:10:40.000000000,99870,202,99561,202,99897,202,99539,202,99900,121,99538,202,99955,202,99461,202,99990,100,99460,100,100153,100,99383,100,100217,100,99348,100,100299,100,99253,100,100558,100,99225,100,100882,100,98957,100
2019-06-28 10:10:50.000000000,99870,506,99561,506,99897,100,99539,100,99900,19,99538,100,99955,100,99461,100,99990,100,99460,100,100153,100,99383,100,100217,100,99348,100,100299,100,99253,100,100558,100,99225,100,100882,100,98957,100
2019-06-28 10:11:00.000000000,99870,303,99561,303,99897,303,99539,303,99900,19,99538,100,99955,100,99461,100,99990,100,99460,100,100153,100,99383,100,100217,100,99348,100,100299,100,99253,100,100558,100,99225,100,100882,100,98957,100
2019-06-28 10:11:06.430682842,99870,303,99561,303,99897,203,99539,303,99900,19,99538,100,99955,100,99461,100,99990,100,99460,100,100153,100,99383,100,100217,100,99348,100,100299,100,99253,100,100558,100,99225,100,100882,100,98957,100
2019-06-28 10:11:09.079672068,99870,303,99561,203,99897,203,99539,303,99900,19,99538,100,99955,100,99461,100,99990,100,99460,100,100153,100,99383,100,100217,100,99348,100,100299,100,99253,100,100558,100,99225,100,100882,100,98957,100
2019-06-28 10:11:09.782841253,99676,100,99561,203,99870,303,99539,303,99897,203,99538,100,99900,19,99461,100,99955,100,99460,100,99990,100,99383,100,100153,100,99348,100,100217,100,99253,100,100299,100,99225,100,100558,100,98957,100
