,ask_price_1,ask_size_1,bid_price_1,bid_size_1,ask_price_2,ask_size_2,bid_price_2,bid_size_2,ask_price_3,ask_size_3,bid_price_3,bid_size_3,ask_price_4,ask_size_4,bid_price_4,bid_size_4,ask_price_5,ask_size_5,bid_price_5,bid_size_5,ask_price_6,ask_size_6,bid_price_6,bid_size_6,ask_price_7,ask_size_7,bid_price_7,bid_size_7,ask_price_8,ask_size_8,bid_price_8,bid_size_8,ask_price_9,ask_size_9,bid_price_9,bid_size_9,ask_price_10,ask_size_10,bid_price_10,bid_size_10
2019-06-28 09:30:00.000000000,100083,100,99956,100,,,,,,,,,,,,,,,,,,,,,,,,,,,,,,,,,,,,
2019-06-28 09:30:00.000000003,100083,100,,,,,,,,,,,,,,,,,,,,,,,,,,,,,,,,,,,,,,
2019-06-28 09:30:00.000000005,100083,100,99883,100,,,,,,,,,,,,,,,,,,,,,,,,,,,,,,,,,,,,
2019-06-28 09:30:00.000000006,100022,100,99883,100,100083,100,,,,,,,,,,,,,,,,,,,,,,,,,,,,,,,,,,
2019-06-28 09:30:00.000000007,99938,100,99883,100,100022,100,,,100083,100,,,,,,,,,,,,,,,,,,,,,,,,,,,,,,
2019-06-28 09:30:00.000000009,99938,100,99883,100,99971,100,,,100022,100,,,100083,100,,,,,,,,,,,,,,,,,,,,,,,,,,
2019-06-28 09:30:00.000000011,99938,100,99906,100,99971,100,99883,100,100022,100,,,100083,100,,,,,,,,,,,,,,,,,,,,,,,,,,
2019-06-28 09:30:00.000000013,99938,100,99906,100,99971,100,99883,100,100022,100,,,100083,100,,,100181,100,,,,,,,,,,,,,,,,,,,,,,
2019-06-28 09:30:00.000000014,99938,100,99906,100,99971,100,99893,100,100022,100,99883,100,100083,100,,,100181,100,,,,,,,,,,,,,,,,,,,,,,
2019-06-28 09:30:00.000000015,99938,100,99906,100,99966,100,99893,100,99971,100,99883,100,100022,100,,,100083,100,,,100181,100,,,,,,,,,,,,,,,,,,
2019-06-28 09:30:00.000000016,99938,100,99906,100,99966,100,99893,100,99971,100,99884,100,100022,100,99883,100,100083,100,,,100181,100,,,,,,,,,,,,,,,,,,
2019-06-28 09:30:00.000000017,99938,100,99906,100,99966,100,99893,100,99971,100,99884,100,100022,100,99883,100,100050,100,,,100083,100,,,100181,100,,,,,,,,,,,,,,
2019-06-28 09:30:00.000000018,99938,100,99934,100,99951,100,99906,100,99966,100,99893,100,99971,100,99884,100,100022,100,99883,100,100039,100,,,100050,100,,,100083,100,,,100181,100,,,,,,
2019-06-28 09:30:00.000000019,99938,100,99934,100,99951,100,99906,100,99966,100,99893,100,99971,100,99884,100,100022,100,99883,100,100039,100,,,100050,100,,,100083,100,,,100102,100,,,100181,100,,
2019-06-28 09:30:00.000000020,99938,100,99934,100,99951,100,99906,100,99966,100,99893,100,99971,100,99884,100,100022,100,99883,100,100039,100,99879,100,100050,100,99873,100,100083,100,,,100102,100,,,100181,100,,
2019-06-28 09:30:00.000000021,99938,100,99934,100,99951,100,99906,100,99966,100,99893,100,99971,100,99884,100,100022,100,99883,100,100023,100,99879,100,100039,100,99873,100,100050,100,,,100083,100,,,100102,100,,
2019-06-28 09:30:00.000000025,99951,100,99934,100,99966,100,99906,100,99971,100,99893,100,100022,100,99884,100,100023,100,99883,100,100039,100,99879,100,100050,100,99873,100,100083,100,,,100102,100,,,100181,100,,
2019-06-28 09:30:00.000000026,99951,100,99938,100,99966,100,99934,100,99971,100,99906,100,100022,100,99893,100,100023,100,99884,100,100039,100,99883,100,100050,100,99879,100,100083,100,99873,100,100102,100,,,100181,100,,
2019-06-28 09:30:00.000000027,99951,100,99938,100,99966,100,99934,100,99971,100,99906,100,100022,100,99893,100,100023,100,99884,100,100039,100,99883,100,100050,100,99879,100,100055,100,99873,100,100083,100,,,100102,100,,
2019-06-28 09:30:00.000000028,99951,100,99949,100,99956,100,99938,100,99966,100,99934,100,99971,100,99906,100,100022,100,99893,100,100023,100,99884,100,100039,100,99883,100,100050,100,99879,100,100055,100,99873,100,100083,100,,
2019-06-28 09:30:00.000000030,99951,100,99949,100,99956,100,99938,100,99966,100,99934,100,99971,100,99906,100,100022,100,99893,100,100023,100,99884,100,100039,100,99883,100,100043,100,99879,100,100050,100,99873,100,100055,100,,
2019-06-28 09:30:00.000000031,99951,100,99949,100,99956,100,99938,100,99966,100,99934,100,99971,100,99906,100,100022,100,99893,100,100023,100,99884,100,100039,100,99883,100,100043,100,99879,100,100050,100,99873,100,100055,100,,
2019-06-28 09:30:00.000000032,99951,100,99949,100,99956,100,99938,100,99966,100,99934,100,99971,100,99906,100,99985,100,99893,100,100022,100,99884,100,100023,100,99883,100,100039,100,99879,100,100043,100,99873,100,100050,100,,
2019-06-28 09:30:00.000000034,99951,100,99949,100,99956,100,99938,100,99966,100,99934,100,99971,100,99906,100,99985,100,99900,100,100022,100,99893,100,100023,100,99884,100,100039,100,99883,100,100043,100,99879,100,100050,100,99873,100
2019-06-28 09:30:00.000000036,99951,100,99949,100,99956,100,99938,200,99966,100,99934,100,99971,100,99906,100,99985,100,99900,100,100022,100,99893,100,100023,100,99884,100,100039,100,99883,100,100043,100,99879,100,100050,100,99873,100
2019-06-28 09:30:00.000000038,99951,100,99938,200,99956,100,99934,100,99966,100,99906,100,99971,100,99900,100,99985,100,99893,100,100022,100,99884,100,100023,100,99883,100,100039,100,99879,100,100043,100,99873,100,100050,100,,
2019-06-28 09:30:00.000000039,99951,100,99939,100,99956,100,99938,200,99966,100,99934,100,99971,100,99906,100,99985,100,99900,100,100022,100,99893,100,100023,100,99884,100,100039,100,99883,100,100043,200,99879,100,100050,100,99873,100
2019-06-28 09:30:00.000000040,99956,100,99939,100,99966,100,99938,200,99971,100,99934,100,99985,100,99906,100,100022,100,99900,100,100023,100,99893,100,100034,100,99884,100,100039,100,99883,100,100043,200,99879,100,100050,100,99873,100
2019-06-28 09:30:00.000000045,99956,100,99948,100,99966,100,99939,100,99971,100,99938,200,99985,100,99934,100,100022,100,99906,100,100023,100,99900,100,100034,100,99893,100,100039,100,99884,100,100043,200,99883,100,100050,100,99879,100
2019-06-28 09:30:00.000000050,99956,100,99949,100,99966,100,99948,100,99971,100,99939,100,99985,100,99938,200,100022,100,99934,100,100023,100,99906,100,100034,100,99900,100,100039,100,99893,100,100043,200,99884,100,100050,100,99883,100
2019-06-28 09:30:00.000000051,99956,100,99949,100,99966,100,99948,100,99971,100,99939,100,99985,100,99938,200,100022,100,99934,100,100023,100,99906,100,100034,100,99900,100,100039,100,99893,100,100043,200,99884,100,100050,100,99883,100
2019-06-28 09:30:00.000000052,99966,100,99949,100,99971,100,99948,100,99985,100,99939,100,100022,100,99938,200,100023,100,99934,100,100034,100,99906,100,100039,100,99900,100,100043,200,99893,100,100050,100,99884,100,100055,100,99883,100
2019-06-28 09:30:00.000000053,99966,100,99949,100,99971,100,99948,100,99985,100,99939,100,100022,100,99938,200,100023,100,99934,100,100034,100,99906,100,100039,100,99900,100,100043,200,99893,100,100050,100,99884,100,100055,100,99883,100
2019-06-28 09:30:00.000000054,99966,100,99951,100,99971,100,99949,100,99985,100,99948,100,100022,100,99939,100,100023,100,99938,200,100034,100,99934,100,100039,100,99906,100,100043,200,99900,100,100050,100,99893,100,100055,100,99884,100
2019-06-28 09:30:00.000000056,99966,100,99951,100,99971,100,99949,100,99985,100,99948,100,100022,100,99939,100,100023,100,99938,200,100034,100,99934,100,100039,100,99906,100,100043,200,99900,100,100050,100,99893,100,100055,100,99884,100
2019-06-28 09:30:00.000000060,99971,100,99951,100,99985,100,99949,100,100022,100,99948,100,100023,100,99939,100,100034,100,99938,200,100039,100,99934,100,100043,200,99906,100,100050,100,99900,100,100055,100,99893,100,100083,100,99884,100
2019-06-28 09:30:00.000000062,99985,100,99951,100,100022,100,99949,100,100023,100,99948,100,100034,100,99939,100,100039,100,99938,200,100043,200,99934,100,100050,100,99906,100,100051,100,99900,100,100055,100,99893,100,100083,100,99884,100
2019-06-28 09:30:00.000000063,99985,100,99951,100,100022,100,99949,100,100023,100,99948,100,100034,100,99939,100,100039,100,99938,200,100043,200,99934,100,100050,100,99906,100,100051,100,99900,100,100055,100,99893,100,100083,100,99884,100
2019-06-28 09:30:00.000000065,99985,100,99951,100,100022,100,99949,100,100023,100,99948,100,100034,100,99939,100,100039,100,99938,200,100043,200,99934,100,100050,100,99906,100,100051,100,99900,100,100055,100,99893,100,100083,100,99884,100
2019-06-28 09:30:00.000000066,100022,100,99951,100,100023,100,99949,100,100034,100,99948,100,100039,100,99939,100,100043,200,99938,200,100050,100,99934,100,100051,100,99906,100,100055,100,99900,100,100083,100,99893,100,100089,100,99884,100
2019-06-28 09:30:00.000000071,100022,100,99951,100,100023,100,99949,100,100034,100,99948,100,100039,100,99939,100,100043,200,99938,200,100050,100,99934,100,100051,100,99906,100,100055,100,99900,100,100061,100,99893,100,100083,100,99884,100
2019-06-28 09:30:00.000000074,100022,100,99971,100,100023,100,99951,100,100034,100,99949,100,100039,100,99948,100,100043,200,99939,100,100050,100,99938,200,100051,100,99934,100,100055,100,99906,100,100061,100,99900,100,100083,100,99893,100
2019-06-28 09:30:00.000000078,100022,100,99971,100,100023,100,99951,100,100034,100,99949,100,100039,100,99948,100,100043,200,99939,100,100050,100,99938,200,100051,100,99934,100,100055,100,99906,100,100061,100,99900,100,100083,100,99893,100
2019-06-28 09:30:00.000000081,99997,100,99971,100,100022,100,99951,100,100023,100,99949,100,100034,100,99948,100,100039,100,99939,100,100043,200,99938,200,100050,100,99934,100,100051,100,99906,100,100055,100,99900,100,100061,100,99893,100
2019-06-28 09:30:00.000000082,99985,100,99971,100,99997,100,99951,100,100022,100,99949,100,100023,100,99948,100,100034,100,99939,100,100039,100,99938,200,100043,200,99934,100,100050,100,99906,100,100051,100,99900,100,100055,100,99893,100
2019-06-28 09:30:00.000000084,99997,100,99971,100,100022,100,99951,100,100023,100,99949,100,100034,100,99948,100,100039,100,99939,100,100043,200,99938,200,100050,100,99934,100,100051,100,99906,100,100055,100,99900,100,100061,100,99893,100
2019-06-28 09:30:00.000000085,100022,100,99971,100,100023,100,99951,100,100034,100,99949,100,100039,100,99948,100,100043,200,99939,100,100050,100,99938,200,100051,100,99934,100,100055,100,99906,100,100061,100,99900,100,100083,100,99893,100
2019-06-28 09:30:00.000000086,99997,100,99971,100,100022,100,99951,100,100023,100,99949,100,100034,100,99948,100,100039,100,99939,100,100043,200,99938,200,100050,100,99934,100,100051,100,99906,100,100055,100,99900,100,100061,100,99893,100
2019-06-28 09:30:00.000000089,99997,100,99971,100,100022,100,99951,100,100023,100,99949,100,100034,100,99948,100,100039,100,99939,100,100043,200,99938,200,100050,100,99934,100,100051,100,99906,100,100055,100,99900,100,100061,100,99893,100
2019-06-28 09:30:00.000000090,99997,100,99951,100,100022,100,99949,100,100023,100,99948,100,100034,100,99939,100,100039,100,99938,200,100043,200,99934,100,100050,100,99906,100,100051,100,99900,100,100055,100,99893,100,100061,100,99884,100
2019-06-28 09:30:00.000000092,99997,100,99971,100,100022,100,99951,100,100023,100,99949,100,100034,100,99948,100,100039,100,99939,100,100043,200,99938,200,100050,100,99934,100,100051,100,99906,100,100055,100,99900,100,100061,100,99893,100
2019-06-28 09:30:00.000000093,100022,100,99971,100,100023,100,99951,100,100034,100,99949,100,100039,100,99948,100,100043,200,99939,100,100050,100,99938,200,100051,100,99934,100,100055,100,99906,100,100061,100,99900,100,100067,100,99893,100
2019-06-28 09:30:00.000000099,100022,100,100003,100,100023,100,99971,100,100034,100,99951,100,100039,100,99949,100,100043,200,99948,100,100050,100,99939,100,100051,100,99938,200,100055,100,99934,100,100061,100,99906,100,100067,100,99900,100
2019-06-28 09:30:01.833808530,100023,100,100003,100,100034,100,99971,100,100039,100,99951,100,100043,200,99949,100,100050,100,99948,100,100051,100,99939,100,100055,100,99938,200,100061,100,99934,100,100067,100,99906,100,100083,100,99900,100
2019-06-28 09:30:10.000000000,100023,195,100003,195,100034,195,99971,195,100039,195,99951,195,100043,295,99949,195,100050,195,99948,195,100051,100,99939,100,100055,100,99938,200,100061,100,99934,100,100067,100,99906,100,100083,100,99900,100
2019-06-28 09:30:16.455595798,100022,100,100003,195,100023,195,99971,195,100034,195,99951,195,100039,195,99949,195,100043,295,99948,195,100050,195,99939,100,100051,100,99938,100,100055,100,99934,100,100061,100,99906,100,100067,100,99900,100
2019-06-28 09:30:20.000000000,100022,218,100003,218,100023,218,99971,218,100034,218,99951,218,100039,218,99949,218,100043,200,99948,100,100050,100,99939,100,100051,100,99938,100,100055,100,99934,100,100061,100,99906,100,100067,100,99900,100
2019-06-28 09:30:28.237930978,100022,218,100003,218,100023,218,99971,218,100034,218,99951,218,100039,218,99949,218,100043,200,99948,100,100050,100,99939,100,100051,100,99938,100,100055,100,99934,100,100061,100,99906,100,100067,100,99900,100
2019-06-28 09:30:30.000000000,100022,337,100003,337,100023,337,99971,337,100034,100,99951,100,100039,100,99949,100,100043,200,99948,100,100050,100,99939,100,100051,100,99938,100,100055,100,99934,100,100061,100,99906,100,100067,100,99900,100
2019-06-28 09:30:40.000000000,100022,218,100003,218,100023,218,99971,218,100034,218,99951,218,100039,218,99949,218,100043,200,99948,100,100050,100,99939,100,100051,100,99938,100,100055,100,99934,100,100061,100,99906,100,100067,100,99900,100
2019-06-28 09:30:40.733792983,100022,218,100003,218,100023,218,99971,218,100034,218,99951,218,100039,218,99949,218,100043,200,99948,100,100050,100,99939,100,100051,100,99938,100,100055,100,99934,100,100061,100,99906,100,100067,100,99900,100
2019-06-28 09:30:50.000000000,100022,195,100003,195,100023,195,99971,195,100034,195,99951,195,100039,195,99949,195,100043,295,99948,195,100050,100,99939,100,100051,100,99938,100,100055,100,99934,100,100061,100,99906,100,100067,100,99900,100
2019-06-28 09:30:59.074903492,100022,195,100003,195,100023,195,99971,195,100034,195,99951,195,100039,195,99949,95,100043,295,99948,195,100050,100,99939,100,100051,100,99938,100,100055,100,99934,100,100061,100,99906,100,100067,100,99900,100
2019-06-28 09:31:00.000000000,100022,261,100003,261,100023,256,99971,256,100034,256,99951,256,100039,100,99948,100,100043,200,99939,100,100050,100,99938,100,100051,100,99934,100,100055,100,99906,100,100061,100,99900,100,100067,100,99893,100
2019-06-28 09:31:10.000000000,100022,195,100003,195,100023,195,99971,195,100034,195,99951,195,100039,195,99948,195,100043,295,99939,195,100050,100,99938,100,100051,100,99934,100,100055,100,99906,100,100061,100,99900,100,100067,100,99893,100
2019-06-28 09:31:14.862422588,100022,195,100003,195,100023,195,99971,195,100034,195,99951,195,100039,195,99948,195,100043,295,99939,195,100050,100,99938,100,100051,100,99934,100,100055,100,99906,100,100061,100,99900,100,100067,100,99893,100
2019-06-28 09:31:20.000000000,100022,574,100003,574,100023,100,99971,100,100034,100,99951,100,100039,100,99948,100,100043,200,99939,100,100050,100,99938,100,100051,100,99934,100,100055,100,99906,100,100061,100,99900,100,100067,100,99893,100
2019-06-28 09:31:30.000000000,100022,195,100003,195,100023,195,99971,195,100034,195,99951,195,100039,195,99948,195,100043,295,99939,195,100050,100,99938,100,100051,100,99934,100,100055,100,99906,100,100061,100,99900,100,100067,100,99893,100
2019-06-28 09:31:40.000000000,100022,574,100003,574,100023,100,99971,100,100034,100,99951,100,100039,100,99948,100,100043,200,99939,100,100050,100,99938,100,100051,100,99934,100,100055,100,99906,100,100061,100,99900,100,100067,100,99893,100
2019-06-28 09:31:47.776710322,100022,574,100004,100,100023,100,100003,574,100034,100,99971,100,100039,100,99948,100,100043,200,99939,100,100050,100,99938,100,100051,100,99934,100,100055,100,99906,100,100061,100,99900,100,100067,100,99893,100
2019-06-28 09:31:50.000000000,100022,261,100004,261,100023,256,100003,256,100034,256,99971,256,100039,100,99948,100,100043,200,99939,100,100050,100,99938,100,100051,100,99934,100,100055,100,99906,100,100061,100,99900,100,100067,100,99893,100
2019-06-28 09:31:57.471214760,100022,261,100004,161,100023,256,100003,256,100034,256,99971,256,100039,100,99948,100,100043,200,99939,100,100051,100,99938,100,100055,100,99934,100,100061,100,99906,100,100067,100,99900,100,100083,100,99893,100
2019-06-28 09:32:00.000000000,100022,574,100003,574,100023,100,99971,100,100034,100,99948,100,100039,100,99939,100,100043,200,99938,100,100051,100,99934,100,100055,100,99906,100,100061,100,99900,100,100067,100,99893,100,100083,100,99884,100
2019-06-28 09:32:04.605285344,100022,474,100003,574,100023,100,99971,100,100034,100,99948,100,100039,100,99939,100,100043,200,99938,100,100051,100,99934,100,100055,100,99906,100,100061,100,99900,100,100067,100,99893,100,100083,100,99884,100
2019-06-28 09:32:10.000000000,100023,261,100003,261,100034,256,99971,256,100039,256,99948,256,100043,200,99939,100,100051,100,99938,100,100055,100,99934,100,100061,100,99906,100,100067,100,99900,100,100083,100,99893,100,100089,100,99884,100
2019-06-28 09:32:20.000000000,100023,337,100003,337,100034,337,99971,337,100039,100,99948,100,100043,200,99939,100,100051,100,99938,100,100055,100,99934,100,100061,100,99906,100,100067,100,99900,100,100083,100,99893,100,100089,100,99884,100
2019-06-28 09:32:27.647502885,100023,337,100003,237,100034,337,99971,337,100039,100,99948,100,100043,200,99939,100,100051,100,99938,100,100055,100,99934,100,100061,100,99906,100,100067,100,99900,100,100083,100,99893,100,100089,100,99884,100
2019-06-28 09:32:30.000000000,100023,574,99971,574,100034,100,99948,100,100039,100,99939,100,100043,200,99938,100,100051,100,99934,100,100055,100,99906,100,100061,100,99900,100,100067,100,99893,100,100083,100,99884,100,100089,100,99883,100
2019-06-28 09:32:40.000000000,100023,337,99971,337,100034,337,99948,337,100039,100,99939,100,100043,200,99938,100,100051,100,99934,100,100055,100,99906,100,100061,100,99900,100,100067,100,99893,100,100083,100,99884,100,100089,100,99883,100
2019-06-28 09:32:50.000000000,100023,261,99971,261,100034,256,99948,256,100039,256,99939,256,100043,200,99938,100,100051,100,99934,100,100055,100,99906,100,100061,100,99900,100,100067,100,99893,100,100083,100,99884,100,100089,100,99883,100
2019-06-28 09:32:53.006666138,100023,261,99971,261,100034,256,99948,256,100039,256,99939,256,100043,200,99938,100,100051,100,99934,100,100055,100,99906,100,100061,100,99900,100,100067,100,99893,100,100083,100,99884,100,100089,100,99883,100
2019-06-28 09:33:00.000000000,100023,574,99971,574,100034,100,99948,100,100039,100,99939,100,100043,200,99938,100,100051,100,99934,100,100055,100,99906,100,100061,100,99900,100,100067,100,99893,100,100083,100,99884,100,100089,100,99883,100
2019-06-28 09:33:04.310886994,100023,574,99971,474,100034,100,99939,100,100039,100,99938,100,100043,200,99934,100,100051,100,99906,100,100055,100,99900,100,100061,100,99893,100,100067,100,99884,100,100083,100,99883,100,100089,100,99879,200
2019-06-28 09:33:10.000000000,100023,261,99939,261,100034,256,99938,256,100039,256,99934,256,100043,200,99906,100,100051,100,99900,100,100055,100,99893,100,100061,100,99884,100,100067,100,99883,100,100083,100,99879,200,100089,100,99873,100
2019-06-28 09:33:20.000000000,100023,337,99939,337,100034,337,99938,337,100039,100,99934,100,100043,200,99906,100,100051,100,99900,100,100055,100,99893,100,100061,100,99884,100,100067,100,99883,100,100083,100,99879,200,100089,100,99873,100
2019-06-28 09:33:30.000000000,100023,218,99939,218,100034,218,99938,218,100039,218,99934,218,100043,318,99906,218,100051,100,99900,100,100055,100,99893,100,100061,100,99884,100,100067,100,99883,100,100083,100,99879,200,100089,100,99873,100
2019-06-28 09:33:30.858761253,100023,218,99966,100,100034,218,99939,218,100039,118,99938,218,100043,318,99934,218,100051,100,99906,218,100055,100,99900,100,100061,100,99893,100,100067,100,99884,100,100083,100,99883,100,100089,100,99879,200
2019-06-28 09:33:34.512352732,100023,218,99966,100,100034,218,99939,218,100039,118,99938,218,100043,318,99934,218,100051,100,99906,218,100055,100,99900,100,100061,100,99884,100,100067,100,99883,100,100083,100,99879,200,100089,100,99873,100
2019-06-28 09:33:38.594545329,100023,218,99966,100,100034,218,99939,218,100039,118,99938,218,100043,318,99934,218,100051,100,99927,100,100055,100,99906,218,100061,100,99900,100,100067,100,99883,100,100083,100,99879,200,100089,100,99873,100
2019-06-28 09:33:40.000000000,100023,195,99966,195,100034,195,99939,195,100043,295,99938,195,100051,195,99934,195,100055,195,99927,195,100061,100,99906,100,100067,100,99900,100,100083,100,99883,100,100089,100,99879,200,100107,100,99873,100
2019-06-28 09:33:44.435870403,100023,95,99966,195,100034,195,99939,195,100043,295,99938,195,100051,195,99934,195,100055,195,99927,195,100061,100,99906,100,100067,100,99900,100,100083,100,99883,100,100089,100,99879,200,100107,100,99873,100
2019-06-28 09:33:50.000000000,100034,218,99966,218,100043,318,99939,218,100051,218,99938,218,100055,218,99934,218,100061,100,99927,100,100067,100,99906,100,100083,100,99900,100,100089,100,99883,100,100107,100,99879,200,100113,100,99873,100
2019-06-28 09:33:50.504907257,100034,118,99966,218,100043,318,99939,218,100051,218,99938,218,100055,218,99934,218,100061,100,99927,100,100067,100,99906,100,100083,100,99900,100,100089,100,99883,100,100107,100,99879,200,100113,100,99873,100
2019-06-28 09:34:00.000000000,100043,674,99966,574,100051,100,99939,100,100055,100,99938,100,100061,100,99934,100,100067,100,99927,100,100083,100,99906,100,100089,100,99900,100,100107,100,99883,100,100113,100,99879,200,100114,100,99873,100
2019-06-28 09:34:04.500320121,100043,574,99966,574,100051,100,99939,100,100055,100,99938,100,100061,100,99934,100,100067,100,99927,100,100083,100,99906,100,100089,100,99900,100,100107,100,99883,100,100113,100,99879,200,100114,100,99873,100
2019-06-28 09:34:07.711089690,100043,474,99966,574,100051,100,99939,100,100055,100,99938,100,100061,100,99934,100,100067,100,99927,100,100083,100,99906,100,100089,100,99900,100,100107,100,99883,100,100113,100,99879,200,100114,100,99873,100
2019-06-28 09:34:10.000000000,100051,218,99966,218,100055,218,99939,218,100061,218,99938,218,100067,218,99934,218,100083,100,99927,100,100089,100,99906,100,100107,100,99900,100,100113,100,99883,100,100114,100,99879,200,100123,100,99873,100
2019-06-28 09:34:20.000000000,100051,218,99966,218,100055,218,99939,218,100061,218,99938,218,100067,218,99934,218,100083,100,99927,100,100089,100,99906,100,100107,100,99900,100,100113,100,99883,100,100114,100,99879,200,100123,100,99873,100
2019-06-28 09:34:23.928935562,100051,218,100034,100,100055,218,99966,218,100061,218,99939,218,100067,218,99938,218,100083,100,99934,218,100089,100,99927,100,100107,100,99906,100,100113,100,99900,100,100114,100,99883,100,100123,100,99879,200
2019-06-28 09:34:26.513626762,100051,218,99966,218,100055,218,99939,218,100061,218,99938,218,100067,218,99934,218,100083,100,99927,100,100089,100,99906,100,100107,100,99900,100,100113,100,99883,100,100114,100,99879,200,100123,100,99873,100
2019-06-28 09:34:30.000000000,100051,195,99966,195,100055,195,99939,195,100061,195,99938,195,100067,195,99934,195,100083,195,99927,195,100089,100,99906,100,100107,100,99900,100,100113,100,99883,100,100114,100,99879,200,100123,100,99873,100
2019-06-28 09:34:40.000000000,100051,195,99966,195,100055,195,99939,195,100061,195,99938,195,100067,195,99934,195,100083,195,99927,195,100089,100,99906,100,100107,100,99900,100,100113,100,99883,100,100114,100,99879,200,100123,100,99873,100
2019-06-28 09:34:50.000000000,100051,337,99966,337,100055,337,99939,337,100061,100,99938,100,100067,100,99934,100,100083,100,99927,100,100089,100,99906,100,100107,100,99900,100,100113,100,99883,100,100114,100,99879,200,100123,100,99873,100
2019-06-28 09:34:53.429527628,100051,237,99966,337,100055,337,99939,337,100061,100,99938,100,100067,100,99934,100,100083,100,99927,100,100089,100,99906,100,100107,100,99900,100,100113,100,99883,100,100114,100,99879,200,100123,100,99873,100
2019-06-28 09:35:00.000000000,100055,261,99966,261,100061,256,99939,256,100067,256,99938,256,100083,100,99934,100,100089,100,99927,100,100107,100,99906,100,100113,100,99900,100,100114,100,99883,100,100123,100,99879,200,100125,100,99873,100
2019-06-28 09:35:08.564659028,100055,261,99966,261,100061,256,99939,256,100067,256,99938,256,100083,100,99934,100,100089,100,99927,100,100107,100,99906,100,100113,100,99900,100,100114,100,99883,100,100123,100,99879,200,100125,100,99873,100
2019-06-28 09:35:09.240420196,100055,161,99966,261,100061,256,99939,256,100067,256,99938,256,100083,100,99934,100,100089,100,99927,100,100107,100,99906,100,100113,100,99900,100,100123,100,99883,100,100125,100,99879,200,100133,200,99873,100
2019-06-28 09:35:10.000000000,100061,337,99966,337,100067,337,99939,337,100083,100,99938,100,100089,100,99934,100,100107,100,99927,100,100113,100,99906,100,100123,100,99900,100,100125,100,99883,100,100133,200,99879,200,100161,100,99873,100
2019-06-28 09:35:20.000000000,100061,261,99966,261,100067,256,99939,256,100083,256,99938,256,100089,100,99934,100,100107,100,99927,100,100113,100,99906,100,100123,100,99900,100,100125,100,99883,100,100133,200,99879,200,100161,100,99873,100
2019-06-28 09:35:27.264078559,100061,261,99966,261,100067,256,99964,100,100083,256,99939,256,100089,100,99938,256,100107,100,99934,100,100113,100,99927,100,100123,100,99906,100,100125,100,99900,100,100133,200,99883,100,100161,100,99879,200
2019-06-28 09:35:30.000000000,100061,574,99966,574,100067,100,99964,100,100083,100,99939,100,100089,100,99938,100,100107,100,99934,100,100113,100,99927,100,100123,100,99906,100,100125,100,99900,100,100133,200,99883,100,100161,100,99879,200
2019-06-28 09:35:33.185924129,100061,574,99966,574,100067,100,99964,100,100083,100,99939,100,100089,100,99938,100,100107,100,99934,100,100113,100,99927,100,100123,100,99906,100,100133,200,99900,100,100161,100,99883,100,100192,100,99879,200
2019-06-28 09:35:40.000000000,100061,195,99966,195,100067,195,99964,195,100083,195,99939,195,100089,195,99938,195,100107,195,99934,195,100113,100,99927,100,100123,100,99906,100,100133,200,99900,100,100161,100,99883,100,100192,100,99879,200
2019-06-28 09:35:48.146970833,100061,195,100000,100,100067,195,99966,195,100083,195,99964,195,100089,195,99939,195,100107,195,99938,195,100113,100,99934,195,100123,100,99927,100,100133,200,99906,100,100161,100,99900,100,100192,100,99883,100
2019-06-28 09:35:50.000000000,100061,574,100000,574,100067,100,99966,100,100083,100,99964,100,100089,100,99939,100,100107,100,99938,100,100113,100,99934,100,100123,100,99927,100,100133,200,99906,100,100161,100,99900,100,100192,100,99883,100
2019-06-28 09:35:50.118236220,100061,474,100000,574,100067,100,99966,100,100083,100,99964,100,100089,100,99939,100,100107,100,99938,100,100113,100,99934,100,100133,200,99927,100,100161,100,99906,100,100192,100,99900,100,100324,100,99883,100
2019-06-28 09:36:00.000000000,100067,574,100000,574,100083,100,99966,100,100089,100,99964,100,100107,100,99939,100,100113,100,99938,100,100133,200,99934,100,100161,100,99927,100,100192,100,99906,100,100324,100,99900,100,100390,100,99883,100
2019-06-28 09:36:10.000000000,100067,195,100000,195,100083,195,99966,195,100089,195,99964,195,100107,195,99939,195,100113,195,99938,195,100133,200,99934,100,100161,100,99927,100,100192,100,99906,100,100324,100,99900,100,100390,100,99883,100
2019-06-28 09:36:17.421312456,100067,95,100000,195,100083,195,99966,195,100089,195,99964,195,100107,195,99939,195,100113,195,99938,195,100133,200,99934,100,100161,100,99927,100,100192,100,99906,100,100324,100,99900,100,100390,100,99883,100
2019-06-28 09:36:20.000000000,100083,261,100000,261,100089,256,99966,256,100107,256,99964,256,100113,100,99939,100,100133,200,99938,100,100161,100,99934,100,100192,100,99927,100,100324,100,99906,100,100390,100,99900,100,,,99883,100
2019-06-28 09:36:30.000000000,100083,261,100000,261,100089,256,99966,256,100107,256,99964,256,100113,100,99939,100,100133,200,99938,100,100161,100,99934,100,100192,100,99927,100,100324,100,99906,100,100390,100,99900,100,,,99883,100
2019-06-28 09:36:40.000000000,100083,574,100000,574,100089,100,99966,100,100107,100,99964,100,100113,100,99939,100,100133,200,99938,100,100161,100,99934,100,100192,100,99927,100,100324,100,99906,100,100390,100,99900,100,,,99883,100
2019-06-28 09:36:50.000000000,100083,574,100000,574,100089,100,99966,100,100107,100,99964,100,100113,100,99939,100,100133,200,99938,100,100161,100,99934,100,100192,100,99927,100,100324,100,99906,100,100390,100,99900,100,,,99883,100
2019-06-28 09:37:00.000000000,100083,574,100000,574,100089,100,99966,100,100107,100,99964,100,100113,100,99939,100,100133,200,99938,100,100161,100,99934,100,100192,100,99927,100,100324,100,99906,100,100390,100,99900,100,,,99883,100
2019-06-28 09:37:10.000000000,100083,195,100000,195,100089,195,99966,195,100107,195,99964,195,100113,195,99939,195,100133,295,99938,195,100161,100,99934,100,100192,100,99927,100,100324,100,99906,100,100390,100,99900,100,,,99883,100
2019-06-28 09:37:20.000000000,100083,574,100000,574,100089,100,99966,100,100107,100,99964,100,100113,100,99939,100,100133,200,99938,100,100161,100,99934,100,100192,100,99927,100,100324,100,99906,100,100390,100,99900,100,,,99883,100
2019-06-28 09:37:30.000000000,100083,574,100000,574,100089,100,99966,100,100107,100,99964,100,100113,100,99939,100,100133,200,99938,100,100161,100,99934,100,100192,100,99927,100,100324,100,99906,100,100390,100,99900,100,,,99883,100
2019-06-28 09:37:40.000000000,100083,218,100000,218,100089,218,99966,218,100107,218,99964,218,100113,218,99939,218,100133,200,99938,100,100161,100,99934,100,100192,100,99927,100,100324,100,99906,100,100390,100,99900,100,,,99883,100
2019-06-28 09:37:50.000000000,100083,261,100000,261,100089,256,99966,256,100107,256,99964,256,100113,100,99939,100,100133,200,99938,100,100161,100,99934,100,100192,100,99927,100,100324,100,99906,100,100390,100,99900,100,,,99883,100
2019-06-28 09:38:00.000000000,100083,337,100000,337,100089,337,99966,337,100107,100,99964,100,100113,100,99939,100,100133,200,99938,100,100161,100,99934,100,100192,100,99927,100,100324,100,99906,100,100390,100,99900,100,,,99883,100
2019-06-28 09:38:10.000000000,100083,218,100000,218,100089,218,99966,218,100107,218,99964,218,100113,218,99939,218,100133,200,99938,100,100161,100,99934,100,100192,100,99927,100,100324,100,99906,100,100390,100,99900,100,,,99883,100
2019-06-28 09:38:20.000000000,100083,337,100000,337,100089,337,99966,337,100107,100,99964,100,100113,100,99939,100,100133,200,99938,100,100161,100,99934,100,100192,100,99927,100,100324,100,99906,100,100390,100,99900,100,,,99883,100
2019-06-28 09:38:30.000000000,100083,337,100000,337,100089,337,99966,337,100107,100,99964,100,100113,100,99939,100,100133,200,99938,100,100161,100,99934,100,100192,100,99927,100,100324,100,99906,100,100390,100,99900,100,,,99883,100
2019-06-28 09:38:36.981998883,100083,237,100000,337,100089,337,99966,337,100107,100,99964,100,100113,100,99939,100,100133,200,99938,100,100161,100,99934,100,100192,100,99927,100,100324,100,99906,100,100390,100,99900,100,,,99883,100
2019-06-28 09:38:38.545422536,100083,137,100000,337,100089,337,99966,337,100107,100,99964,100,100113,100,99939,100,100133,200,99938,100,100161,100,99934,100,100192,100,99927,100,100324,100,99906,100,100390,100,99900,100,,,99883,100
2019-06-28 09:38:40.000000000,100089,218,100000,218,100107,218,99966,218,100113,218,99964,218,100133,318,99939,218,100161,100,99938,100,100192,100,99934,100,100324,100,99927,100,100390,100,99906,100,,,99900,100,,,99883,100
2019-06-28 09:38:50.000000000,100089,337,100000,337,100107,337,99966,337,100113,100,99964,100,100133,200,99939,100,100161,100,99938,100,100192,100,99934,100,100324,100,99927,100,100390,100,99906,100,,,99900,100,,,99883,100
2019-06-28 09:39:00.000000000,100089,218,100000,218,100107,218,99966,218,100113,218,99964,218,100133,318,99939,218,100161,100,99938,100,100192,100,99934,100,100324,100,99927,100,100390,100,99906,100,,,99900,100,,,99883,100
2019-06-28 09:39:10.000000000,100089,195,100000,195,100107,195,99966,195,100113,195,99964,195,100133,295,99939,195,100161,195,99938,195,100192,100,99934,100,100324,100,99927,100,100390,100,99906,100,,,99900,100,,,99883,100
2019-06-28 09:39:18.221554663,100089,195,100000,195,100107,195,99966,195,100113,195,99964,195,100133,295,99939,195,100161,195,99938,195,100192,100,99934,100,100324,100,99927,100,100390,100,99906,100,102435,100,99900,100,,,99883,100
2019-06-28 09:39:20.000000000,100089,574,100000,574,100107,100,99966,100,100113,100,99964,100,100133,200,99939,100,100161,100,99938,100,100192,100,99934,100,100324,100,99927,100,100390,100,99906,100,102435,100,99900,100,,,99883,100
2019-06-28 09:39:26.745542182,100089,574,100000,574,100107,100,99966,100,100113,100,99964,100,100133,200,99939,100,100161,100,99934,100,100192,100,99927,100,100324,100,99906,100,100390,100,99900,100,102435,100,99883,100,,,99879,100
2019-06-28 09:39:30.000000000,100089,337,100000,337,100107,337,99966,337,100113,100,99964,100,100133,200,99939,100,100161,100,99934,100,100192,100,99927,100,100324,100,99906,100,100390,100,99900,100,102435,100,99883,100,,,99879,100
2019-06-28 09:39:40.000000000,100089,261,100000,261,100107,256,99966,256,100113,256,99964,256,100133,200,99939,100,100161,100,99934,100,100192,100,99927,100,100324,100,99906,100,100390,100,99900,100,102435,100,99883,100,,,99879,100
2019-06-28 09:39:50.000000000,100089,195,100000,195,100107,195,99966,195,100113,195,99964,195,100133,295,99939,195,100161,195,99934,195,100192,100,99927,100,100324,100,99906,100,100390,100,99900,100,102435,100,99883,100,,,99879,100
2019-06-28 09:40:00.000000000,100089,337,100000,337,100107,337,99966,337,100113,100,99964,100,100133,200,99939,100,100161,100,99934,100,100192,100,99927,100,100324,100,99906,100,100390,100,99900,100,102435,100,99883,100,,,99879,100
2019-06-28 09:40:10.000000000,100089,195,100000,195,100107,195,99966,195,100113,195,99964,195,100133,295,99939,195,100161,195,99934,195,100192,100,99927,100,100324,100,99906,100,100390,100,99900,100,102435,100,99883,100,,,99879,100
2019-06-28 09:40:20.000000000,100089,337,100000,337,100107,337,99966,337,100113,100,99964,100,100133,200,99939,100,100161,100,99934,100,100192,100,99927,100,100324,100,99906,100,100390,100,99900,100,102435,100,99883,100,,,99879,100
2019-06-28 09:40:27.036335157,100089,237,100000,337,100107,337,99966,337,100113,100,99964,100,100133,200,99939,100,100161,100,99934,100,100192,100,99927,100,100324,100,99906,100,100390,100,99900,100,102435,100,99883,100,,,99879,100
2019-06-28 09:40:27.768870014,100089,237,100000,337,100107,337,99966,337,100113,100,99964,100,100133,200,99939,100,100161,100,99934,100,100192,100,99927,100,100324,100,99906,100,100390,100,99900,100,101722,100,99883,100,102435,100,99879,100
2019-06-28 09:40:30.000000000,100107,261,100000,261,100113,256,99966,256,100133,356,99964,256,100161,100,99939,100,100192,100,99934,100,100324,100,99927,100,100390,100,99906,100,101722,100,99900,100,102435,100,99883,100,,,99879,100
2019-06-28 09:40:40.000000000,100107,218,100000,218,100113,218,99966,218,100133,318,99964,218,100161,218,99939,218,100192,100,99934,100,100324,100,99927,100,100390,100,99906,100,101722,100,99900,100,102435,100,99883,100,,,99879,100
2019-06-28 09:40:47.489092499,100107,218,100000,218,100113,218,99966,218,100133,318,99964,218,100161,218,99939,218,100192,100,99934,100,100324,100,99927,100,100390,100,99906,100,101722,100,99900,100,101838,100,99883,100,102435,100,99879,100
2019-06-28 09:40:50.000000000,100107,195,100000,195,100113,195,99966,195,100133,295,99964,195,100161,195,99939,195,100192,195,99934,195,100324,100,99927,100,100390,100,99906,100,101722,100,99900,100,101838,100,99883,100,102435,100,99879,100
2019-06-28 09:40:57.015426157,100107,195,100000,195,100113,195,99966,195,100133,295,99964,195,100161,195,99939,195,100192,195,99934,195,100324,100,99927,100,101722,100,99906,100,101745,100,99900,100,101838,100,99883,100,102435,100,99879,100
2019-06-28 09:41:00.000000000,100107,337,100000,337,100113,337,99966,337,100133,200,99964,100,100161,100,99939,100,100192,100,99934,100,100324,100,99927,100,101722,100,99906,100,101745,100,99900,100,101838,100,99883,100,102435,100,99879,100
2019-06-28 09:41:03.738965606,100107,337,100083,100,100113,337,100000,337,100133,200,99966,337,100161,100,99964,100,100192,100,99939,100,100324,100,99934,100,101722,100,99927,100,101745,100,99906,100,101838,100,99900,100,102435,100,99883,100
2019-06-28 09:41:10.000000000,100107,261,100083,261,100113,256,100000,256,100133,356,99966,256,100161,100,99964,100,100192,100,99939,100,100324,100,99934,100,101722,100,99927,100,101745,100,99906,100,101838,100,99900,100,102435,100,99883,100
2019-06-28 09:41:20.000000000,100107,337,100083,337,100113,337,100000,337,100133,200,99966,100,100161,100,99964,100,100192,100,99939,100,100324,100,99934,100,101722,100,99927,100,101745,100,99906,100,101838,100,99900,100,102435,100,99883,100
2019-06-28 09:41:22.159219479,100107,237,100083,337,100113,337,100000,337,100133,200,99966,100,100161,100,99964,100,100192,100,99939,100,100324,100,99934,100,101722,100,99927,100,101745,100,99906,100,101838,100,99900,100,102435,100,99883,100
2019-06-28 09:41:30.000000000,100113,574,100083,574,100133,200,100000,100,100161,100,99966,100,100192,100,99964,100,100324,100,99939,100,101722,100,99934,100,101745,100,99927,100,101838,100,99906,100,102435,100,99900,100,,,99883,100
2019-06-28 09:41:40.000000000,100113,337,100083,337,100133,437,100000,337,100161,100,99966,100,100192,100,99964,100,100324,100,99939,100,101722,100,99934,100,101745,100,99927,100,101838,100,99906,100,102435,100,99900,100,,,99883,100
2019-06-28 09:41:47.389649326,100113,337,100089,100,100133,437,100083,337,100161,100,100000,337,100192,100,99966,100,100324,100,99964,100,101722,100,99939,100,101745,100,99934,100,101838,100,99927,100,102435,100,99906,100,,,99900,100
2019-06-28 09:41:49.762464814,100113,337,100089,200,100133,437,100083,237,100161,100,100000,337,100192,100,99966,100,100324,100,99964,100,101722,100,99939,100,101745,100,99934,100,101838,100,99927,100,102435,100,99906,100,,,99900,100
2019-06-28 09:41:50.000000000,100113,574,100089,674,100133,200,100000,100,100161,100,99966,100,100192,100,99964,100,100324,100,99939,100,101722,100,99934,100,101745,100,99927,100,101838,100,99906,100,102435,100,99900,100,,,99883,100
2019-06-28 09:42:00.000000000,100113,574,100089,674,100133,200,100000,100,100161,100,99966,100,100192,100,99964,100,100324,100,99939,100,101722,100,99934,100,101745,100,99927,100,101838,100,99906,100,102435,100,99900,100,,,99883,100
2019-06-28 09:42:10.000000000,100113,337,100089,437,100133,437,100000,337,100161,100,99966,100,100192,100,99964,100,100324,100,99939,100,101722,100,99934,100,101745,100,99927,100,101838,100,99906,100,102435,100,99900,100,,,99883,100
2019-06-28 09:42:20.000000000,100113,574,100089,674,100133,200,100000,100,100161,100,99966,100,100192,100,99964,100,100324,100,99939,100,101722,100,99934,100,101745,100,99927,100,101838,100,99906,100,102435,100,99900,100,,,99883,100
2019-06-28 09:42:30.000000000,100113,195,100089,295,100133,295,100000,195,100161,195,99966,195,100192,195,99964,195,100324,195,99939,195,101722,100,99934,100,101745,100,99927,100,101838,100,99906,100,102435,100,99900,100,,,99883,100
2019-06-28 09:42:39.112204827,100113,195,100089,295,100133,295,100000,195,100161,195,99966,195,100192,195,99964,195,100324,195,99939,195,101296,100,99934,100,101722,100,99927,100,101745,100,99906,100,101838,100,99900,100,102435,100,99883,100
2019-06-28 09:42:40.000000000,100113,261,100089,361,100133,356,100000,256,100161,256,99966,256,100192,100,99964,100,100324,100,99939,100,101296,100,99934,100,101722,100,99927,100,101745,100,99906,100,101838,100,99900,100,102435,100,99883,100
2019-06-28 09:42:45.926556177,100113,161,100089,361,100133,356,100000,256,100161,256,99966,256,100192,100,99964,100,100324,100,99939,100,101722,100,99934,100,101745,100,99927,100,101838,100,99906,100,102435,100,99900,100,,,99883,100
2019-06-28 09:42:50.000000000,100133,318,100089,318,100161,218,100000,218,100192,218,99966,218,100324,218,99964,218,101722,100,99939,100,101745,100,99934,100,101838,100,99927,100,102435,100,99906,100,,,99900,100,,,99883,100
2019-06-28 09:43:00.000000000,100133,674,100089,674,100161,100,100000,100,100192,100,99966,100,100324,100,99964,100,101722,100,99939,100,101745,100,99934,100,101838,100,99927,100,102435,100,99906,100,,,99900,100,,,99883,100
2019-06-28 09:43:10.000000000,100133,361,100089,361,100161,256,100000,256,100192,256,99966,256,100324,100,99964,100,101722,100,99939,100,101745,100,99934,100,101838,100,99927,100,102435,100,99906,100,,,99900,100,,,99883,100
2019-06-28 09:43:20.000000000,100133,295,100089,295,100161,195,100000,195,100192,195,99966,195,100324,195,99964,195,101722,195,99939,195,101745,100,99934,100,101838,100,99927,100,102435,100,99906,100,,,99900,100,,,99883,100
2019-06-28 09:43:25.851414204,100133,295,100089,195,100161,195,100000,195,100192,195,99966,195,100324,195,99964,195,101722,195,99939,195,101745,100,99934,100,101838,100,99927,100,102435,100,99906,100,,,99900,100,,,99883,100
2019-06-28 09:43:30.000000000,100133,361,100089,261,100161,256,100000,256,100192,256,99966,256,100324,100,99964,100,101722,100,99939,100,101745,100,99934,100,101838,100,99927,100,102435,100,99906,100,,,99900,100,,,99883,100
2019-06-28 09:43:40.000000000,100133,437,100089,337,100161,337,100000,337,100192,100,99966,100,100324,100,99964,100,101722,100,99939,100,101745,100,99934,100,101838,100,99927,100,102435,100,99906,100,,,99900,100,,,99883,100
2019-06-28 09:43:41.333931992,100133,437,100089,337,100161,337,100000,337,100192,100,99966,100,100324,100,99964,100,101156,100,99939,100,101722,100,99934,100,101745,100,99927,100,101838,100,99906,100,102435,100,99900,100,,,99883,100
2019-06-28 09:43:50.000000000,100133,318,100089,218,100161,218,100000,218,100192,218,99966,218,100324,218,99964,218,101156,100,99939,100,101722,100,99934,100,101745,100,99927,100,101838,100,99906,100,102435,100,99900,100,,,99883,100
2019-06-28 09:44:00.000000000,100133,295,100089,195,100161,195,100000,195,100192,195,99966,195,100324,195,99964,195,101156,195,99939,195,101722,100,99934,100,101745,100,99927,100,101838,100,99906,100,102435,100,99900,100,,,99883,100
2019-06-28 09:44:10.000000000,100133,361,100089,261,100161,256,100000,256,100192,256,99966,256,100324,100,99964,100,101156,100,99939,100,101722,100,99934,100,101745,100,99927,100,101838,100,99906,100,102435,100,99900,100,,,99883,100
2019-06-28 09:44:14.385791262,100133,361,100089,261,100161,256,100000,256,100192,256,99966,256,100324,100,99964,100,100752,100,99939,100,101156,100,99934,100,101722,100,99927,100,101745,100,99906,100,101838,100,99900,100,102435,100,99883,100
2019-06-28 09:44:20.000000000,100133,361,100089,261,100161,256,100000,256,100192,256,99966,256,100324,100,99964,100,100752,100,99939,100,101156,100,99934,100,101722,100,99927,100,101745,100,99906,100,101838,100,99900,100,102435,100,99883,100
2019-06-28 09:44:30.000000000,100133,295,100089,195,100161,195,100000,195,100192,195,99966,195,100324,195,99964,195,100752,195,99939,195,101156,100,99934,100,101722,100,99927,100,101745,100,99906,100,101838,100,99900,100,102435,100,99883,100
2019-06-28 09:44:40.000000000,100133,295,100089,195,100161,195,100000,195,100192,195,99966,195,100324,195,99964,195,100752,195,99939,195,101156,100,99934,100,101722,100,99927,100,101745,100,99906,100,101838,100,99900,100,102435,100,99883,100
2019-06-28 09:44:40.957816584,100133,195,100089,195,100161,195,100000,195,100192,195,99966,195,100324,195,99964,195,100752,195,99939,195,101156,100,99934,100,101722,100,99927,100,101745,100,99906,100,101838,100,99900,100,102435,100,99843,100
2019-06-28 09:44:43.862936787,100133,95,100089,195,100161,195,100000,195,100192,195,99966,195,100324,195,99964,195,100752,95,99939,195,101156,100,99934,100,101722,100,99927,100,101745,100,99906,100,101838,100,99900,100,102435,100,99843,100
2019-06-28 09:44:50.000000000,100161,195,100089,195,100192,195,100000,195,100324,195,99966,195,101156,195,99964,195,101722,195,99939,195,101745,100,99934,100,101838,100,99927,100,102435,100,99906,100,,,99900,100,,,99843,100
2019-06-28 09:45:00.000000000,100161,574,100089,574,100192,100,100000,100,100324,100,99966,100,101156,100,99964,100,101722,100,99939,100,101745,100,99934,100,101838,100,99927,100,102435,100,99906,100,,,99900,100,,,99843,100
2019-06-28 09:45:10.000000000,100161,195,100089,195,100192,195,100000,195,100324,195,99966,195,101156,195,99964,195,101722,195,99939,195,101745,100,99934,100,101838,100,99927,100,102435,100,99906,100,,,99900,100,,,99843,100
2019-06-28 09:45:20.000000000,100161,574,100089,574,100192,100,100000,100,100324,100,99966,100,101156,100,99964,100,101722,100,99939,100,101745,100,99934,100,101838,100,99927,100,102435,100,99906,100,,,99900,100,,,99843,100
2019-06-28 09:45:30.000000000,100161,218,100089,218,100192,218,100000,218,100324,218,99966,218,101156,218,99964,218,101722,100,99939,100,101745,100,99934,100,101838,100,99927,100,102435,100,99906,100,,,99900,100,,,99843,100
2019-06-28 09:45:40.000000000,100161,195,100089,195,100192,195,100000,195,100324,195,99966,195,101156,195,99964,195,101722,195,99939,195,101745,100,99934,100,101838,100,99927,100,102435,100,99906,100,,,99900,100,,,99843,100
2019-06-28 09:45:44.212688746,100161,195,100133,100,100192,195,100089,195,100324,195,100000,195,101156,195,99966,195,101722,195,99964,195,101745,100,99939,195,101838,100,99934,100,102435,100,99927,100,,,99906,100,,,99900,100
2019-06-28 09:45:50.000000000,100161,195,100133,195,100192,195,100089,195,100324,195,100000,195,101156,195,99966,195,101722,195,99964,195,101745,100,99939,100,101838,100,99934,100,102435,100,99927,100,,,99906,100,,,99900,100
2019-06-28 09:46:00.000000000,100161,261,100133,261,100192,256,100089,256,100324,256,100000,256,101156,100,99966,100,101722,100,99964,100,101745,100,99939,100,101838,100,99934,100,102435,100,99927,100,,,99906,100,,,99900,100
2019-06-28 09:46:10.000000000,100161,195,100133,195,100192,195,100089,195,100324,195,100000,195,101156,195,99966,195,101722,195,99964,195,101745,100,99939,100,101838,100,99934,100,102435,100,99927,100,,,99906,100,,,99900,100
2019-06-28 09:46:20.000000000,100161,574,100133,574,100192,100,100089,100,100324,100,100000,100,101156,100,99966,100,101722,100,99964,100,101745,100,99939,100,101838,100,99934,100,102435,100,99927,100,,,99906,100,,,99900,100
2019-06-28 09:46:23.312367027,100161,574,100133,574,100192,100,100089,100,100324,100,100000,100,100468,100,99966,100,101156,100,99964,100,101722,100,99939,100,101745,100,99934,100,101838,100,99927,100,102435,100,99906,100,,,99900,100
2019-06-28 09:46:30.000000000,100161,195,100133,195,100192,195,100089,195,100324,195,100000,195,100468,195,99966,195,101156,195,99964,195,101722,100,99939,100,101745,100,99934,100,101838,100,99927,100,102435,100,99906,100,,,99900,100
2019-06-28 09:46:31.936421767,100161,195,100147,100,100192,195,100133,195,100324,195,100089,195,100468,195,100000,195,101156,195,99966,195,101722,100,99964,195,101745,100,99939,100,101838,100,99934,100,102435,100,99927,100,,,99906,100
2019-06-28 09:46:37.323997131,100161,195,100147,100,100192,195,100133,195,100324,195,100089,195,100468,195,100000,195,101156,195,99966,195,101722,100,99964,195,101745,100,99939,100,101838,100,99934,100,102435,100,99927,100,,,99906,100
2019-06-28 09:46:40.000000000,100161,574,100147,574,100192,100,100133,100,100324,100,100089,100,100468,100,100000,100,101156,100,99966,100,101722,100,99964,100,101745,100,99939,100,101838,100,99934,100,102435,100,99927,100,,,99906,100
2019-06-28 09:46:50.000000000,100161,195,100147,195,100192,195,100133,195,100324,195,100089,195,100468,195,100000,195,101156,195,99966,195,101722,100,99964,100,101745,100,99939,100,101838,100,99934,100,102435,100,99927,100,,,99906,100
2019-06-28 09:47:00.000000000,100161,195,100147,195,100192,195,100133,195,100324,195,100089,195,100468,195,100000,195,101156,195,99966,195,101722,100,99964,100,101745,100,99939,100,101838,100,99934,100,102435,100,99927,100,,,99906,100
2019-06-28 09:47:06.092830725,100161,195,100147,195,100192,195,100133,295,100324,195,100089,195,100468,195,100000,195,101156,195,99966,195,101722,100,99964,100,101745,100,99939,100,101838,100,99934,100,102435,100,99927,100,,,99906,100
2019-06-28 09:47:10.000000000,100161,195,100147,195,100192,195,100133,295,100324,195,100089,195,100468,195,100000,195,101156,195,99966,195,101722,100,99964,100,101745,100,99939,100,101838,100,99934,100,102435,100,99927,100,,,99906,100
2019-06-28 09:47:20.000000000,100161,574,100147,574,100192,100,100133,200,100324,100,100089,100,100468,100,100000,100,101156,100,99966,100,101722,100,99964,100,101745,100,99939,100,101838,100,99934,100,102435,100,99927,100,,,99906,100
2019-06-28 09:47:30.000000000,100161,574,100147,574,100192,100,100133,200,100324,100,100089,100,100468,100,100000,100,101156,100,99966,100,101722,100,99964,100,101745,100,99939,100,101838,100,99934,100,102435,100,99927,100,,,99906,100
2019-06-28 09:47:40.000000000,100161,218,100147,218,100192,218,100133,318,100324,218,100089,218,100468,218,100000,218,101156,100,99966,100,101722,100,99964,100,101745,100,99939,100,101838,100,99934,100,102435,100,99927,100,,,99906,100
2019-06-28 09:47:42.071268447,100161,218,100147,218,100192,218,100133,318,100324,218,100089,218,100468,218,100000,118,100476,100,99966,100,101156,100,99964,100,101722,100,99939,100,101745,100,99934,100,101838,100,99927,100,102435,100,99906,100
2019-06-28 09:47:50.000000000,100161,195,100147,195,100192,195,100133,295,100324,195,100089,195,100468,195,99966,195,100476,195,99964,195,101156,100,99939,100,101722,100,99934,100,101745,100,99927,100,101838,100,99906,100,102435,100,99900,100
2019-06-28 09:48:00.000000000,100161,195,100147,195,100192,195,100133,295,100324,195,100089,195,100468,195,99966,195,100476,195,99964,195,101156,100,99939,100,101722,100,99934,100,101745,100,99927,100,101838,100,99906,100,102435,100,99900,100
2019-06-28 09:48:10.000000000,100161,218,100147,218,100192,218,100133,318,100324,218,100089,218,100468,218,99966,218,100476,100,99964,100,101156,100,99939,100,101722,100,99934,100,101745,100,99927,100,101838,100,99906,100,102435,100,99900,100
2019-06-28 09:48:20.000000000,100161,337,100147,337,100192,337,100133,437,100324,100,100089,100,100468,100,99966,100,100476,100,99964,100,101156,100,99939,100,101722,100,99934,100,101745,100,99927,100,101838,100,99906,100,102435,100,99900,100
2019-06-28 09:48:30.000000000,100161,261,100147,261,100192,256,100133,356,100324,256,100089,256,100468,100,99966,100,100476,100,99964,100,101156,100,99939,100,101722,100,99934,100,101745,100,99927,100,101838,100,99906,100,102435,100,99900,100
2019-06-28 09:48:33.490975845,100161,261,100147,261,100192,256,100133,356,100214,100,100089,256,100324,256,99966,100,100468,100,99964,100,100476,100,99939,100,101156,100,99934,100,101722,100,99927,100,101745,100,99906,100,101838,100,99900,100
2019-06-28 09:48:37.990637589,100161,261,100147,261,100192,256,100133,356,100214,100,100089,256,100324,256,99966,100,100468,100,99964,100,100476,100,99939,100,101156,100,99934,100,101722,100,99927,100,101745,100,99906,100,101838,100,99900,100
2019-06-28 09:48:40.000000000,100161,195,100147,195,100192,195,100133,295,100214,195,100089,195,100324,195,99966,195,100468,195,99964,195,100476,100,99939,100,101156,100,99934,100,101722,100,99927,100,101745,100,99906,100,101838,100,99900,100
2019-06-28 09:48:44.061925069,100161,195,100147,95,100192,195,100133,295,100214,195,100089,195,100324,195,99966,195,100468,195,99964,195,100476,100,99939,100,101156,100,99934,100,101722,100,99927,100,101745,100,99906,100,101838,100,99900,100
2019-06-28 09:48:44.330845861,100147,5,100133,295,100161,195,100089,195,100192,195,99966,195,100214,195,99964,195,100324,195,99939,100,100468,195,99934,100,100476,100,99927,100,101156,100,99906,100,101722,100,99900,100,101745,100,99843,100
2019-06-28 09:48:50.000000000,100147,100,100133,295,100161,195,100089,195,100192,195,99966,195,100214,195,99964,195,100324,195,99939,195,100468,100,99934,100,100476,100,99927,100,101156,100,99906,100,101722,100,99900,100,101745,100,99843,100
2019-06-28 09:49:00.000000000,100147,123,100133,318,100161,218,100089,218,100192,218,99966,218,100214,218,99964,218,100324,100,99939,100,100468,100,99934,100,100476,100,99927,100,101156,100,99906,100,101722,100,99900,100,101745,100,99843,100
2019-06-28 09:49:03.117241290,100147,123,100133,318,100161,218,100089,218,100192,218,99966,218,100214,218,99964,218,100324,100,99939,100,100468,100,99934,100,100476,100,99927,100,101156,100,99906,100,101722,100,99900,100,101745,100,99843,100
2019-06-28 09:49:08.016099576,100147,123,100133,318,100161,218,100089,218,100178,100,99966,218,100192,218,99964,218,100214,218,99939,100,100324,100,99934,100,100468,100,99927,100,100476,100,99906,100,101156,100,99900,100,101722,100,99843,100
2019-06-28 09:49:10.000000000,100147,166,100133,361,100161,256,100089,256,100178,256,99966,256,100192,100,99964,100,100214,100,99939,100,100324,100,99934,100,100468,100,99927,100,100476,100,99906,100,101156,100,99900,100,101722,100,99843,100
2019-06-28 09:49:20.000000000,100147,166,100133,361,100161,256,100089,256,100178,256,99966,256,100192,100,99964,100,100214,100,99939,100,100324,100,99934,100,100468,100,99927,100,100476,100,99906,100,101156,100,99900,100,101722,100,99843,100
2019-06-28 09:49:30.000000000,100147,123,100133,318,100161,218,100089,218,100178,218,99966,218,100192,218,99964,218,100214,100,99939,100,100324,100,99934,100,100468,100,99927,100,100476,100,99906,100,101156,100,99900,100,101722,100,99843,100
2019-06-28 09:49:30.972090077,100147,123,100133,218,100161,218,100089,218,100178,218,99966,218,100192,218,99964,218,100214,100,99939,100,100324,100,99934,100,100468,100,99927,100,100476,100,99906,100,101156,100,99900,100,101722,100,99843,100
2019-06-28 09:49:38.146113977,100147,123,100133,218,100161,218,100089,218,100178,218,99966,218,100192,218,99964,218,100214,100,99939,100,100324,100,99934,100,100468,100,99927,100,100476,100,99906,100,101156,100,99900,100,101722,100,99843,100
2019-06-28 09:49:40.000000000,100147,479,100133,574,100161,100,100089,100,100178,100,99966,100,100192,100,99964,100,100214,100,99939,100,100324,100,99934,100,100468,100,99927,100,100476,100,99906,100,101156,100,99900,100,101722,100,99843,100
2019-06-28 09:49:49.301444959,100146,100,100133,574,100147,479,100089,100,100161,100,99966,100,100178,100,99964,100,100192,100,99939,100,100214,100,99934,100,100324,100,99927,100,100468,100,99906,100,100476,100,99900,100,101156,100,99843,100
2019-06-28 09:49:50.000000000,100146,337,100133,337,100147,242,100089,337,100161,100,99966,100,100178,100,99964,100,100192,100,99939,100,100214,100,99934,100,100324,100,99927,100,100468,100,99906,100,100476,100,99900,100,101156,100,99843,100
2019-06-28 09:50:00.000000000,100146,574,100133,574,100147,5,100089,100,100161,100,99966,100,100178,100,99964,100,100192,100,99939,100,100214,100,99934,100,100324,100,99927,100,100468,100,99906,100,100476,100,99900,100,101156,100,99843,100
2019-06-28 09:50:10.000000000,100146,195,100133,195,100147,100,100089,195,100161,195,99966,195,100178,195,99964,195,100192,195,99939,195,100214,100,99934,100,100324,100,99927,100,100468,100,99906,100,100476,100,99900,100,101156,100,99843,100
2019-06-28 09:50:20.000000000,100146,337,100133,337,100147,242,100089,337,100161,100,99966,100,100178,100,99964,100,100192,100,99939,100,100214,100,99934,100,100324,100,99927,100,100468,100,99906,100,100476,100,99900,100,101156,100,99843,100
2019-06-28 09:50:25.832866154,100146,437,100133,337,100147,242,100089,337,100161,100,99966,100,100178,100,99964,100,100192,100,99939,100,100214,100,99934,100,100324,100,99927,100,100468,100,99906,100,100476,100,99900,100,101156,100,99843,100
2019-06-28 09:50:30.000000000,100146,295,100133,195,100147,100,100089,195,100161,195,99966,195,100178,195,99964,195,100192,195,99939,195,100214,100,99934,100,100324,100,99927,100,100468,100,99906,100,100476,100,99900,100,101156,100,99843,100
2019-06-28 09:50:40.000000000,100146,318,100133,218,100147,123,100089,218,100161,218,99966,218,100178,218,99964,218,100192,100,99939,100,100214,100,99934,100,100324,100,99927,100,100468,100,99906,100,100476,100,99900,100,101156,100,99843,100
2019-06-28 09:50:49.050796411,100146,318,100133,218,100147,123,100089,218,100161,218,99966,218,100178,218,99964,218,100192,100,99939,100,100214,100,99934,100,100324,100,99927,100,100468,100,99906,100,100476,100,99900,100,101156,100,99843,100
2019-06-28 09:50:50.000000000,100146,674,100133,574,100147,5,100089,100,100161,100,99966,100,100178,100,99964,100,100192,100,99939,100,100214,100,99934,100,100324,100,99927,100,100468,100,99906,100,100476,100,99900,100,101156,100,99843,100
2019-06-28 09:51:00.000000000,100146,437,100133,337,100147,242,100089,337,100161,100,99966,100,100178,100,99964,100,100192,100,99939,100,100214,100,99934,100,100324,100,99927,100,100468,100,99906,100,100476,100,99900,100,101156,100,99843,100
2019-06-28 09:51:06.414754939,100146,537,100133,337,100147,242,100089,337,100161,100,99966,100,100178,100,99964,100,100192,100,99939,100,100214,100,99934,100,100324,100,99927,100,100468,100,99906,100,100476,100,99900,100,101156,100,99843,100
2019-06-28 09:51:07.140753113,100144,100,100133,337,100146,537,100089,337,100147,242,99966,100,100161,100,99964,100,100178,100,99939,100,100192,100,99934,100,100214,100,99927,100,100324,100,99906,100,100468,100,99900,100,100476,100,99843,100
2019-06-28 09:51:10.000000000,100144,195,100133,195,100146,395,100089,195,100147,100,99966,195,100161,195,99964,195,100178,195,99939,195,100192,100,99934,100,100214,100,99927,100,100324,100,99906,100,100468,100,99900,100,100476,100,99843,100
2019-06-28 09:51:20.000000000,100144,218,100133,218,100146,418,100089,218,100147,123,99966,218,100161,218,99964,218,100178,100,99939,100,100192,100,99934,100,100214,100,99927,100,100324,100,99906,100,100468,100,99900,100,100476,100,99843,100
2019-06-28 09:51:30.000000000,100144,195,100133,195,100146,395,100089,195,100147,100,99966,195,100161,195,99964,195,100178,195,99939,195,100192,100,99934,100,100214,100,99927,100,100324,100,99906,100,100468,100,99900,100,100476,100,99843,100
2019-06-28 09:51:40.000000000,100144,195,100133,195,100146,395,100089,195,100147,100,99966,195,100161,195,99964,195,100178,195,99939,195,100192,100,99934,100,100214,100,99927,100,100324,100,99906,100,100468,100,99900,100,100476,100,99843,100
2019-06-28 09:51:44.045227277,100144,95,100133,195,100146,395,100089,195,100147,100,99966,195,100161,195,99964,195,100178,195,99939,195,100192,100,99934,100,100214,100,99906,100,100324,100,99900,100,100468,100,99843,100,100476,100,99758,100
2019-06-28 09:51:44.842206333,100146,395,100144,5,100147,100,100133,195,100161,195,100089,195,100178,195,99966,195,100192,100,99964,195,100214,100,99939,195,100324,100,99934,100,100468,100,99906,100,100476,100,99900,100,101156,100,99843,100
2019-06-28 09:51:45.575893516,100146,295,100144,5,100147,100,100133,195,100161,195,100089,195,100178,195,99966,195,100192,100,99964,195,100214,100,99939,195,100324,100,99934,100,100468,100,99906,100,100476,100,99900,100,101156,100,99843,100
2019-06-28 09:51:50.000000000,100146,361,100144,166,100147,161,100133,256,100161,256,100089,256,100178,100,99966,100,100192,100,99964,100,100214,100,99939,100,100324,100,99934,100,100468,100,99906,100,100476,100,99900,100,101156,100,99843,100
2019-06-28 09:51:50.008165022,100146,361,100144,166,100147,161,100133,256,100161,256,100089,256,100178,100,99966,100,100192,100,99964,100,100214,100,99939,100,100324,100,99934,100,100468,100,99906,100,100476,100,99900,100,100527,100,99843,100
2019-06-28 09:51:51.615901596,100146,361,100144,166,100147,161,100133,256,100161,256,100089,256,100178,100,99966,100,100192,100,99964,100,100214,100,99939,100,100324,100,99934,100,100468,100,99906,100,100476,100,99900,100,100527,100,99843,100
2019-06-28 09:51:52.429886653,100146,261,100144,166,100147,161,100133,256,100161,256,100089,256,100178,100,99966,100,100192,100,99964,100,100214,100,99939,100,100324,100,99934,100,100468,100,99906,100,100476,100,99900,100,100527,100,99843,100
2019-06-28 09:52:00.000000000,100146,337,100144,242,100147,242,100133,337,100161,100,100089,100,100178,100,99966,100,100192,100,99964,100,100214,100,99939,100,100324,100,99934,100,100468,100,99906,100,100476,100,99900,100,100527,100,99843,100
2019-06-28 09:52:03.769837926,100146,237,100144,242,100147,242,100133,337,100161,100,100089,100,100178,100,99966,100,100192,100,99964,100,100214,100,99939,100,100324,100,99934,100,100468,100,99906,100,100476,100,99900,100,100527,100,99843,100
2019-06-28 09:52:10.000000000,100147,242,100144,242,100161,337,100133,337,100178,100,100089,100,100192,100,99966,100,100214,100,99964,100,100324,100,99939,100,100468,100,99934,100,100476,100,99906,100,100527,100,99900,100,100681,100,99843,100
2019-06-28 09:52:10.497007671,100147,137,100144,242,100161,337,100133,337,100178,100,100089,100,100192,100,99966,100,100214,100,99964,100,100324,100,99939,100,100468,100,99934,100,100476,100,99906,100,100527,100,99900,100,100681,100,99843,100
2019-06-28 09:52:16.479096536,100147,37,100144,242,100161,337,100133,337,100178,100,100089,100,100192,100,99966,100,100214,100,99964,100,100324,100,99939,100,100468,100,99934,100,100476,100,99906,100,100527,100,99900,100,100681,100,99758,100
2019-06-28 09:52:20.000000000,100161,337,100144,242,100178,337,100133,337,100192,100,100089,100,100214,100,99966,100,100324,100,99964,100,100468,100,99939,100,100476,100,99934,100,100527,100,99906,100,100681,100,99900,100,101156,100,99758,100
2019-06-28 09:52:20.002984631,100161,337,100144,242,100178,337,100133,337,100192,100,100089,100,100214,100,99966,100,100324,100,99964,100,100424,100,99939,100,100468,100,99934,100,100476,100,99906,100,100527,100,99900,100,100681,100,99758,100
2019-06-28 09:52:20.347429904,100161,337,100144,242,100178,337,100133,337,100192,100,100089,100,100214,100,99966,100,100324,100,99964,100,100424,100,99939,100,100468,100,99934,100,100476,100,99906,100,100527,100,99900,100,100618,100,99758,100
2019-06-28 09:52:30.000000000,100161,195,100144,100,100178,195,100133,195,100192,195,100089,195,100214,195,99966,195,100324,195,99964,195,100424,100,99939,100,100468,100,99934,100,100476,100,99906,100,100527,100,99900,100,100618,100,99758,100
2019-06-28 09:52:40.000000000,100161,574,100144,479,100178,100,100133,100,100192,100,100089,100,100214,100,99966,100,100324,100,99964,100,100424,100,99939,100,100468,100,99934,100,100476,100,99906,100,100527,100,99900,100,100618,100,99758,100
2019-06-28 09:52:50.000000000,100161,261,100144,166,100178,256,100133,256,100192,256,100089,256,100214,100,99966,100,100324,100,99964,100,100424,100,99939,100,100468,100,99934,100,100476,100,99906,100,100527,100,99900,100,100618,100,99758,100
2019-06-28 09:53:00.000000000,100161,218,100144,123,100178,218,100133,218,100192,218,100089,218,100214,218,99966,218,100324,100,99964,100,100424,100,99939,100,100468,100,99934,100,100476,100,99906,100,100527,100,99900,100,100618,100,99758,100
2019-06-28 09:53:01.030490709,100161,218,100147,100,100178,218,100144,123,100192,218,100133,218,100214,218,100089,218,100324,100,99966,218,100424,100,99964,100,100468,100,99939,100,100476,100,99934,100,100527,100,99906,100,100618,100,99900,100
2019-06-28 09:53:10.000000000,100161,195,100147,195,100178,195,100144,100,100192,195,100133,195,100214,195,100089,195,100324,195,99966,195,100424,100,99964,100,100468,100,99939,100,100476,100,99934,100,100527,100,99906,100,100618,100,99900,100
2019-06-28 09:53:20.000000000,100161,337,100147,337,100178,337,100144,242,100192,100,100133,100,100214,100,100089,100,100324,100,99966,100,100424,100,99964,100,100468,100,99939,100,100476,100,99934,100,100527,100,99906,100,100618,100,99900,100
2019-06-28 09:53:22.659893857,100161,337,100147,337,100178,337,100144,242,100192,100,100133,100,100214,100,100089,100,100324,100,99966,100,100424,100,99964,100,100468,100,99939,100,100476,100,99934,100,100527,100,99906,100,100618,100,99900,100
2019-06-28 09:53:30.000000000,100161,574,100147,574,100178,100,100144,5,100192,100,100133,100,100214,100,100089,100,100324,100,99966,100,100424,100,99964,100,100468,100,99939,100,100476,100,99934,100,100527,100,99906,100,100618,100,99900,100
2019-06-28 09:53:39.809446754,100161,574,100147,674,100178,100,100144,5,100192,100,100133,100,100214,100,100089,100,100324,100,99966,100,100424,100,99964,100,100468,100,99939,100,100476,100,99934,100,100527,100,99906,100,100618,100,99900,100
2019-06-28 09:53:40.000000000,100161,195,100147,295,100178,195,100144,100,100192,195,100133,195,100214,195,100089,195,100324,195,99966,195,100424,100,99964,100,100468,100,99939,100,100476,100,99934,100,100527,100,99906,100,100618,100,99900,100
2019-06-28 09:53:41.405781170,100161,195,100147,295,100178,195,100144,100,100192,195,100133,195,100214,195,100089,195,100324,195,99966,195,100424,100,99964,100,100468,100,99939,100,100476,100,99934,100,100527,100,99906,100,100618,100,99900,100
2019-06-28 09:53:50.000000000,100161,195,100147,295,100178,195,100144,100,100192,195,100133,195,100214,195,100089,195,100324,195,99966,195,100424,100,99964,100,100468,100,99939,100,100476,100,99934,100,100527,100,99906,100,100618,100,99900,100
2019-06-28 09:53:57.676384870,100161,195,100147,295,100178,195,100144,100,100192,195,100133,195,100214,195,100089,195,100324,195,99966,195,100424,100,99964,100,100468,100,99939,100,100476,100,99934,100,100527,100,99906,100,100618,100,99900,100
2019-06-28 09:54:00.000000000,100161,337,100147,437,100178,337,100144,242,100192,100,100133,100,100214,100,100089,100,100324,100,99966,100,100424,100,99964,100,100468,100,99939,100,100476,100,99934,100,100527,100,99906,100,100618,100,99900,100
2019-06-28 09:54:04.389622764,100161,337,100147,437,100178,237,100144,242,100192,100,100133,100,100214,100,100089,100,100324,100,99966,100,100424,100,99964,100,100468,100,99939,100,100476,100,99934,100,100527,100,99906,100,100618,100,99900,100
2019-06-28 09:54:10.000000000,100161,195,100147,295,100192,195,100144,100,100214,195,100133,195,100324,195,100089,195,100424,195,99966,195,100468,100,99964,100,100476,100,99939,100,100527,100,99934,100,100618,100,99906,100,100681,100,99900,100
2019-06-28 09:54:20.000000000,100161,261,100147,361,100192,256,100144,161,100214,256,100133,256,100324,100,100089,100,100424,100,99966,100,100468,100,99964,100,100476,100,99939,100,100527,100,99934,100,100618,100,99906,100,100681,100,99900,100
2019-06-28 09:54:30.000000000,100161,218,100147,318,100192,218,100144,123,100214,218,100133,218,100324,218,100089,218,100424,100,99966,100,100468,100,99964,100,100476,100,99939,100,100527,100,99934,100,100618,100,99906,100,100681,100,99900,100
2019-06-28 09:54:34.428294033,100161,218,100147,318,100192,218,100144,123,100214,218,100133,218,100324,218,100089,218,100424,100,99966,100,100468,100,99964,100,100476,100,99939,100,100527,100,99934,100,100618,100,99906,100,100681,100,99900,100
2019-06-28 09:54:40.000000000,100161,574,100147,674,100192,100,100144,5,100214,100,100133,100,100324,100,100089,100,100424,100,99966,100,100468,100,99964,100,100476,100,99939,100,100527,100,99934,100,100618,100,99906,100,100681,100,99900,100
2019-06-28 09:54:50.000000000,100161,337,100147,437,100192,337,100144,242,100214,100,100133,100,100324,100,100089,100,100424,100,99966,100,100468,100,99964,100,100476,100,99939,100,100527,100,99934,100,100618,100,99906,100,100681,100,99900,100
2019-06-28 09:55:00.000000000,100161,195,100147,295,100192,195,100144,100,100214,195,100133,195,100324,195,100089,195,100424,195,99966,195,100468,100,99964,100,100476,100,99939,100,100527,100,99934,100,100618,100,99906,100,100681,100,99900,100
2019-06-28 09:55:10.000000000,100161,218,100147,318,100192,218,100144,123,100214,218,100133,218,100324,218,100089,218,100424,100,99966,100,100468,100,99964,100,100476,100,99939,100,100527,100,99934,100,100618,100,99906,100,100681,100,99900,100
2019-06-28 09:55:20.000000000,100161,195,100147,295,100192,195,100144,100,100214,195,100133,195,100324,195,100089,195,100424,195,99966,195,100468,100,99964,100,100476,100,99939,100,100527,100,99934,100,100618,100,99906,100,100681,100,99900,100
2019-06-28 09:55:28.493314917,100161,195,100147,295,100192,195,100144,100,100214,195,100133,195,100324,195,100089,195,100424,195,99966,195,100468,100,99964,100,100476,100,99939,100,100527,100,99934,100,100618,100,99906,100,100681,100,99900,100
2019-06-28 09:55:30.000000000,100161,261,100147,361,100192,256,100144,161,100214,256,100133,256,100324,100,100089,100,100424,100,99966,100,100468,100,99964,100,100476,100,99939,100,100527,100,99934,100,100618,100,99906,100,100681,100,99900,100
2019-06-28 09:55:40.000000000,100161,195,100147,295,100192,195,100144,100,100214,195,100133,195,100324,195,100089,195,100424,195,99966,195,100468,100,99964,100,100476,100,99939,100,100527,100,99934,100,100618,100,99906,100,100681,100,99900,100
2019-06-28 09:55:41.104762763,100161,195,100147,395,100192,195,100144,100,100214,195,100133,195,100324,195,100089,195,100424,195,99966,195,100468,100,99964,100,100476,100,99939,100,100527,100,99934,100,100618,100,99906,100,100681,100,99900,100
2019-06-28 09:55:50.000000000,100161,218,100147,418,100192,218,100144,123,100214,218,100133,218,100324,218,100089,218,100424,100,99966,100,100468,100,99964,100,100476,100,99939,100,100527,100,99934,100,100618,100,99906,100,100681,100,99900,100
2019-06-28 09:56:00.000000000,100161,574,100147,774,100192,100,100144,5,100214,100,100133,100,100324,100,100089,100,100424,100,99966,100,100468,100,99964,100,100476,100,99939,100,100527,100,99934,100,100618,100,99906,100,100681,100,99900,100
2019-06-28 09:56:10.000000000,100161,337,100147,537,100192,337,100144,242,100214,100,100133,100,100324,100,100089,100,100424,100,99966,100,100468,100,99964,100,100476,100,99939,100,100527,100,99934,100,100618,100,99906,100,100681,100,99900,100
2019-06-28 09:56:18.779100028,100161,337,100147,537,100192,337,100144,242,100214,100,100133,100,100324,100,100089,100,100424,100,99966,100,100468,100,99964,100,100476,100,99939,100,100527,100,99934,100,100618,100,99906,100,100681,100,99900,100
2019-06-28 09:56:20.000000000,100161,218,100147,418,100192,218,100144,123,100214,218,100133,218,100324,218,100089,218,100424,100,99966,100,100468,100,99964,100,100476,100,99939,100,100527,100,99934,100,100618,100,99906,100,100681,100,99900,100
2019-06-28 09:56:21.956785214,100161,118,100147,418,100192,118,100144,123,100214,218,100133,218,100324,218,100089,218,100424,100,99966,100,100468,100,99964,100,100476,100,99939,100,100527,100,99934,100,100618,100,99906,100,100681,100,99900,100
2019-06-28 09:56:30.000000000,100214,218,100147,418,100324,218,100144,123,100424,218,100133,218,100468,218,100089,218,100476,100,99966,100,100527,100,99964,100,100618,100,99939,100,100681,100,99934,100,101124,100,99906,100,101156,100,99900,100
2019-06-28 09:56:40.000000000,100214,574,100147,774,100324,100,100144,5,100424,100,100133,100,100468,100,100089,100,100476,100,99966,100,100527,100,99964,100,100618,100,99939,100,100681,100,99934,100,101124,100,99906,100,101156,100,99900,100
2019-06-28 09:56:50.000000000,100214,218,100147,418,100324,218,100144,123,100424,218,100133,218,100468,218,100089,218,100476,100,99966,100,100527,100,99964,100,100618,100,99939,100,100681,100,99934,100,101124,100,99906,100,101156,100,99900,100
2019-06-28 09:57:00.000000000,100214,261,100147,461,100324,256,100144,161,100424,256,100133,256,100468,100,100089,100,100476,100,99966,100,100527,100,99964,100,100618,100,99939,100,100681,100,99934,100,101124,100,99906,100,101156,100,99900,100
2019-06-28 09:57:10.000000000,100214,574,100147,774,100324,100,100144,5,100424,100,100133,100,100468,100,100089,100,100476,100,99966,100,100527,100,99964,100,100618,100,99939,100,100681,100,99934,100,101124,100,99906,100,101156,100,99900,100
2019-06-28 09:57:10.819854843,100214,574,100147,774,100324,100,100144,5,100424,100,100133,100,100468,100,100089,100,100476,100,99966,100,100527,100,99964,100,100618,100,99939,100,100681,100,99934,100,101124,100,99906,100,101156,100,99900,100
2019-06-28 09:57:20.000000000,100214,218,100147,418,100324,218,100144,123,100424,218,100133,218,100468,218,100089,218,100476,100,99966,100,100527,100,99964,100,100618,100,99939,100,100681,100,99934,100,101124,100,99906,100,101156,100,99900,100
2019-06-28 09:57:30.000000000,100214,337,100147,537,100324,337,100144,242,100424,100,100133,100,100468,100,100089,100,100476,100,99966,100,100527,100,99964,100,100618,100,99939,100,100681,100,99934,100,101124,100,99906,100,101156,100,99900,100
2019-06-28 09:57:33.565148764,100214,237,100147,537,100324,237,100144,242,100424,100,100133,100,100468,100,100089,100,100476,100,99966,100,100527,100,99964,100,100618,100,99939,100,100681,100,99934,100,101124,100,99906,100,101156,100,99900,100
2019-06-28 09:57:40.000000000,100424,218,100147,418,100468,218,100144,123,100476,218,100133,218,100527,218,100089,218,100618,100,99966,100,100681,100,99964,100,101124,100,99939,100,101156,100,99934,100,101183,100,99906,100,101223,100,99900,100
2019-06-28 09:57:50.000000000,100424,195,100147,395,100468,195,100144,100,100476,195,100133,195,100527,195,100089,195,100618,195,99966,195,100681,100,99964,100,101124,100,99939,100,101156,100,99934,100,101183,100,99906,100,101223,100,99900,100
2019-06-28 09:57:58.813705468,100424,195,100147,395,100468,95,100144,100,100476,195,100133,195,100527,195,100089,195,100618,195,99966,195,100681,100,99964,100,101124,100,99939,100,101156,100,99934,100,101183,100,99906,100,101223,100,99900,100
2019-06-28 09:58:00.000000000,100424,574,100147,774,100476,100,100144,5,100527,100,100133,100,100618,100,100089,100,100681,100,99966,100,101124,100,99964,100,101156,100,99939,100,101183,100,99934,100,101223,100,99906,100,101371,100,99900,100
2019-06-28 09:58:10.000000000,100424,261,100147,461,100476,256,100144,161,100527,256,100133,256,100618,100,100089,100,100681,100,99966,100,101124,100,99964,100,101156,100,99939,100,101183,100,99934,100,101223,100,99906,100,101371,100,99900,100
2019-06-28 09:58:20.000000000,100424,218,100147,418,100476,218,100144,123,100527,218,100133,218,100618,218,100089,218,100681,100,99966,100,101124,100,99964,100,101156,100,99939,100,101183,100,99934,100,101223,100,99906,100,101371,100,99900,100
2019-06-28 09:58:24.251447414,100424,218,100147,418,100476,218,100144,123,100527,218,100133,218,100618,218,100089,218,100681,100,99966,100,101124,100,99964,100,101156,100,99939,100,101183,100,99934,100,101223,100,99906,100,101371,100,99900,100
2019-06-28 09:58:30.000000000,100424,337,100147,537,100476,337,100144,242,100527,100,100133,100,100618,100,100089,100,100681,100,99966,100,101124,100,99964,100,101156,100,99939,100,101183,100,99934,100,101223,100,99906,100,101371,100,99900,100
2019-06-28 09:58:36.243824531,100424,337,100147,537,100476,337,100144,242,100527,100,100133,100,100618,100,100089,100,100681,100,99966,100,101124,100,99964,100,101156,100,99939,100,101183,100,99934,100,101223,100,99906,100,101386,100,99900,100
2019-06-28 09:58:40.000000000,100424,574,100147,774,100476,100,100144,5,100527,100,100133,100,100618,100,100089,100,100681,100,99966,100,101124,100,99964,100,101156,100,99939,100,101183,100,99934,100,101223,100,99906,100,101386,100,99900,100
2019-06-28 09:58:50.000000000,100424,195,100147,395,100476,195,100144,100,100527,195,100133,195,100618,195,100089,195,100681,195,99966,195,101124,100,99964,100,101156,100,99939,100,101183,100,99934,100,101223,100,99906,100,101386,100,99900,100
2019-06-28 09:58:55.078383240,100424,95,100147,395,100476,195,100144,100,100527,195,100133,195,100618,195,100089,195,100681,195,99966,195,101124,100,99964,100,101156,100,99939,100,101183,100,99934,100,101223,100,99906,100,101386,100,99900,100
2019-06-28 09:59:00.000000000,100476,261,100147,461,100527,256,100144,161,100618,256,100133,256,100681,100,100089,100,101124,100,99966,100,101156,100,99964,100,101183,100,99939,100,101223,100,99934,100,101386,100,99906,100,101412,100,99900,100
2019-06-28 09:59:10.000000000,100476,574,100147,774,100527,100,100144,5,100618,100,100133,100,100681,100,100089,100,101124,100,99966,100,101156,100,99964,100,101183,100,99939,100,101223,100,99934,100,101386,100,99906,100,101412,100,99900,100
2019-06-28 09:59:18.112767584,100476,574,100214,100,100527,100,100147,774,100618,100,100144,5,100681,100,100133,100,101124,100,100089,100,101156,100,99966,100,101183,100,99964,100,101223,100,99939,100,101386,100,99934,100,101412,100,99906,100
2019-06-28 09:59:20.000000000,100476,261,100214,261,100527,256,100147,456,100618,256,100144,161,100681,100,100133,100,101124,100,100089,100,101156,100,99966,100,101183,100,99964,100,101223,100,99939,100,101386,100,99934,100,101412,100,99906,100
2019-06-28 09:59:20.692269557,100476,261,100214,261,100527,256,100147,456,100618,256,100144,161,100681,100,100133,100,101124,100,100089,100,101156,100,99966,100,101183,100,99964,100,101223,100,99939,100,101386,100,99934,100,101412,100,99906,100
2019-06-28 09:59:30.000000000,100476,261,100214,261,100527,256,100147,456,100618,256,100144,161,100681,100,100133,100,101124,100,100089,100,101156,100,99966,100,101183,100,99964,100,101223,100,99939,100,101386,100,99934,100,101412,100,99906,100
2019-06-28 09:59:40.000000000,100476,195,100214,195,100527,195,100147,395,100618,195,100144,100,100681,195,100133,195,101124,195,100089,195,101156,100,99966,100,101183,100,99964,100,101223,100,99939,100,101386,100,99934,100,101412,100,99906,100
2019-06-28 09:59:50.000000000,100476,574,100214,574,100527,100,100147,300,100618,100,100144,5,100681,100,100133,100,101124,100,100089,100,101156,100,99966,100,101183,100,99964,100,101223,100,99939,100,101386,100,99934,100,101412,100,99906,100
2019-06-28 10:00:00.000000000,100476,261,100214,261,100527,256,100147,456,100618,256,100144,161,100681,100,100133,100,101124,100,100089,100,101156,100,99966,100,101183,100,99964,100,101223,100,99939,100,101386,100,99934,100,101412,100,99906,100
2019-06-28 10:00:10.000000000,100476,218,100214,218,100527,218,100147,418,100618,218,100144,123,100681,218,100133,218,101124,100,100089,100,101156,100,99966,100,101183,100,99964,100,101223,100,99939,100,101386,100,99934,100,101412,100,99906,100
2019-06-28 10:00:20.000000000,100476,574,100214,574,100527,100,100147,300,100618,100,100144,5,100681,100,100133,100,101124,100,100089,100,101156,100,99966,100,101183,100,99964,100,101223,100,99939,100,101386,100,99934,100,101412,100,99906,100
2019-06-28 10:00:23.338077949,100476,574,100214,574,100527,100,100147,200,100618,100,100144,5,100681,100,100133,100,101124,100,100089,100,101156,100,99966,100,101183,100,99964,100,101223,100,99939,100,101386,100,99934,100,101412,100,99906,100
2019-06-28 10:00:30.000000000,100476,195,100214,195,100527,195,100147,295,100618,195,100144,100,100681,195,100133,195,101124,195,100089,195,101156,100,99966,100,101183,100,99964,100,101223,100,99939,100,101386,100,99934,100,101412,100,99906,100
2019-06-28 10:00:40.000000000,100476,195,100214,195,100527,195,100147,295,100618,195,100144,100,100681,195,100133,195,101124,195,100089,195,101156,100,99966,100,101183,100,99964,100,101223,100,99939,100,101386,100,99934,100,101412,100,99906,100
2019-06-28 10:00:50.000000000,100476,218,100214,218,100527,218,100147,318,100618,218,100144,123,100681,218,100133,218,101124,100,100089,100,101156,100,99966,100,101183,100,99964,100,101223,100,99939,100,101386,100,99934,100,101412,100,99906,100
2019-06-28 10:00:51.261942541,100476,218,100359,100,100527,218,100214,218,100618,218,100147,318,100681,118,100144,123,101124,100,100133,218,101156,100,100089,100,101183,100,99966,100,101223,100,99964,100,101386,100,99939,100,101412,100,99934,100
2019-06-28 10:01:00.000000000,100476,195,100359,195,100527,195,100214,195,100618,195,100147,295,101124,195,100144,100,101156,195,100133,195,101183,100,100089,100,101223,100,99966,100,101386,100,99964,100,101412,100,99939,100,101775,100,99934,100
2019-06-28 10:01:10.000000000,100476,337,100359,337,100527,337,100214,337,100618,100,100147,200,101124,100,100144,5,101156,100,100133,100,101183,100,100089,100,101223,100,99966,100,101386,100,99964,100,101412,100,99939,100,101775,100,99934,100
2019-06-28 10:01:20.000000000,100476,218,100359,218,100527,218,100214,218,100618,218,100147,318,101124,218,100144,123,101156,100,100133,100,101183,100,100089,100,101223,100,99966,100,101386,100,99964,100,101412,100,99939,100,101775,100,99934,100
2019-06-28 10:01:23.317929772,100423,100,100359,218,100476,218,100214,218,100527,218,100147,318,100618,218,100144,123,101124,218,100133,100,101156,100,100089,100,101183,100,99966,100,101223,100,99964,100,101386,100,99939,100,101412,100,99934,100
2019-06-28 10:01:30.000000000,100423,261,100359,261,100476,256,100214,256,100527,256,100147,356,100618,100,100144,5,101124,100,100133,100,101156,100,100089,100,101183,100,99966,100,101223,100,99964,100,101386,100,99939,100,101412,100,99934,100
2019-06-28 10:01:30.473538686,100423,261,100359,161,100476,256,100214,256,100527,256,100147,356,100618,100,100144,5,101124,100,100133,100,101156,100,100089,100,101183,100,99966,100,101223,100,99964,100,101386,100,99939,100,101412,100,99934,100
2019-06-28 10:01:37.277697263,100423,261,100359,161,100476,256,100214,256,100527,256,100147,356,100618,100,100144,5,101124,100,100089,100,101156,100,99966,100,101183,100,99964,100,101223,100,99939,100,101386,100,99934,100,101412,100,99906,100
2019-06-28 10:01:39.414819359,100423,261,100359,161,100476,256,100214,256,100527,256,100147,356,100618,100,100144,5,101124,100,100089,100,101156,100,99966,100,101183,100,99964,100,101386,100,99939,100,101412,100,99936,100,101775,100,99934,100
2019-06-28 10:01:40.000000000,100423,195,100214,195,100476,195,100147,295,100527,195,100144,100,100618,195,100089,195,101124,195,99966,195,101156,100,99964,100,101183,100,99939,100,101386,100,99936,100,101412,100,99934,100,101775,100,99906,100
2019-06-28 10:01:41.162003688,100423,195,100214,195,100476,195,100147,295,100527,195,100144,100,100618,195,100094,100,101124,195,100089,195,101156,100,99966,195,101386,100,99964,100,101412,100,99939,100,101775,100,99936,100,101878,100,99934,100
2019-06-28 10:01:50.000000000,100423,261,100214,261,100476,256,100147,356,100527,256,100144,161,100618,100,100094,100,101124,100,100089,100,101156,100,99966,100,101386,100,99964,100,101412,100,99939,100,101775,100,99936,100,101878,100,99934,100
2019-06-28 10:02:00.000000000,100423,261,100214,261,100476,256,100147,356,100527,256,100144,161,100618,100,100094,100,101124,100,100089,100,101156,100,99966,100,101386,100,99964,100,101412,100,99939,100,101775,100,99936,100,101878,100,99934,100
2019-06-28 10:02:06.893269732,100423,261,100214,161,100476,256,100147,356,100527,256,100144,161,100618,100,100094,100,101124,100,100089,100,101156,100,99964,100,101386,100,99939,100,101412,100,99936,100,101775,100,99934,100,101878,100,99906,100
2019-06-28 10:02:10.000000000,100423,574,100147,674,100476,100,100144,5,100527,100,100094,100,100618,100,100089,100,101124,100,99964,100,101156,100,99939,100,101386,100,99936,100,101412,100,99934,100,101775,100,99906,100,101878,100,99900,100
2019-06-28 10:02:20.000000000,100423,195,100147,295,100476,195,100144,100,100527,195,100094,195,100618,195,100089,195,101124,195,99964,195,101156,100,99939,100,101386,100,99936,100,101412,100,99934,100,101775,100,99906,100,101878,100,99900,100
2019-06-28 10:02:22.398604104,100423,195,100147,295,100476,195,100144,100,100527,195,100094,195,100618,195,100089,195,101124,195,99964,195,101156,100,99939,100,101386,100,99936,100,101412,100,99934,100,101775,100,99906,100,101878,100,99900,100
2019-06-28 10:02:30.000000000,100423,218,100147,318,100476,218,100144,123,100527,218,100094,218,100618,218,100089,218,101124,100,99964,100,101156,100,99939,100,101386,100,99936,100,101412,100,99934,100,101775,100,99906,100,101878,100,99900,100
2019-06-28 10:02:40.000000000,100423,337,100147,437,100476,337,100144,242,100527,100,100094,100,100618,100,100089,100,101124,100,99964,100,101156,100,99939,100,101386,100,99936,100,101412,100,99934,100,101775,100,99906,100,101878,100,99900,100
2019-06-28 10:02:50.000000000,100423,218,100147,318,100476,218,100144,123,100527,218,100094,218,100618,218,100089,218,101124,100,99964,100,101156,100,99939,100,101386,100,99936,100,101412,100,99934,100,101775,100,99906,100,101878,100,99900,100
2019-06-28 10:03:00.000000000,100423,218,100147,318,100476,218,100144,123,100527,218,100094,218,100618,218,100089,218,101124,100,99964,100,101156,100,99939,100,101386,100,99936,100,101412,100,99934,100,101775,100,99906,100,101878,100,99900,100
2019-06-28 10:03:10.000000000,100423,195,100147,295,100476,195,100144,100,100527,195,100094,195,100618,195,100089,195,101124,195,99964,195,101156,100,99939,100,101386,100,99936,100,101412,100,99934,100,101775,100,99906,100,101878,100,99900,100
2019-06-28 10:03:20.000000000,100423,195,100147,295,100476,195,100144,100,100527,195,100094,195,100618,195,100089,195,101124,195,99964,195,101156,100,99939,100,101386,100,99936,100,101412,100,99934,100,101775,100,99906,100,101878,100,99900,100
2019-06-28 10:03:30.000000000,100423,195,100147,295,100476,195,100144,100,100527,195,100094,195,100618,195,100089,195,101124,195,99964,195,101156,100,99939,100,101386,100,99936,100,101412,100,99934,100,101775,100,99906,100,101878,100,99900,100
2019-06-28 10:03:40.000000000,100423,261,100147,361,100476,256,100144,161,100527,256,100094,256,100618,100,100089,100,101124,100,99964,100,101156,100,99939,100,101386,100,99936,100,101412,100,99934,100,101775,100,99906,100,101878,100,99900,100
2019-06-28 10:03:42.151228782,100423,261,100147,261,100476,256,100144,161,100527,256,100094,256,100618,100,100089,100,101124,100,99964,100,101156,100,99939,100,101386,100,99936,100,101412,100,99934,100,101878,100,99906,100,101952,100,99900,100
2019-06-28 10:03:50.000000000,100423,337,100147,337,100476,337,100144,242,100527,100,100094,100,100618,100,100089,100,101124,100,99964,100,101156,100,99939,100,101386,100,99936,100,101412,100,99934,100,101878,100,99906,100,101952,100,99900,100
2019-06-28 10:04:00.000000000,100423,574,100147,574,100476,100,100144,5,100527,100,100094,100,100618,100,100089,100,101124,100,99964,100,101156,100,99939,100,101386,100,99936,100,101412,100,99934,100,101878,100,99906,100,101952,100,99900,100
2019-06-28 10:04:06.695619689,100423,574,100147,574,100476,100,100144,5,100527,100,100094,100,100618,100,100089,100,101124,100,99964,100,101156,100,99939,100,101386,100,99936,100,101412,100,99934,100,101878,100,99906,100,101952,100,99900,100
2019-06-28 10:04:10.000000000,100423,261,100147,261,100476,256,100144,161,100527,256,100094,256,100618,100,100089,100,101124,100,99964,100,101156,100,99939,100,101386,100,99936,100,101412,100,99934,100,101878,100,99906,100,101952,100,99900,100
2019-06-28 10:04:20.000000000,100423,261,100147,261,100476,256,100144,161,100527,256,100094,256,100618,100,100089,100,101124,100,99964,100,101156,100,99939,100,101386,100,99936,100,101412,100,99934,100,101878,100,99906,100,101952,100,99900,100
2019-06-28 10:04:24.298914525,100423,261,100147,161,100476,256,100144,161,100527,256,100094,256,100618,100,100089,100,101124,100,99964,100,101156,100,99939,100,101386,100,99936,100,101412,100,99934,100,101878,100,99906,100,101952,100,99900,100
2019-06-28 10:04:30.000000000,100423,218,100144,123,100476,218,100094,218,100527,218,100089,218,100618,218,99964,218,101124,100,99939,100,101156,100,99936,100,101386,100,99934,100,101412,100,99906,100,101878,100,99900,100,101952,100,99758,100
2019-06-28 10:04:37.985704399,100423,218,100144,23,100476,218,100094,218,100527,218,100089,218,100618,218,99964,218,101124,100,99939,100,101156,100,99936,100,101386,100,99934,100,101412,100,99906,100,101878,100,99900,100,101952,100,99758,100
2019-06-28 10:04:39.953635000,100144,77,100094,218,100423,218,100089,218,100476,218,99964,218,100527,218,99939,100,100618,218,99936,100,101124,100,99934,100,101156,100,99906,100,101386,100,99900,100,101412,100,99758,100,101878,100,99520,100
2019-06-28 10:04:40.000000000,100144,238,100094,261,100423,256,100089,256,100476,256,99964,256,100527,100,99939,100,100618,100,99936,100,101124,100,99934,100,101156,100,99906,100,101386,100,99900,100,101412,100,99758,100,101878,100,99520,100
2019-06-28 10:04:45.554446158,100144,238,100094,261,100423,256,100089,256,100476,256,99964,256,100527,100,99939,100,100618,100,99936,100,101124,100,99934,100,101156,100,99906,100,101386,100,99900,100,101412,100,99758,100,101878,100,99520,100
2019-06-28 10:04:46.311133652,100144,238,100094,161,100423,256,100089,256,100476,256,99964,256,100527,100,99939,100,100618,100,99936,100,101124,100,99934,100,101156,100,99906,100,101386,100,99900,100,101412,100,99758,100,101878,100,99520,100
2019-06-28 10:04:50.000000000,100144,172,100089,195,100423,195,99964,195,100476,195,99939,195,100527,195,99936,195,100618,195,99934,195,101124,100,99906,100,101156,100,99900,100,101386,100,99758,100,101412,100,99520,100,101878,100,99386,100
2019-06-28 10:05:00.000000000,100144,172,100089,195,100423,195,99964,195,100476,195,99939,195,100527,195,99936,195,100618,195,99934,195,101124,100,99906,100,101156,100,99900,100,101386,100,99758,100,101412,100,99520,100,101878,100,99386,100
2019-06-28 10:05:10.000000000,100144,195,100089,218,100423,218,99964,218,100476,218,99939,218,100527,218,99936,218,100618,100,99934,100,101124,100,99906,100,101156,100,99900,100,101386,100,99758,100,101412,100,99520,100,101878,100,99386,100
2019-06-28 10:05:20.000000000,100144,314,100089,337,100423,337,99964,337,100476,100,99939,100,100527,100,99936,100,100618,100,99934,100,101124,100,99906,100,101156,100,99900,100,101386,100,99758,100,101412,100,99520,100,101878,100,99386,100
2019-06-28 10:05:20.820303602,100144,314,100089,337,100423,337,99964,337,100476,100,99939,100,100527,100,99936,100,100618,100,99934,100,101124,100,99906,100,101156,100,99900,100,101386,100,99758,100,101412,100,99520,100,101878,100,99386,100
2019-06-28 10:05:24.152661646,100144,314,100089,237,100423,337,99964,337,100476,100,99939,100,100527,100,99936,100,100618,100,99934,100,101124,100,99906,100,101156,100,99900,100,101412,100,99758,100,101878,100,99520,100,101952,100,99386,100
2019-06-28 10:05:30.000000000,100144,314,99964,337,100423,337,99939,337,100476,100,99936,100,100527,100,99934,100,100618,100,99906,100,101124,100,99900,100,101156,100,99758,100,101412,100,99520,100,101878,100,99386,100,101952,100,99242,100
2019-06-28 10:05:33.395526631,100144,314,99964,237,100423,337,99939,337,100476,100,99936,100,100527,100,99934,100,100618,100,99906,100,101124,100,99900,100,101156,100,99758,100,101412,100,99520,100,101878,100,99386,100,101952,100,99242,100
2019-06-28 10:05:40.000000000,100144,172,99939,195,100423,195,99936,195,100476,195,99934,195,100527,195,99906,195,100618,195,99900,195,101124,100,99758,100,101156,100,99520,100,101412,100,99386,100,101878,100,99242,100,101952,100,98918,100
2019-06-28 10:05:50.000000000,100144,195,99939,218,100423,218,99936,218,100476,218,99934,218,100527,218,99906,218,100618,100,99900,100,101124,100,99758,100,101156,100,99520,100,101412,100,99386,100,101878,100,99242,100,101952,100,98918,100
2019-06-28 10:06:00.000000000,100144,551,99939,574,100423,100,99936,100,100476,100,99934,100,100527,100,99906,100,100618,100,99900,100,101124,100,99758,100,101156,100,99520,100,101412,100,99386,100,101878,100,99242,100,101952,100,98918,100
2019-06-28 10:06:10.000000000,100144,551,99939,574,100423,100,99936,100,100476,100,99934,100,100527,100,99906,100,100618,100,99900,100,101124,100,99758,100,101156,100,99520,100,101412,100,99386,100,101878,100,99242,100,101952,100,98918,100
2019-06-28 10:06:20.000000000,100144,195,99939,218,100423,218,99936,218,100476,218,99934,218,100527,218,99906,218,100618,100,99900,100,101124,100,99758,100,101156,100,99520,100,101412,100,99386,100,101878,100,99242,100,101952,100,98918,100
2019-06-28 10:06:20.996617620,100089,100,99939,218,100144,195,99936,218,100423,218,99934,218,100476,218,99906,218,100527,218,99900,100,100618,100,99758,100,101124,100,99520,100,101156,100,99386,100,101412,100,99242,100,101878,100,98918,100
2019-06-28 10:06:30.000000000,100089,195,99939,195,100144,172,99936,195,100423,195,99934,195,100476,195,99906,195,100527,195,99900,195,100618,100,99758,100,101124,100,99520,100,101156,100,99386,100,101412,100,99242,100,101878,100,98918,100
2019-06-28 10:06:40.000000000,100089,574,99939,574,100144,77,99936,100,100423,100,99934,100,100476,100,99906,100,100527,100,99900,100,100618,100,99758,100,101124,100,99520,100,101156,100,99386,100,101412,100,99242,100,101878,100,98918,100
2019-06-28 10:06:50.000000000,100089,261,99939,261,100144,233,99936,256,100423,256,99934,256,100476,100,99906,100,100527,100,99900,100,100618,100,99758,100,101124,100,99520,100,101156,100,99386,100,101412,100,99242,100,101878,100,98918,100
2019-06-28 10:06:52.579226914,100089,261,99939,261,100144,233,99936,256,100423,256,99934,256,100476,100,99906,100,100527,100,99900,100,100618,100,99806,100,101124,100,99758,100,101156,100,99520,100,101412,100,99386,100,101878,100,99242,100
2019-06-28 10:07:00.000000000,100089,574,99939,574,100144,77,99936,100,100423,100,99934,100,100476,100,99906,100,100527,100,99900,100,100618,100,99806,100,101124,100,99758,100,101156,100,99520,100,101412,100,99386,100,101878,100,99242,100
2019-06-28 10:07:10.000000000,100089,261,99939,261,100144,233,99936,256,100423,256,99934,256,100476,100,99906,100,100527,100,99900,100,100618,100,99806,100,101124,100,99758,100,101156,100,99520,100,101412,100,99386,100,101878,100,99242,100
2019-06-28 10:07:13.698561238,100089,261,99965,100,100144,233,99939,261,100423,256,99936,256,100476,100,99934,256,100527,100,99906,100,100618,100,99900,100,101124,100,99806,100,101156,100,99758,100,101412,100,99520,100,101878,100,99386,100
2019-06-28 10:07:20.000000000,100089,195,99965,195,100144,172,99939,195,100423,195,99936,195,100476,195,99934,195,100527,195,99906,195,100618,100,99900,100,101124,100,99806,100,101156,100,99758,100,101412,100,99520,100,101878,100,99386,100
2019-06-28 10:07:30.000000000,100089,574,99965,574,100144,77,99939,100,100423,100,99936,100,100476,100,99934,100,100527,100,99906,100,100618,100,99900,100,101124,100,99806,100,101156,100,99758,100,101412,100,99520,100,101878,100,99386,100
2019-06-28 10:07:40.000000000,100089,195,99965,195,100144,172,99939,195,100423,195,99936,195,100476,195,99934,195,100527,195,99906,195,100618,100,99900,100,101124,100,99806,100,101156,100,99758,100,101412,100,99520,100,101878,100,99386,100
2019-06-28 10:07:50.000000000,100089,261,99965,261,100144,233,99939,256,100423,256,99936,256,100476,100,99934,100,100527,100,99906,100,100618,100,99900,100,101124,100,99806,100,101156,100,99758,100,101412,100,99520,100,101878,100,99386,100
2019-06-28 10:07:53.005095689,100089,261,99965,261,100144,233,99939,256,100423,256,99936,256,100476,100,99934,100,100527,100,99906,100,100618,100,99806,100,101124,100,99758,100,101156,100,99686,100,101412,100,99520,100,101878,100,99386,100
2019-06-28 10:08:00.000000000,100089,337,99965,337,100144,314,99939,337,100423,100,99936,100,100476,100,99934,100,100527,100,99906,100,100618,100,99806,100,101124,100,99758,100,101156,100,99686,100,101412,100,99520,100,101878,100,99386,100
2019-06-28 10:08:10.000000000,100089,261,99965,261,100144,233,99939,256,100423,256,99936,256,100476,100,99934,100,100527,100,99906,100,100618,100,99806,100,101124,100,99758,100,101156,100,99686,100,101412,100,99520,100,101878,100,99386,100
2019-06-28 10:08:14.228977998,100089,261,99965,261,100144,233,99939,256,100423,256,99936,256,100476,100,99934,100,100527,100,99906,100,100618,100,99877,100,101124,100,99806,100,101156,100,99758,100,101412,100,99686,100,101878,100,99520,100
2019-06-28 10:08:19.373288940,100089,161,99965,261,100144,233,99939,256,100423,256,99936,256,100476,100,99934,100,100527,100,99906,100,100618,100,99877,100,101124,100,99806,100,101156,100,99758,100,101412,100,99686,100,101878,100,99520,100
2019-06-28 10:08:20.000000000,100144,172,99965,195,100423,195,99939,195,100476,195,99936,195,100527,195,99934,195,100618,195,99906,195,101124,100,99877,100,101156,100,99806,100,101412,100,99758,100,101878,100,99686,100,101952,100,99520,100
2019-06-28 10:08:30.000000000,100144,314,99965,337,100423,337,99939,337,100476,100,99936,100,100527,100,99934,100,100618,100,99906,100,101124,100,99877,100,101156,100,99806,100,101412,100,99758,100,101878,100,99686,100,101952,100,99520,100
2019-06-28 10:08:30.218296665,100144,314,99966,100,100423,337,99965,337,100476,100,99939,337,100527,100,99936,100,100618,100,99934,100,101124,100,99906,100,101156,100,99877,100,101412,100,99806,100,101878,100,99758,100,101952,100,99686,100
2019-06-28 10:08:40.000000000,100144,238,99966,261,100423,256,99965,256,100476,256,99939,256,100527,100,99936,100,100618,100,99934,100,101124,100,99906,100,101156,100,99877,100,101412,100,99806,100,101878,100,99758,100,101952,100,99686,100
2019-06-28 10:08:50.000000000,100144,172,99966,195,100423,195,99965,195,100476,195,99939,195,100527,195,99936,195,100618,195,99934,195,101124,100,99906,100,101156,100,99877,100,101412,100,99806,100,101878,100,99758,100,101952,100,99686,100
2019-06-28 10:08:53.472541182,100144,172,99966,95,100423,195,99965,195,100476,195,99939,195,100527,195,99936,195,100618,195,99934,195,101124,100,99906,100,101156,100,99877,100,101412,100,99806,100,101878,100,99758,100,101952,100,99686,100
2019-06-28 10:09:00.000000000,100144,314,99965,337,100423,337,99939,337,100476,100,99936,100,100527,100,99934,100,100618,100,99906,100,101124,100,99877,100,101156,100,99806,100,101412,100,99758,100,101878,100,99686,100,101952,100,99520,100
2019-06-28 10:09:10.000000000,100144,238,99965,261,100423,256,99939,256,100476,256,99936,256,100527,100,99934,100,100618,100,99906,100,101124,100,99877,100,101156,100,99806,100,101412,100,99758,100,101878,100,99686,100,101952,100,99520,100
2019-06-28 10:09:16.275208907,100144,138,99965,261,100423,256,99939,256,100476,256,99936,256,100527,100,99934,100,100618,100,99906,100,101124,100,99877,100,101156,100,99806,100,101412,100,99758,100,101878,100,99686,100,101952,100,99520,100
2019-06-28 10:09:20.000000000,100423,261,99965,261,100476,256,99939,256,100527,256,99936,256,100618,100,99934,100,101124,100,99906,100,101156,100,99877,100,101412,100,99806,100,101878,100,99758,100,101952,100,99686,100,102069,100,99520,100
2019-06-28 10:09:23.373896127,100423,261,99965,161,100476,256,99939,256,100527,256,99936,256,100618,100,99934,100,101124,100,99906,100,101156,100,99877,100,101412,100,99806,100,101878,100,99686,100,101952,100,99520,100,102069,100,99386,100
2019-06-28 10:09:25.083726907,100143,100,99965,161,100423,261,99939,256,100476,256,99936,256,100527,256,99934,100,100618,100,99906,100,101124,100,99877,100,101156,100,99806,100,101412,100,99686,100,101878,100,99520,100,101952,100,99386,100
2019-06-28 10:09:30.000000000,100143,574,99939,574,100423,100,99936,100,100476,100,99934,100,100527,100,99906,100,100618,100,99877,100,101124,100,99806,100,101156,100,99686,100,101412,100,99520,100,101878,100,99386,100,101952,100,99242,100
2019-06-28 10:09:37.638825901,100143,574,100083,100,100423,100,99939,574,100476,100,99936,100,100527,100,99934,100,100618,100,99906,100,101124,100,99877,100,101156,100,99686,100,101412,100,99520,100,101878,100,99386,100,101952,100,99242,100
2019-06-28 10:09:40.000000000,100143,337,100083,337,100423,337,99939,337,100476,100,99936,100,100527,100,99934,100,100618,100,99906,100,101124,100,99877,100,101156,100,99686,100,101412,100,99520,100,101878,100,99386,100,101952,100,99242,100
2019-06-28 10:09:50.000000000,100143,218,100083,218,100423,218,99939,218,100476,218,99936,218,100527,218,99934,218,100618,100,99906,100,101124,100,99877,100,101156,100,99686,100,101412,100,99520,100,101878,100,99386,100,101952,100,99242,100
2019-06-28 10:10:00.000000000,100143,337,100083,337,100423,337,99939,337,100476,100,99936,100,100527,100,99934,100,100618,100,99906,100,101124,100,99877,100,101156,100,99686,100,101412,100,99520,100,101878,100,99386,100,101952,100,99242,100
2019-06-28 10:10:05.506262545,100143,337,100083,337,100423,337,99966,100,100476,100,99939,337,100527,100,99936,100,100618,100,99934,100,101124,100,99906,100,101156,100,99877,100,101412,100,99686,100,101878,100,99520,100,101952,100,99386,100
