,ask_price_1,ask_size_1,bid_price_1,bid_size_1,ask_price_2,ask_size_2,bid_price_2,bid_size_2,ask_price_3,ask_size_3,bid_price_3,bid_size_3,ask_price_4,ask_size_4,bid_price_4,bid_size_4,ask_price_5,ask_size_5,bid_price_5,bid_size_5,ask_price_6,ask_size_6,bid_price_6,bid_size_6,ask_price_7,ask_size_7,bid_price_7,bid_size_7,ask_price_8,ask_size_8,bid_price_8,bid_size_8,ask_price_9,ask_size_9,bid_price_9,bid_size_9,ask_price_10,ask_size_10,bid_price_10,bid_size_10
2019-06-28 09:30:00.000000000,100101,100,,,,,,,,,,,,,,,,,,,,,,,,,,,,,,,,,,,,,,
2019-06-28 09:30:00.000000001,100026,100,,,100101,100,,,,,,,,,,,,,,,,,,,,,,,,,,,,,,,,,,
2019-06-28 09:30:00.000000003,100026,100,99965,100,100101,100,,,,,,,,,,,,,,,,,,,,,,,,,,,,,,,,,,
2019-06-28 09:30:00.000000006,100026,100,99999,100,100101,100,99965,100,,,,,,,,,,,,,,,,,,,,,,,,,,,,,,,,
2019-06-28 09:30:00.000000008,100026,100,99999,100,100101,100,99965,100,100164,100,,,,,,,,,,,,,,,,,,,,,,,,,,,,,,
2019-06-28 09:30:00.000000012,100026,100,99999,100,100101,100,99984,100,100164,100,99965,100,,,,,,,,,,,,,,,,,,,,,,,,,,,,
2019-06-28 09:30:00.000000013,100026,100,99999,100,100101,100,99984,100,100164,100,99980,100,,,99965,100,,,,,,,,,,,,,,,,,,,,,,,,
2019-06-28 09:30:00.000000016,100026,100,99999,100,100083,100,99984,100,100101,100,99980,100,100164,100,99965,100,100245,100,,,,,,,,,,,,,,,,,,,,,,
2019-06-28 09:30:00.000000019,100026,100,99999,100,100083,100,99984,100,100101,100,99980,100,100164,100,99976,100,100245,100,99965,100,,,99955,100,,,99939,100,,,,,,,,,,,,
2019-06-28 09:30:00.000000020,100026,100,99984,100,100083,100,99980,100,100101,100,99976,100,100164,100,99965,100,100245,100,99955,100,,,99939,100,,,99908,100,,,,,,,,,,,,
2019-06-28 09:30:00.000000021,100083,100,99984,100,100101,100,99980,100,100164,100,99976,100,100245,100,99965,100,,,99955,100,,,99939,100,,,99908,100,,,,,,,,,,,,
2019-06-28 09:30:00.000000023,100026,100,99984,100,100083,100,99980,100,100101,100,99976,100,100164,100,99965,100,100245,100,99955,100,,,99939,100,,,99908,100,,,,,,,,,,,,
2019-06-28 09:30:00.000000024,100026,100,99980,100,100041,100,99976,100,100083,100,99965,100,100101,100,99955,100,100164,100,99939,100,100245,100,99908,100,,,,,,,,,,,,,,,,
2019-06-28 09:30:00.000000025,100026,100,99984,100,100041,100,99980,100,100083,100,99976,100,100101,100,99965,100,100164,100,99955,100,100245,100,99939,100,,,99908,100,,,,,,,,,,,,
2019-06-28 09:30:00.000000029,100026,100,99984,200,100041,100,99980,100,100083,100,99976,100,100101,100,99965,100,100164,100,99955,100,100228,100,99939,100,100245,100,99908,100,,,,,,,,,,,,
2019-06-28 09:30:00.000000032,100026,100,99985,100,100041,100,99984,100,100083,100,99980,100,100101,100,99976,100,100164,100,99965,100,100228,100,99955,100,100245,100,99939,100,,,99908,100,,,,,,,,
2019-06-28 09:30:00.000000036,100026,100,99984,100,100041,100,99980,100,100083,100,99976,100,100101,100,99965,100,100164,100,99955,100,100228,100,99939,100,100245,100,99908,100,,,,,,,,,,,,
2019-06-28 09:30:00.000000037,100026,100,99984,100,100041,100,99980,100,100083,100,99976,100,100086,100,99965,100,100101,100,99960,100,100164,100,99955,100,100228,100,99939,100,100245,100,99908,100,,,,,,,,
2019-06-28 09:30:00.000000038,100026,100,99984,100,100041,100,99980,100,100083,100,99976,100,100086,200,99972,100,100101,100,99965,100,100164,100,99960,100,100228,100,99955,100,100245,100,99939,100,,,99908,100,,,,
2019-06-28 09:30:00.000000041,100026,100,99984,100,100041,100,99980,100,100055,100,99976,100,100083,100,99972,100,100086,200,99965,100,100101,100,99960,100,100164,100,99955,100,100228,100,99939,100,100245,100,99908,100,,,,
2019-06-28 09:30:00.000000043,100026,100,99984,100,100041,100,99980,100,100055,100,99976,100,100083,100,99972,100,100086,200,99965,100,100101,100,99960,100,100164,100,99955,100,100228,100,99939,100,100245,100,99908,100,,,,
2019-06-28 09:30:00.000000045,100026,100,99984,100,100041,100,99980,100,100055,100,99976,100,100066,100,99972,100,100083,100,99965,100,100086,200,99960,100,100101,100,99958,100,100164,100,99955,100,100228,100,99939,100,100245,100,99908,100
2019-06-28 09:30:00.000000049,100026,100,99984,100,100041,100,99980,100,100055,100,99976,100,100066,100,99972,100,100083,100,99965,100,100086,200,99960,100,100101,100,99958,100,100164,100,99955,100,100228,100,99939,100,100245,100,99908,100
2019-06-28 09:30:00.000000056,100026,100,99984,100,100041,100,99980,100,100055,100,99976,100,100066,100,99972,100,100083,100,99965,100,100086,200,99960,100,100101,100,99958,100,100164,100,99955,100,100228,100,99939,100,100245,100,99908,100
2019-06-28 09:30:00.000000057,100026,100,99984,200,100041,100,99980,100,100055,100,99976,100,100066,100,99972,100,100083,100,99965,100,100086,200,99960,100,100101,100,99958,100,100164,100,99955,100,100228,100,99939,100,100245,100,99908,100
2019-06-28 09:30:00.000000058,100026,100,99993,100,100041,100,99984,200,100055,100,99980,100,100066,100,99976,100,100083,100,99972,100,100086,200,99965,100,100101,100,99960,100,100164,100,99958,100,100228,100,99955,100,100245,100,99939,100
2019-06-28 09:30:00.000000060,100026,100,99993,100,100041,100,99984,200,100055,100,99980,100,100066,100,99976,100,100083,100,99972,200,100086,200,99965,100,100101,100,99960,100,100164,100,99958,100,100228,100,99955,100,100245,100,99939,100
2019-06-28 09:30:00.000000061,100026,100,99993,100,100041,100,99984,200,100055,100,99980,100,100066,100,99976,100,100083,100,99972,200,100086,200,99965,100,100101,100,99960,100,100164,100,99958,100,100228,100,99955,100,100245,100,99939,100
2019-06-28 09:30:00.000000062,100026,100,99993,100,100041,100,99984,200,100055,100,99980,100,100066,100,99976,100,100083,100,99972,200,100086,200,99969,100,100101,100,99965,100,100164,100,99960,100,100228,100,99958,100,100245,100,99955,100
2019-06-28 09:30:00.000000065,100026,100,99993,100,100041,100,99984,200,100055,100,99980,100,100066,100,99976,100,100083,100,99972,200,100086,200,99969,100,100101,100,99965,100,100164,100,99960,100,100228,100,99958,100,100245,100,99956,100
2019-06-28 09:30:00.000000067,100026,100,99993,100,100041,100,99984,200,100055,100,99980,100,100066,100,99976,100,100083,100,99972,200,100086,200,99969,100,100101,100,99965,100,100107,100,99960,100,100164,100,99958,100,100228,100,99956,100
2019-06-28 09:30:00.000000070,100026,100,99984,200,100041,100,99980,100,100055,100,99976,100,100066,100,99972,200,100083,100,99969,100,100086,200,99965,100,100101,100,99960,100,100107,100,99958,100,100164,100,99956,100,100228,100,99955,100
2019-06-28 09:30:00.000000071,100000,100,99984,200,100025,100,99980,100,100026,100,99976,100,100041,100,99972,200,100055,100,99969,100,100066,100,99965,100,100083,100,99960,100,100086,200,99958,100,100101,100,99956,100,100107,100,99955,100
2019-06-28 09:30:00.000000072,100000,100,99984,200,100025,200,99980,100,100026,100,99976,100,100041,100,99972,200,100055,100,99969,100,100066,100,99965,100,100083,100,99960,100,100086,200,99958,100,100101,100,99956,100,100107,100,99955,100
2019-06-28 09:30:00.000000073,100000,100,99984,200,100025,300,99980,100,100026,100,99976,100,100041,100,99972,200,100055,100,99969,100,100066,100,99965,100,100083,100,99960,100,100086,200,99958,100,100101,100,99956,100,100107,100,99955,100
2019-06-28 09:30:00.000000074,100000,100,99984,200,100025,300,99980,100,100026,100,99976,100,100041,100,99972,200,100055,100,99969,100,100066,100,99965,100,100083,100,99960,100,100086,200,99958,100,100101,100,99956,100,100107,100,99955,100
2019-06-28 09:30:00.000000078,100025,300,99984,200,100026,100,99980,100,100041,100,99976,100,100055,100,99972,200,100066,100,99969,100,100083,100,99965,100,100086,200,99960,100,100101,100,99958,100,100107,100,99956,100,100164,100,99955,100
2019-06-28 09:30:00.000000079,100025,200,99984,200,100026,100,99980,100,100041,100,99976,100,100055,100,99972,200,100066,100,99969,100,100083,100,99965,100,100086,200,99960,100,100101,100,99958,100,100107,100,99956,100,100164,100,99955,100
2019-06-28 09:30:00.000000080,100025,200,100019,100,100026,100,99984,200,100041,100,99980,100,100055,100,99976,100,100066,100,99972,200,100083,100,99969,100,100086,200,99967,100,100101,100,99965,100,100107,100,99960,100,100164,100,99958,100
2019-06-28 09:30:00.000000081,100025,200,100019,100,100026,100,99984,200,100041,100,99980,100,100055,100,99976,100,100066,100,99972,200,100083,100,99969,100,100086,200,99967,100,100101,100,99965,100,100107,100,99960,100,100164,100,99958,100
2019-06-28 09:30:00.000000082,100025,200,100019,100,100026,100,99984,200,100041,100,99980,100,100049,100,99976,100,100055,100,99972,200,100066,100,99969,100,100083,100,99967,100,100086,200,99965,100,100101,100,99960,100,100107,100,99958,100
2019-06-28 09:30:00.000000083,100025,200,100019,100,100026,100,99984,200,100041,100,99980,100,100049,100,99976,100,100055,100,99972,200,100066,100,99969,100,100083,100,99967,100,100086,200,99965,100,100101,100,99960,100,100107,100,99958,100
2019-06-28 09:30:00.000000084,100025,100,100019,100,100026,100,99984,200,100041,100,99980,100,100049,100,99976,100,100055,100,99972,200,100066,100,99969,100,100083,100,99967,100,100086,200,99965,100,100101,100,99960,100,100107,100,99958,100
2019-06-28 09:30:00.000000085,100025,100,100019,100,100026,100,99984,200,100041,100,99980,100,100049,100,99976,100,100055,100,99972,200,100066,100,99970,100,100083,100,99969,100,100086,200,99967,100,100101,100,99965,100,100107,100,99960,100
2019-06-28 09:30:00.000000086,100025,100,100019,100,100026,100,99984,200,100041,100,99980,100,100049,100,99976,100,100055,100,99972,200,100066,100,99970,100,100083,100,99969,100,100086,200,99967,100,100101,100,99965,100,100107,100,99960,100
2019-06-28 09:30:00.000000088,100025,200,100019,100,100026,100,99984,200,100041,100,99980,100,100049,100,99976,100,100055,100,99972,200,100066,100,99970,100,100083,100,99969,100,100086,200,99967,100,100101,100,99965,100,100107,100,99960,100
2019-06-28 09:30:00.000000089,100025,200,100019,100,100026,100,100001,100,100041,100,99984,200,100049,100,99980,100,100055,100,99976,100,100066,100,99972,200,100083,100,99970,100,100086,200,99969,100,100101,100,99967,100,100107,100,99965,100
2019-06-28 09:30:00.000000092,100025,200,100019,100,100026,100,100001,100,100041,100,99984,200,100049,100,99980,100,100055,100,99976,100,100066,100,99972,200,100077,100,99970,100,100083,100,99969,100,100086,200,99967,100,100101,100,99965,100
2019-06-28 09:30:00.000000093,100025,200,100019,100,100026,100,100001,100,100041,100,99984,200,100049,100,99980,100,100052,100,99976,100,100055,100,99972,200,100066,100,99970,100,100077,100,99969,100,100083,100,99967,100,100086,200,99965,100
2019-06-28 09:30:00.000000098,100025,200,100001,100,100026,100,99984,200,100041,100,99980,100,100049,100,99976,100,100052,100,99972,200,100055,100,99970,100,100066,100,99969,100,100077,100,99967,100,100083,100,99965,100,100086,200,99960,100
2019-06-28 09:30:10.000000000,100025,356,100001,256,100026,256,99984,356,100041,100,99980,100,100049,100,99976,100,100052,100,99972,200,100055,100,99970,100,100066,100,99969,100,100077,100,99967,100,100083,100,99965,100,100086,200,99960,100
2019-06-28 09:30:13.878164448,100025,256,100001,256,100026,256,99984,356,100041,100,99980,100,100049,100,99976,100,100052,100,99972,200,100055,100,99970,100,100066,100,99969,100,100077,100,99967,100,100083,100,99965,100,100086,200,99960,100
2019-06-28 09:30:20.000000000,100025,178,100001,178,100026,178,99984,278,100041,178,99980,178,100049,178,99976,178,100052,100,99972,200,100055,100,99970,100,100066,100,99969,100,100077,100,99967,100,100083,100,99965,100,100086,200,99960,100
2019-06-28 09:30:30.000000000,100025,162,100001,162,100026,162,99984,262,100041,162,99980,162,100049,162,99976,162,100052,162,99972,262,100055,100,99970,100,100066,100,99969,100,100077,100,99967,100,100083,100,99965,100,100086,200,99960,100
2019-06-28 09:30:40.000000000,100025,412,100001,412,100026,100,99984,200,100041,100,99980,100,100049,100,99976,100,100052,100,99972,200,100055,100,99970,100,100066,100,99969,100,100077,100,99967,100,100083,100,99965,100,100086,200,99960,100
2019-06-28 09:30:40.277803130,100025,312,100001,412,100026,100,99984,200,100041,100,99980,100,100049,100,99976,100,100052,100,99972,200,100055,100,99970,100,100066,100,99969,100,100077,100,99967,100,100083,100,99965,100,100086,200,99960,100
2019-06-28 09:30:41.957719712,100025,312,100001,412,100026,100,99984,100,100041,100,99980,100,100049,100,99976,100,100052,100,99972,200,100055,100,99970,100,100066,100,99969,100,100077,100,99967,100,100083,100,99965,100,100086,200,99960,100
2019-06-28 09:30:50.000000000,100026,412,100001,412,100041,100,99984,100,100049,100,99980,100,100052,100,99976,100,100055,100,99972,200,100066,100,99970,100,100077,100,99969,100,100083,100,99967,100,100086,200,99965,100,100101,100,99960,100
2019-06-28 09:30:52.082515607,100026,312,100001,412,100041,100,99984,100,100049,100,99980,100,100052,100,99976,100,100055,100,99972,200,100066,100,99970,100,100077,100,99969,100,100083,100,99967,100,100086,200,99965,100,100101,100,99960,100
2019-06-28 09:31:00.000000000,100041,206,100001,206,100049,203,99984,203,100052,203,99980,203,100055,100,99976,100,100066,100,99972,200,100077,100,99970,100,100083,100,99969,100,100086,200,99967,100,100101,100,99965,100,100107,100,99960,100
2019-06-28 09:31:10.000000000,100041,256,100001,256,100049,256,99984,256,100052,100,99980,100,100055,100,99976,100,100066,100,99972,200,100077,100,99970,100,100083,100,99969,100,100086,200,99967,100,100101,100,99965,100,100107,100,99960,100
2019-06-28 09:31:20.000000000,100041,162,100001,162,100049,162,99984,162,100052,162,99980,162,100055,162,99976,162,100066,162,99972,262,100077,100,99970,100,100083,100,99969,100,100086,200,99967,100,100101,100,99965,100,100107,100,99960,100
2019-06-28 09:31:26.897653909,100041,62,100001,162,100049,162,99984,162,100052,162,99980,162,100055,162,99976,162,100066,162,99972,262,100077,100,99970,100,100083,100,99969,100,100086,200,99967,100,100101,100,99965,100,100107,100,99960,100
2019-06-28 09:31:30.000000000,100049,412,100001,412,100052,100,99984,100,100055,100,99980,100,100066,100,99976,100,100077,100,99972,200,100083,100,99970,100,100086,200,99969,100,100101,100,99967,100,100107,100,99965,100,100108,100,99960,100
2019-06-28 09:31:40.000000000,100049,206,100001,206,100052,203,99984,203,100055,203,99980,203,100066,100,99976,100,100077,100,99972,200,100083,100,99970,100,100086,200,99969,100,100101,100,99967,100,100107,100,99965,100,100108,100,99960,100
2019-06-28 09:31:50.000000000,100049,178,100001,178,100052,178,99984,178,100055,178,99980,178,100066,178,99976,178,100077,100,99972,200,100083,100,99970,100,100086,200,99969,100,100101,100,99967,100,100107,100,99965,100,100108,100,99960,100
2019-06-28 09:32:00.000000000,100049,412,100001,412,100052,100,99984,100,100055,100,99980,100,100066,100,99976,100,100077,100,99972,200,100083,100,99970,100,100086,200,99969,100,100101,100,99967,100,100107,100,99965,100,100108,100,99960,100
2019-06-28 09:32:10.000000000,100049,162,100001,162,100052,162,99984,162,100055,162,99980,162,100066,162,99976,162,100077,162,99972,262,100083,100,99970,100,100086,200,99969,100,100101,100,99967,100,100107,100,99965,100,100108,100,99960,100
2019-06-28 09:32:20.000000000,100049,256,100001,256,100052,256,99984,256,100055,100,99980,100,100066,100,99976,100,100077,100,99972,200,100083,100,99970,100,100086,200,99969,100,100101,100,99967,100,100107,100,99965,100,100108,100,99960,100
2019-06-28 09:32:23.953657865,100049,156,100001,256,100052,256,99984,256,100055,100,99980,100,100066,100,99976,100,100077,100,99972,200,100083,100,99970,100,100086,200,99969,100,100101,100,99967,100,100107,100,99965,100,100108,100,99960,100
2019-06-28 09:32:30.000000000,100052,256,100001,256,100055,256,99984,256,100066,100,99980,100,100077,100,99976,100,100083,100,99972,200,100086,200,99970,100,100101,100,99969,100,100107,100,99967,100,100108,100,99965,100,100111,100,99960,100
2019-06-28 09:32:32.438059675,100052,256,100041,100,100055,256,100001,256,100066,100,99984,256,100077,100,99980,100,100083,100,99976,100,100086,200,99972,200,100101,100,99970,100,100107,100,99969,100,100108,100,99967,100,100111,100,99965,100
2019-06-28 09:32:33.520733434,100052,256,100041,100,100055,256,100001,256,100066,100,99984,256,100077,100,99980,100,100083,100,99976,100,100086,200,99972,200,100101,100,99970,100,100107,100,99969,100,100108,100,99967,100,100111,100,99965,100
2019-06-28 09:32:40.000000000,100052,412,100041,412,100055,100,100001,100,100066,100,99984,100,100077,100,99980,100,100083,100,99976,100,100086,200,99972,200,100101,100,99970,100,100107,100,99969,100,100108,100,99967,100,100111,100,99965,100
2019-06-28 09:32:50.000000000,100052,206,100041,206,100055,203,100001,203,100066,203,99984,203,100077,100,99980,100,100083,100,99976,100,100086,200,99972,200,100101,100,99970,100,100107,100,99969,100,100108,100,99967,100,100111,100,99965,100
2019-06-28 09:32:50.751533272,100052,206,100041,206,100055,203,100001,203,100066,203,99984,203,100077,100,99980,100,100083,100,99976,100,100086,200,99972,200,100101,100,99970,100,100107,100,99969,100,100108,100,99967,100,100111,100,99965,100
2019-06-28 09:32:56.890088550,100052,206,100041,206,100055,203,100001,203,100066,203,99984,203,100077,100,99980,100,100083,100,99976,100,100086,200,99972,200,100101,100,99970,100,100107,100,99967,100,100108,100,99965,100,100111,100,99960,100
2019-06-28 09:33:00.000000000,100052,178,100041,178,100055,178,100001,178,100066,178,99984,178,100077,178,99980,178,100083,100,99976,100,100086,200,99972,200,100101,100,99970,100,100107,100,99967,100,100108,100,99965,100,100111,100,99960,100
2019-06-28 09:33:03.999106644,100052,178,100041,178,100055,178,100001,178,100066,178,99984,178,100077,78,99980,178,100083,100,99976,100,100086,200,99972,200,100101,100,99970,100,100107,100,99967,100,100108,100,99965,100,100111,100,99960,100
2019-06-28 09:33:10.000000000,100052,256,100041,256,100055,256,100001,256,100066,100,99984,100,100083,100,99980,100,100086,200,99976,100,100101,100,99972,200,100107,100,99970,100,100108,100,99967,100,100111,100,99965,100,100133,100,99960,100
2019-06-28 09:33:13.819253570,100052,256,100041,256,100055,256,100001,256,100066,100,99984,100,100083,100,99980,100,100086,200,99976,100,100101,100,99972,200,100107,100,99970,100,100108,100,99967,100,100111,100,99965,100,100133,100,99960,100
2019-06-28 09:33:20.000000000,100052,412,100041,412,100055,100,100001,100,100066,100,99984,100,100083,100,99980,100,100086,200,99976,100,100101,100,99972,200,100107,100,99970,100,100108,100,99967,100,100111,100,99965,100,100133,100,99960,100
2019-06-28 09:33:22.194806866,100052,412,100041,412,100055,100,100001,100,100066,100,99984,100,100083,100,99980,100,100086,200,99976,100,100101,100,99972,200,100107,100,99970,100,100108,100,99967,100,100111,100,99965,100,100133,100,99960,100
2019-06-28 09:33:30.000000000,100052,162,100041,162,100055,162,100001,162,100066,162,99984,162,100083,162,99980,162,100086,262,99976,162,100101,100,99972,200,100107,100,99970,100,100108,100,99967,100,100111,100,99965,100,100133,100,99960,100
2019-06-28 09:33:40.000000000,100052,256,100041,256,100055,256,100001,256,100066,100,99984,100,100083,100,99980,100,100086,200,99976,100,100101,100,99972,200,100107,100,99970,100,100108,100,99967,100,100111,100,99965,100,100133,100,99960,100
2019-06-28 09:33:50.000000000,100052,162,100041,162,100055,162,100001,162,100066,162,99984,162,100083,162,99980,162,100086,262,99976,162,100101,100,99972,200,100107,100,99970,100,100108,100,99967,100,100111,100,99965,100,100133,100,99960,100
2019-06-28 09:33:51.411948565,100052,62,100041,162,100055,162,100001,162,100066,162,99984,162,100083,162,99980,162,100086,262,99976,162,100101,100,99972,200,100107,100,99970,100,100108,100,99967,100,100111,100,99965,100,100133,100,99960,100
2019-06-28 09:34:00.000000000,100055,412,100041,412,100066,100,100001,100,100083,100,99984,100,100086,200,99980,100,100101,100,99976,100,100107,100,99972,200,100108,100,99970,100,100111,100,99967,100,100133,100,99965,100,100228,100,99960,100
2019-06-28 09:34:01.289190346,100055,312,100041,412,100066,100,100001,100,100083,100,99984,100,100086,200,99980,100,100101,100,99976,100,100107,100,99972,200,100108,100,99970,100,100111,100,99967,100,100133,100,99965,100,100228,100,99960,100
2019-06-28 09:34:10.000000000,100066,256,100041,256,100083,256,100001,256,100086,200,99984,100,100101,100,99980,100,100107,100,99976,100,100108,100,99972,200,100111,100,99970,100,100133,100,99967,100,100228,100,99965,100,100596,100,99960,100
2019-06-28 09:34:11.714934908,100066,156,100041,256,100083,256,100001,256,100086,200,99984,100,100101,100,99980,100,100107,100,99976,100,100108,100,99972,200,100111,100,99970,100,100133,100,99967,100,100228,100,99965,100,100596,100,99960,100
2019-06-28 09:34:20.000000000,100083,256,100041,256,100086,356,100001,256,100101,100,99984,100,100107,100,99980,100,100108,100,99976,100,100111,100,99972,200,100133,100,99970,100,100228,100,99967,100,100596,100,99965,100,100731,100,99960,100
2019-06-28 09:34:30.000000000,100083,256,100041,256,100086,356,100001,256,100101,100,99984,100,100107,100,99980,100,100108,100,99976,100,100111,100,99972,200,100133,100,99970,100,100228,100,99967,100,100596,100,99965,100,100731,100,99960,100
2019-06-28 09:34:32.451916215,100083,256,100055,100,100086,356,100041,256,100101,100,100001,256,100107,100,99984,100,100108,100,99980,100,100111,100,99976,100,100133,100,99972,200,100228,100,99970,100,100596,100,99967,100,100731,100,99965,100
2019-06-28 09:34:40.000000000,100083,412,100055,412,100086,200,100041,100,100101,100,100001,100,100107,100,99984,100,100108,100,99980,100,100111,100,99976,100,100133,100,99972,200,100228,100,99970,100,100596,100,99967,100,100731,100,99965,100
2019-06-28 09:34:50.000000000,100083,162,100055,162,100086,262,100041,162,100101,162,100001,162,100107,162,99984,162,100108,162,99980,162,100111,100,99976,100,100133,100,99972,200,100228,100,99970,100,100596,100,99967,100,100731,100,99965,100
2019-06-28 09:34:55.714098442,100083,62,100055,162,100086,162,100041,162,100101,162,100001,162,100107,162,99984,162,100108,162,99980,162,100111,100,99976,100,100133,100,99972,200,100228,100,99970,100,100596,100,99967,100,100731,100,99965,100
2019-06-28 09:34:59.713667539,100086,162,100083,38,100101,162,100055,162,100107,162,100041,162,100108,162,100001,162,100111,100,99984,162,100133,100,99980,162,100228,100,99976,100,100596,100,99972,200,100731,100,99970,100,100938,100,99967,100
2019-06-28 09:35:00.000000000,100086,162,100083,100,100101,162,100055,162,100107,162,100041,162,100108,162,100001,162,100111,162,99984,162,100133,100,99980,100,100228,100,99976,100,100596,100,99972,200,100731,100,99970,100,100938,100,99967,100
2019-06-28 09:35:06.302205768,100086,162,100083,100,100101,162,100055,162,100107,62,100041,162,100108,162,100001,162,100111,162,99984,162,100133,100,99980,100,100228,100,99976,100,100353,100,99972,200,100596,100,99970,100,100731,100,99967,100
2019-06-28 09:35:10.000000000,100086,162,100083,100,100101,162,100055,162,100108,162,100041,162,100111,162,100001,162,100133,162,99984,162,100228,100,99980,100,100353,100,99976,100,100596,100,99972,200,100731,100,99970,100,100938,100,99967,100
2019-06-28 09:35:20.000000000,100086,162,100083,100,100101,162,100055,162,100108,162,100041,162,100111,162,100001,162,100133,162,99984,162,100228,100,99980,100,100353,100,99976,100,100596,100,99972,200,100731,100,99970,100,100938,100,99967,100
2019-06-28 09:35:30.000000000,100086,412,100083,350,100101,100,100055,100,100108,100,100041,100,100111,100,100001,100,100133,100,99984,100,100228,100,99980,100,100353,100,99976,100,100596,100,99972,200,100731,100,99970,100,100938,100,99967,100
2019-06-28 09:35:40.000000000,100086,178,100083,116,100101,178,100055,178,100108,178,100041,178,100111,178,100001,178,100133,100,99984,100,100228,100,99980,100,100353,100,99976,100,100596,100,99972,200,100731,100,99970,100,100938,100,99967,100
2019-06-28 09:35:46.389635781,100086,178,100083,116,100101,178,100055,178,100108,178,100041,178,100111,178,100001,178,100133,100,99984,100,100228,100,99980,100,100353,100,99976,100,100596,100,99972,100,100731,100,99970,100,100756,100,99967,100
2019-06-28 09:35:50.000000000,100086,412,100083,350,100101,100,100055,100,100108,100,100041,100,100111,100,100001,100,100133,100,99984,100,100228,100,99980,100,100353,100,99976,100,100596,100,99972,100,100731,100,99970,100,100756,100,99967,100
2019-06-28 09:35:51.851501976,100086,412,100083,350,100101,100,100055,100,100108,100,100041,100,100111,100,100001,100,100133,100,99984,100,100228,100,99980,100,100353,100,99976,100,100596,100,99972,100,100731,100,99970,100,100756,100,99967,100
2019-06-28 09:36:00.000000000,100086,412,100083,350,100101,100,100055,100,100108,100,100041,100,100111,100,100001,100,100133,100,99984,100,100228,100,99980,100,100353,100,99976,100,100596,100,99972,100,100731,100,99970,100,100756,100,99967,100
2019-06-28 09:36:09.040645548,100086,412,100083,450,100101,100,100055,100,100108,100,100041,100,100111,100,100001,100,100133,100,99984,100,100228,100,99980,100,100353,100,99976,100,100596,100,99972,100,100731,100,99970,100,100756,100,99967,100
2019-06-28 09:36:09.435939732,100086,412,100083,450,100101,100,100055,100,100108,100,100041,100,100111,100,100001,100,100133,100,99984,100,100228,100,99980,100,100353,100,99976,100,100596,100,99972,100,100731,100,99970,100,100756,100,99967,100
2019-06-28 09:36:10.000000000,100086,256,100083,294,100101,256,100055,256,100108,100,100041,100,100111,100,100001,100,100133,100,99984,100,100228,100,99980,100,100353,100,99976,100,100596,100,99972,100,100731,100,99970,100,100756,100,99967,100
2019-06-28 09:36:20.000000000,100086,256,100083,294,100101,256,100055,256,100108,100,100041,100,100111,100,100001,100,100133,100,99984,100,100228,100,99980,100,100353,100,99976,100,100596,100,99972,100,100731,100,99970,100,100756,100,99967,100
2019-06-28 09:36:22.280763579,100086,256,100083,394,100101,256,100055,156,100108,100,100041,100,100111,100,100001,100,100133,100,99984,100,100228,100,99980,100,100353,100,99976,100,100596,100,99972,100,100731,100,99970,100,100756,100,99967,100
2019-06-28 09:36:23.836248077,100086,156,100083,356,100101,256,100055,156,100108,100,100041,100,100111,100,100001,100,100133,100,99984,100,100228,100,99980,100,100353,100,99976,100,100596,100,99972,100,100731,100,99970,100,100756,100,99967,100
2019-06-28 09:36:30.000000000,100101,206,100083,306,100108,203,100041,203,100111,203,100001,203,100133,100,99984,100,100228,100,99980,100,100353,100,99976,100,100596,100,99972,100,100731,100,99970,100,100756,100,99967,100,100781,100,99965,100
2019-06-28 09:36:37.122767576,100101,106,100083,306,100108,203,100041,203,100111,203,100001,203,100133,100,99984,100,100228,100,99980,100,100353,100,99976,100,100596,100,99972,100,100731,100,99970,100,100756,100,99967,100,100781,100,99965,100
2019-06-28 09:36:38.808680790,100101,106,100086,100,100108,203,100083,306,100111,203,100041,203,100133,100,100001,203,100228,100,99984,100,100353,100,99980,100,100596,100,99976,100,100731,100,99972,100,100756,100,99970,100,100781,100,99967,100
2019-06-28 09:36:39.419741048,100101,106,100086,200,100108,203,100083,306,100111,203,100041,203,100133,100,100001,203,100228,100,99984,100,100353,100,99980,100,100596,100,99976,100,100731,100,99972,100,100756,100,99970,100,100781,100,99967,100
2019-06-28 09:36:40.000000000,100108,162,100086,262,100111,162,100083,262,100133,162,100041,162,100228,162,100001,162,100353,162,99984,162,100596,100,99980,100,100731,100,99976,100,100756,100,99972,100,100781,100,99970,100,100938,100,99967,100
2019-06-28 09:36:50.000000000,100108,256,100086,356,100111,256,100083,356,100133,100,100041,100,100228,100,100001,100,100353,100,99984,100,100596,100,99980,100,100731,100,99976,100,100756,100,99972,100,100781,100,99970,100,100938,100,99967,100
2019-06-28 09:37:00.000000000,100108,162,100086,262,100111,162,100083,262,100133,162,100041,162,100228,162,100001,162,100353,162,99984,162,100596,100,99980,100,100731,100,99976,100,100756,100,99972,100,100781,100,99970,100,100938,100,99967,100
2019-06-28 09:37:07.742182663,100108,162,100086,262,100111,162,100083,262,100133,162,100041,162,100228,162,100001,162,100353,162,99984,162,100731,100,99980,100,100756,100,99976,100,100781,100,99972,100,100938,100,99970,100,101017,100,99967,100
2019-06-28 09:37:10.000000000,100108,256,100086,356,100111,256,100083,356,100133,100,100041,100,100228,100,100001,100,100353,100,99984,100,100731,100,99980,100,100756,100,99976,100,100781,100,99972,100,100938,100,99970,100,101017,100,99967,100
2019-06-28 09:37:20.000000000,100108,162,100086,262,100111,162,100083,262,100133,162,100041,162,100228,162,100001,162,100353,162,99984,162,100731,100,99980,100,100756,100,99976,100,100781,100,99972,100,100938,100,99970,100,101017,100,99967,100
2019-06-28 09:37:30.000000000,100108,162,100086,262,100111,162,100083,262,100133,162,100041,162,100228,162,100001,162,100353,162,99984,162,100731,100,99980,100,100756,100,99976,100,100781,100,99972,100,100938,100,99970,100,101017,100,99967,100
2019-06-28 09:37:35.564777943,100108,162,100086,262,100111,162,100083,262,100133,162,100041,162,100228,162,100001,162,100353,162,99984,162,100568,100,99980,100,100731,100,99976,100,100756,100,99972,100,100781,100,99970,100,100938,100,99967,100
2019-06-28 09:37:38.465199302,100108,162,100086,262,100111,162,100083,262,100133,162,100041,162,100228,162,100001,62,100353,162,99984,162,100568,100,99980,100,100631,100,99976,100,100731,100,99972,100,100756,100,99970,100,100781,100,99967,100
2019-06-28 09:37:40.000000000,100108,412,100086,512,100111,100,100083,200,100133,100,100041,100,100228,100,99984,100,100353,100,99980,100,100568,100,99976,100,100631,100,99972,100,100731,100,99970,100,100756,100,99967,100,100781,100,99965,100
2019-06-28 09:37:47.461157153,100108,412,100086,612,100111,100,100083,200,100133,100,100041,100,100228,100,99984,100,100353,100,99980,100,100568,100,99976,100,100631,100,99972,100,100731,100,99970,100,100756,100,99967,100,100781,100,99965,100
2019-06-28 09:37:50.000000000,100108,412,100086,612,100111,100,100083,200,100133,100,100041,100,100228,100,99984,100,100353,100,99980,100,100568,100,99976,100,100631,100,99972,100,100731,100,99970,100,100756,100,99967,100,100781,100,99965,100
2019-06-28 09:38:00.000000000,100108,256,100086,456,100111,256,100083,356,100133,100,100041,100,100228,100,99984,100,100353,100,99980,100,100568,100,99976,100,100631,100,99972,100,100731,100,99970,100,100756,100,99967,100,100781,100,99965,100
2019-06-28 09:38:10.000000000,100108,256,100086,456,100111,256,100083,356,100133,100,100041,100,100228,100,99984,100,100353,100,99980,100,100568,100,99976,100,100631,100,99972,100,100731,100,99970,100,100756,100,99967,100,100781,100,99965,100
2019-06-28 09:38:20.000000000,100108,256,100086,456,100111,256,100083,356,100133,100,100041,100,100228,100,99984,100,100353,100,99980,100,100568,100,99976,100,100631,100,99972,100,100731,100,99970,100,100756,100,99967,100,100781,100,99965,100
2019-06-28 09:38:30.000000000,100108,178,100086,378,100111,178,100083,278,100133,178,100041,178,100228,178,99984,178,100353,100,99980,100,100568,100,99976,100,100631,100,99972,100,100731,100,99970,100,100756,100,99967,100,100781,100,99965,100
2019-06-28 09:38:40.000000000,100108,412,100086,612,100111,100,100083,200,100133,100,100041,100,100228,100,99984,100,100353,100,99980,100,100568,100,99976,100,100631,100,99972,100,100731,100,99970,100,100756,100,99967,100,100781,100,99965,100
2019-06-28 09:38:47.346401846,100108,412,100086,712,100111,100,100083,100,100133,100,100041,100,100228,100,99984,100,100353,100,99980,100,100568,100,99976,100,100631,100,99972,100,100731,100,99970,100,100756,100,99967,100,100781,100,99965,100
2019-06-28 09:38:50.000000000,100108,412,100086,712,100111,100,100083,100,100133,100,100041,100,100228,100,99984,100,100353,100,99980,100,100568,100,99976,100,100631,100,99972,100,100731,100,99970,100,100756,100,99967,100,100781,100,99965,100
2019-06-28 09:39:00.000000000,100108,162,100086,462,100111,162,100083,162,100133,162,100041,162,100228,162,99984,162,100353,162,99980,162,100568,100,99976,100,100631,100,99972,100,100731,100,99970,100,100756,100,99967,100,100781,100,99965,100
2019-06-28 09:39:05.269002151,100108,62,100086,462,100111,162,100083,162,100133,162,100041,162,100228,162,99984,162,100353,162,99980,162,100568,100,99976,100,100631,100,99972,100,100731,100,99970,100,100756,100,99967,100,100781,100,99965,100
2019-06-28 09:39:09.324782535,100111,162,100108,38,100133,162,100086,462,100228,162,100083,162,100353,162,100041,162,100568,100,99984,162,100631,100,99980,162,100731,100,99976,100,100756,100,99972,100,100781,100,99970,100,100938,100,99967,100
2019-06-28 09:39:10.000000000,100111,178,100108,116,100133,178,100086,478,100228,178,100083,178,100353,178,100041,178,100568,100,99984,100,100631,100,99980,100,100731,100,99976,100,100756,100,99972,100,100781,100,99970,100,100938,100,99967,100
2019-06-28 09:39:11.542334218,100111,78,100108,116,100133,178,100086,478,100228,178,100083,178,100353,178,100041,178,100568,100,99984,100,100631,100,99980,100,100731,100,99976,100,100756,100,99972,100,100781,100,99970,100,100938,100,99967,100
2019-06-28 09:39:13.269095658,100133,178,100111,22,100228,178,100108,116,100353,178,100086,478,100568,100,100083,178,100731,100,100041,178,100756,100,99984,100,100781,100,99980,100,100938,100,99976,100,101017,100,99972,100,101118,100,99970,100
2019-06-28 09:39:17.202569226,100133,178,100111,122,100228,178,100108,116,100353,178,100086,478,100568,100,100083,178,100731,100,100041,178,100756,100,99984,100,100781,100,99980,100,100938,100,99976,100,101017,100,99972,100,101118,100,99970,100
2019-06-28 09:39:20.000000000,100133,206,100111,228,100228,203,100108,141,100353,203,100086,503,100568,100,100083,100,100731,100,100041,100,100756,100,99984,100,100781,100,99980,100,100938,100,99976,100,101017,100,99972,100,101118,100,99970,100
2019-06-28 09:39:26.137554610,100133,206,100111,328,100228,203,100108,141,100353,203,100086,503,100568,100,100041,100,100731,100,99984,100,100756,100,99980,100,100781,100,99976,100,100938,100,99972,100,101017,100,99970,100,101118,100,99967,100
2019-06-28 09:39:30.000000000,100133,178,100111,300,100228,178,100108,116,100353,178,100086,478,100568,178,100041,178,100731,100,99984,100,100756,100,99980,100,100781,100,99976,100,100938,100,99972,100,101017,100,99970,100,101118,100,99967,100
2019-06-28 09:39:37.551374706,100133,178,100111,300,100228,178,100108,116,100353,178,100086,478,100523,100,100041,178,100568,178,99984,100,100731,100,99980,100,100756,100,99976,100,100781,100,99972,100,100938,100,99970,100,101017,100,99967,100
2019-06-28 09:39:39.578183967,100133,78,100111,300,100228,178,100108,116,100353,178,100086,478,100523,100,100041,178,100568,178,99984,100,100731,100,99980,100,100756,100,99976,100,100781,100,99972,100,100938,100,99970,100,101017,100,99967,100
2019-06-28 09:39:40.000000000,100228,206,100111,328,100353,203,100108,141,100523,203,100086,503,100568,100,100041,100,100731,100,99984,100,100756,100,99980,100,100781,100,99976,100,100938,100,99972,100,101017,100,99970,100,101118,100,99967,100
2019-06-28 09:39:50.000000000,100228,206,100111,328,100353,203,100108,141,100523,203,100086,503,100568,100,100041,100,100731,100,99984,100,100756,100,99980,100,100781,100,99976,100,100938,100,99972,100,101017,100,99970,100,101118,100,99967,100
2019-06-28 09:39:53.676466960,100228,106,100111,328,100353,203,100108,141,100523,203,100086,503,100568,100,100041,100,100731,100,99984,100,100756,100,99980,100,100781,100,99976,100,100938,100,99972,100,101017,100,99970,100,101118,100,99967,100
2019-06-28 09:40:00.000000000,100353,412,100111,534,100523,100,100108,38,100568,100,100086,400,100731,100,100041,100,100756,100,99984,100,100781,100,99980,100,100938,100,99976,100,101017,100,99972,100,101118,100,99970,100,101353,100,99967,100
2019-06-28 09:40:01.358781198,100353,412,100344,100,100523,100,100111,534,100568,100,100108,38,100731,100,100086,400,100756,100,100041,100,100781,100,99984,100,100938,100,99980,100,101017,100,99976,100,101118,100,99972,100,101353,100,99970,100
2019-06-28 09:40:10.000000000,100353,206,100344,206,100523,203,100111,325,100568,203,100108,141,100731,100,100086,400,100756,100,100041,100,100781,100,99984,100,100938,100,99980,100,101017,100,99976,100,101118,100,99972,100,101353,100,99970,100
2019-06-28 09:40:13.185862037,100353,206,100344,206,100396,100,100111,325,100523,203,100108,141,100568,203,100086,400,100731,100,100041,100,100756,100,99984,100,100781,100,99980,100,100938,100,99976,100,101017,100,99972,100,101118,100,99970,100
2019-06-28 09:40:17.320820115,100353,206,100344,106,100396,100,100111,325,100523,203,100108,141,100568,203,100086,400,100731,100,100041,100,100756,100,99984,100,100781,100,99980,100,100938,100,99976,100,101017,100,99972,100,101118,100,99970,100
2019-06-28 09:40:20.000000000,100353,412,100111,534,100396,100,100108,38,100523,100,100086,400,100568,100,100041,100,100731,100,99984,100,100756,100,99980,100,100781,100,99976,100,100938,100,99972,100,101017,100,99970,100,101118,100,99967,100
2019-06-28 09:40:30.000000000,100353,412,100111,534,100396,100,100108,38,100523,100,100086,400,100568,100,100041,100,100731,100,99984,100,100756,100,99980,100,100781,100,99976,100,100938,100,99972,100,101017,100,99970,100,101118,100,99967,100
2019-06-28 09:40:37.680540633,100227,100,100111,534,100353,412,100108,38,100396,100,100086,400,100523,100,100041,100,100568,100,99984,100,100731,100,99980,100,100756,100,99976,100,100781,100,99972,100,100938,100,99970,100,101017,100,99967,100
2019-06-28 09:40:38.254728751,100227,100,100111,534,100353,412,100108,38,100396,100,100086,400,100523,100,100041,100,100731,100,99984,100,100756,100,99980,100,100781,100,99976,100,100938,100,99972,100,101017,100,99970,100,101118,100,99967,100
2019-06-28 09:40:40.000000000,100227,412,100111,534,100353,100,100108,38,100396,100,100086,400,100523,100,100041,100,100731,100,99984,100,100756,100,99980,100,100781,100,99976,100,100938,100,99972,100,101017,100,99970,100,101118,100,99967,100
2019-06-28 09:40:50.000000000,100227,162,100111,284,100353,162,100108,100,100396,162,100086,462,100523,162,100041,162,100731,162,99984,162,100756,100,99980,100,100781,100,99976,100,100938,100,99972,100,101017,100,99970,100,101118,100,99967,100
2019-06-28 09:40:54.009910351,100227,162,100111,284,100353,162,100108,100,100396,162,100086,462,100523,162,100041,162,100731,162,99984,162,100756,100,99980,100,100781,100,99976,100,100938,100,99972,100,101017,100,99970,100,101118,100,99967,100
2019-06-28 09:41:00.000000000,100227,162,100111,284,100353,162,100108,100,100396,162,100086,462,100523,162,100041,162,100731,162,99984,162,100756,100,99980,100,100781,100,99976,100,100938,100,99972,100,101017,100,99970,100,101118,100,99967,100
2019-06-28 09:41:04.564078840,100227,162,100111,184,100353,162,100108,100,100396,162,100086,462,100523,162,100041,162,100731,162,99984,162,100756,100,99980,100,100781,100,99976,100,101017,100,99972,100,101118,100,99970,100,101353,100,99967,100
2019-06-28 09:41:10.000000000,100227,178,100111,200,100353,178,100108,116,100396,178,100086,478,100523,178,100041,178,100731,100,99984,100,100756,100,99980,100,100781,100,99976,100,101017,100,99972,100,101118,100,99970,100,101353,100,99967,100
2019-06-28 09:41:20.000000000,100227,162,100111,184,100353,162,100108,100,100396,162,100086,462,100523,162,100041,162,100731,162,99984,162,100756,100,99980,100,100781,100,99976,100,101017,100,99972,100,101118,100,99970,100,101353,100,99967,100
2019-06-28 09:41:30.000000000,100227,412,100111,434,100353,100,100108,38,100396,100,100086,400,100523,100,100041,100,100731,100,99984,100,100756,100,99980,100,100781,100,99976,100,101017,100,99972,100,101118,100,99970,100,101353,100,99967,100
2019-06-28 09:41:32.266758452,100226,100,100111,434,100227,412,100108,38,100353,100,100086,400,100396,100,100041,100,100523,100,99984,100,100731,100,99980,100,100756,100,99976,100,100781,100,99972,100,101017,100,99970,100,101118,100,99967,100
2019-06-28 09:41:40.000000000,100226,256,100111,278,100227,256,100108,194,100353,100,100086,400,100396,100,100041,100,100523,100,99984,100,100731,100,99980,100,100756,100,99976,100,100781,100,99972,100,101017,100,99970,100,101118,100,99967,100
2019-06-28 09:41:41.537391829,100226,156,100111,278,100227,256,100108,194,100353,100,100086,400,100396,100,100041,100,100523,100,99984,100,100731,100,99980,100,100756,100,99976,100,100781,100,99972,100,101017,100,99970,100,101118,100,99967,100
2019-06-28 09:41:50.000000000,100227,256,100111,278,100353,256,100108,194,100396,100,100086,400,100523,100,100041,100,100731,100,99984,100,100756,100,99980,100,100781,100,99976,100,101017,100,99972,100,101118,100,99970,100,101353,100,99967,100
2019-06-28 09:42:00.000000000,100227,178,100111,200,100353,178,100108,116,100396,178,100086,478,100523,178,100041,178,100731,100,99984,100,100756,100,99980,100,100781,100,99976,100,101017,100,99972,100,101118,100,99970,100,101353,100,99967,100
2019-06-28 09:42:10.000000000,100227,412,100111,434,100353,100,100108,38,100396,100,100086,400,100523,100,100041,100,100731,100,99984,100,100756,100,99980,100,100781,100,99976,100,101017,100,99972,100,101118,100,99970,100,101353,100,99967,100
2019-06-28 09:42:20.000000000,100227,256,100111,278,100353,256,100108,194,100396,100,100086,400,100523,100,100041,100,100731,100,99984,100,100756,100,99980,100,100781,100,99976,100,101017,100,99972,100,101118,100,99970,100,101353,100,99967,100
2019-06-28 09:42:21.720403346,100227,156,100111,278,100353,256,100108,194,100396,100,100086,400,100523,100,100041,100,100731,100,99984,100,100756,100,99980,100,100781,100,99976,100,101017,100,99972,100,101118,100,99970,100,101353,100,99967,100
2019-06-28 09:42:30.000000000,100353,162,100111,184,100396,162,100108,100,100523,162,100086,462,100731,162,100041,162,100756,162,99984,162,100781,100,99980,100,101017,100,99976,100,101118,100,99972,100,101353,100,99970,100,,,99967,100
2019-06-28 09:42:30.280283386,100353,162,100111,162,100396,162,100108,100,100523,162,100086,462,100731,162,100041,162,100756,162,99984,162,100781,100,99980,100,101017,100,99976,100,101118,100,99972,100,101353,100,99970,100,,,99967,100
2019-06-28 09:42:33.557888977,100276,100,100111,162,100353,162,100108,100,100396,162,100086,462,100523,162,100041,162,100731,162,99984,162,100756,162,99980,100,100781,100,99976,100,101017,100,99972,100,101118,100,99970,100,101353,100,99967,100
2019-06-28 09:42:40.000000000,100276,206,100111,206,100353,203,100108,141,100396,203,100086,503,100523,100,100041,100,100731,100,99984,100,100756,100,99980,100,100781,100,99976,100,101017,100,99972,100,101118,100,99970,100,101353,100,99967,100
2019-06-28 09:42:48.047843831,100276,206,100111,206,100353,203,100108,141,100396,203,100086,503,100523,100,100041,100,100730,100,99984,100,100731,100,99980,100,100756,100,99976,100,100781,100,99972,100,101017,100,99970,100,101118,100,99967,100
2019-06-28 09:42:50.000000000,100276,256,100111,256,100353,256,100108,194,100396,100,100086,400,100523,100,100041,100,100730,100,99984,100,100731,100,99980,100,100756,100,99976,100,100781,100,99972,100,101017,100,99970,100,101118,100,99967,100
2019-06-28 09:42:56.152748576,100276,256,100111,256,100348,100,100108,194,100353,256,100086,400,100396,100,100041,100,100523,100,99984,100,100730,100,99980,100,100731,100,99976,100,100756,100,99972,100,100781,100,99967,100,101017,100,99965,100
2019-06-28 09:43:00.000000000,100276,412,100111,412,100348,100,100108,38,100353,100,100086,400,100396,100,100041,100,100523,100,99984,100,100730,100,99980,100,100731,100,99976,100,100756,100,99972,100,100781,100,99967,100,101017,100,99965,100
2019-06-28 09:43:10.000000000,100276,206,100111,206,100348,203,100108,141,100353,203,100086,503,100396,100,100041,100,100523,100,99984,100,100730,100,99980,100,100731,100,99976,100,100756,100,99972,100,100781,100,99967,100,101017,100,99965,100
2019-06-28 09:43:20.000000000,100276,178,100111,178,100348,178,100108,116,100353,178,100086,478,100396,178,100041,178,100523,100,99984,100,100730,100,99980,100,100731,100,99976,100,100756,100,99972,100,100781,100,99967,100,101017,100,99965,100
2019-06-28 09:43:24.385590637,100276,178,100111,178,100348,178,100108,116,100353,178,100086,478,100396,178,100041,178,100523,100,99984,100,100730,100,99980,100,100731,100,99976,100,100756,100,99972,100,100781,100,99967,100,101017,100,99965,100
2019-06-28 09:43:30.000000000,100276,256,100111,256,100348,256,100108,194,100353,100,100086,400,100396,100,100041,100,100523,100,99984,100,100730,100,99980,100,100731,100,99976,100,100756,100,99972,100,100781,100,99967,100,101017,100,99965,100
2019-06-28 09:43:35.813440357,100276,256,100111,256,100348,256,100108,194,100353,100,100086,400,100396,100,100041,100,100523,100,99984,100,100554,100,99980,100,100730,100,99976,100,100731,100,99972,100,100756,100,99967,100,100781,100,99965,100
2019-06-28 09:43:38.807925080,100276,256,100111,256,100348,256,100108,194,100353,100,100086,400,100396,100,100041,100,100523,100,99984,100,100554,100,99980,100,100647,100,99976,100,100730,100,99972,100,100731,100,99967,100,100756,100,99965,100
2019-06-28 09:43:40.000000000,100276,206,100111,206,100348,203,100108,141,100353,203,100086,503,100396,100,100041,100,100523,100,99984,100,100554,100,99980,100,100647,100,99976,100,100730,100,99972,100,100731,100,99967,100,100756,100,99965,100
2019-06-28 09:43:46.737222997,100276,206,100226,100,100348,203,100111,206,100353,203,100108,141,100396,100,100086,503,100523,100,100041,100,100554,100,99984,100,100647,100,99980,100,100730,100,99976,100,100731,100,99972,100,100756,100,99967,100
2019-06-28 09:43:48.901307699,100276,106,100226,100,100348,203,100111,206,100353,203,100108,141,100396,100,100086,503,100523,100,100041,100,100554,100,99984,100,100647,100,99980,100,100730,100,99976,100,100731,100,99972,100,100756,100,99967,100
2019-06-28 09:43:50.000000000,100348,162,100226,162,100353,162,100111,162,100396,162,100108,100,100523,162,100086,462,100554,162,100041,162,100647,100,99984,100,100730,100,99980,100,100731,100,99976,100,100756,100,99972,100,100781,100,99967,100
2019-06-28 09:44:00.000000000,100348,178,100226,178,100353,178,100111,178,100396,178,100108,116,100523,178,100086,478,100554,100,100041,100,100647,100,99984,100,100730,100,99980,100,100731,100,99976,100,100756,100,99972,100,100781,100,99967,100
2019-06-28 09:44:10.000000000,100348,256,100226,256,100353,256,100111,256,100396,100,100108,38,100523,100,100086,400,100554,100,100041,100,100647,100,99984,100,100730,100,99980,100,100731,100,99976,100,100756,100,99972,100,100781,100,99967,100
2019-06-28 09:44:20.000000000,100348,162,100226,162,100353,162,100111,162,100396,162,100108,100,100523,162,100086,462,100554,162,100041,162,100647,100,99984,100,100730,100,99980,100,100731,100,99976,100,100756,100,99972,100,100781,100,99967,100
2019-06-28 09:44:30.000000000,100348,256,100226,256,100353,256,100111,256,100396,100,100108,38,100523,100,100086,400,100554,100,100041,100,100647,100,99984,100,100730,100,99980,100,100731,100,99976,100,100756,100,99972,100,100781,100,99967,100
2019-06-28 09:44:30.193540738,100348,56,100226,256,100353,256,100111,256,100396,100,100108,38,100523,100,100086,400,100554,100,100041,100,100647,100,99984,100,100730,100,99980,100,100731,100,99976,100,100756,100,99972,100,100781,100,99967,100
2019-06-28 09:44:39.404063099,100348,56,100226,256,100353,256,100111,256,100396,100,100108,38,100523,100,100086,400,100554,100,100041,100,100647,100,99984,100,100726,100,99980,100,100730,100,99976,100,100731,100,99972,100,100756,100,99967,100
2019-06-28 09:44:40.000000000,100353,162,100226,162,100396,162,100111,162,100523,162,100108,100,100554,162,100086,462,100647,162,100041,162,100726,100,99984,100,100730,100,99980,100,100731,100,99976,100,100756,100,99972,100,100781,100,99967,100
2019-06-28 09:44:50.000000000,100353,256,100226,256,100396,256,100111,256,100523,100,100108,38,100554,100,100086,400,100647,100,100041,100,100726,100,99984,100,100730,100,99980,100,100731,100,99976,100,100756,100,99972,100,100781,100,99967,100
2019-06-28 09:44:51.203404051,100353,156,100226,256,100396,256,100111,256,100523,100,100108,38,100554,100,100086,400,100647,100,100041,100,100726,100,99984,100,100730,100,99980,100,100731,100,99976,100,100756,100,99972,100,100781,100,99967,100
2019-06-28 09:45:00.000000000,100396,256,100226,256,100523,256,100111,256,100554,100,100108,38,100647,100,100086,400,100726,100,100041,100,100730,100,99984,100,100731,100,99980,100,100756,100,99976,100,100781,100,99972,100,101017,100,99967,100
2019-06-28 09:45:05.639068714,100396,256,100226,256,100523,256,100111,256,100554,100,100108,38,100647,100,100086,400,100717,100,100041,100,100726,100,99984,100,100730,100,99980,100,100731,100,99976,100,100756,100,99972,100,100781,100,99967,100
2019-06-28 09:45:06.683494437,100396,256,100226,256,100523,256,100111,256,100554,100,100108,38,100647,100,100086,400,100717,100,100041,100,100726,100,99980,100,100730,100,99976,100,100731,100,99972,100,100756,100,99967,100,100781,100,99965,100
2019-06-28 09:45:07.127082842,100396,256,100348,100,100523,256,100226,256,100554,100,100111,156,100647,100,100108,38,100717,100,100086,400,100726,100,100041,100,100730,100,99980,100,100731,100,99976,100,100756,100,99972,100,100781,100,99967,100
2019-06-28 09:45:10.000000000,100396,206,100348,206,100523,203,100226,203,100554,203,100108,141,100647,100,100086,400,100717,100,100041,100,100726,100,99980,100,100730,100,99976,100,100731,100,99972,100,100756,100,99967,100,100781,100,99965,100
2019-06-28 09:45:20.000000000,100396,178,100348,178,100523,178,100226,178,100554,178,100108,116,100647,178,100086,478,100717,100,100041,100,100726,100,99980,100,100730,100,99976,100,100731,100,99972,100,100756,100,99967,100,100781,100,99965,100
2019-06-28 09:45:21.758372889,100396,78,100348,178,100523,178,100226,178,100554,178,100108,116,100647,178,100086,478,100717,100,100041,100,100726,100,99980,100,100730,100,99976,100,100731,100,99972,100,100756,100,99967,100,100781,100,99965,100
2019-06-28 09:45:30.000000000,100523,178,100348,178,100554,178,100226,178,100647,178,100108,116,100717,178,100086,478,100726,100,100041,100,100730,100,99980,100,100731,100,99976,100,100756,100,99972,100,100781,100,99967,100,101017,100,99965,100
2019-06-28 09:45:40.000000000,100523,256,100348,256,100554,256,100226,256,100647,100,100108,38,100717,100,100086,400,100726,100,100041,100,100730,100,99980,100,100731,100,99976,100,100756,100,99972,100,100781,100,99967,100,101017,100,99965,100
2019-06-28 09:45:40.604237878,100506,100,100348,256,100523,256,100226,256,100554,256,100108,38,100647,100,100086,400,100717,100,100041,100,100726,100,99980,100,100730,100,99976,100,100731,100,99967,100,100756,100,99965,100,100781,100,99960,100
2019-06-28 09:45:49.182480610,100506,100,100374,100,100523,256,100348,256,100554,256,100226,256,100647,100,100108,38,100717,100,100086,400,100726,100,100041,100,100730,100,99980,100,100731,100,99976,100,100756,100,99967,100,100781,100,99965,100
2019-06-28 09:45:50.000000000,100506,256,100374,256,100523,256,100348,256,100554,100,100226,100,100647,100,100108,38,100717,100,100086,400,100726,100,100041,100,100730,100,99980,100,100731,100,99976,100,100756,100,99967,100,100781,100,99965,100
2019-06-28 09:46:00.000000000,100506,178,100374,178,100523,178,100348,178,100554,178,100226,178,100647,178,100108,116,100717,100,100086,400,100726,100,100041,100,100730,100,99980,100,100731,100,99976,100,100756,100,99967,100,100781,100,99965,100
2019-06-28 09:46:03.243799113,100506,178,100374,178,100523,178,100348,178,100554,178,100226,178,100647,178,100108,116,100717,100,100086,400,100726,100,100041,100,100730,100,99980,100,100731,100,99967,100,100734,100,99965,100,100756,100,99960,100
2019-06-28 09:46:04.742923731,100506,178,100374,178,100523,178,100348,178,100554,178,100226,178,100603,100,100108,116,100647,178,100086,400,100717,100,100041,100,100726,100,99980,100,100730,100,99967,100,100734,100,99965,100,100756,100,99960,100
2019-06-28 09:46:10.000000000,100506,178,100374,178,100523,178,100348,178,100554,178,100226,178,100603,178,100108,116,100647,100,100086,400,100717,100,100041,100,100726,100,99980,100,100730,100,99967,100,100734,100,99965,100,100756,100,99960,100
2019-06-28 09:46:20.000000000,100506,162,100374,162,100523,162,100348,162,100554,162,100226,162,100603,162,100108,100,100647,162,100086,462,100717,100,100041,100,100726,100,99980,100,100730,100,99967,100,100734,100,99965,100,100756,100,99960,100
2019-06-28 09:46:30.000000000,100506,162,100374,162,100523,162,100348,162,100554,162,100226,162,100603,162,100108,100,100647,162,100086,462,100717,100,100041,100,100726,100,99980,100,100730,100,99967,100,100734,100,99965,100,100756,100,99960,100
2019-06-28 09:46:36.522959326,100506,162,100374,162,100523,162,100348,162,100554,162,100226,162,100603,162,100108,100,100647,162,100086,462,100717,100,100041,100,100726,100,99980,100,100730,100,99967,100,100734,100,99965,100,100756,100,99960,100
2019-06-28 09:46:40.000000000,100506,162,100374,162,100523,162,100348,162,100554,162,100226,162,100603,162,100108,100,100647,162,100086,462,100717,100,100041,100,100726,100,99980,100,100730,100,99967,100,100734,100,99965,100,100756,100,99960,100
2019-06-28 09:46:47.420425401,100506,162,100374,162,100523,162,100348,162,100554,162,100226,162,100603,162,100108,100,100647,162,100086,462,100717,100,100041,100,100726,100,99980,100,100730,100,99967,100,100734,100,99965,100,100756,100,99960,100
2019-06-28 09:46:50.000000000,100506,412,100374,412,100523,100,100348,100,100554,100,100226,100,100603,100,100108,38,100647,100,100086,400,100717,100,100041,100,100726,100,99980,100,100730,100,99967,100,100734,100,99965,100,100756,100,99960,100
2019-06-28 09:47:00.000000000,100506,206,100374,206,100523,203,100348,203,100554,203,100226,203,100603,100,100108,38,100647,100,100086,400,100717,100,100041,100,100726,100,99980,100,100730,100,99967,100,100734,100,99965,100,100756,100,99960,100
2019-06-28 09:47:10.000000000,100506,206,100374,206,100523,203,100348,203,100554,203,100226,203,100603,100,100108,38,100647,100,100086,400,100717,100,100041,100,100726,100,99980,100,100730,100,99967,100,100734,100,99965,100,100756,100,99960,100
2019-06-28 09:47:17.030278190,100506,106,100374,206,100523,203,100348,203,100554,203,100226,203,100647,100,100108,38,100717,100,100086,400,100726,100,100041,100,100730,100,99980,100,100734,100,99967,100,100756,100,99965,100,100781,100,99960,100
2019-06-28 09:47:18.422033927,100506,106,100396,100,100523,203,100374,206,100554,203,100348,203,100647,100,100226,203,100717,100,100108,38,100726,100,100086,400,100730,100,100041,100,100734,100,99980,100,100756,100,99967,100,100781,100,99965,100
2019-06-28 09:47:20.000000000,100523,256,100396,256,100554,256,100374,256,100647,100,100348,100,100717,100,100226,100,100726,100,100108,38,100730,100,100086,400,100734,100,100041,100,100756,100,99980,100,100781,100,99967,100,101048,100,99965,100
2019-06-28 09:47:26.693610336,100523,156,100396,256,100554,256,100374,256,100647,100,100348,100,100717,100,100226,100,100726,100,100108,38,100730,100,100086,400,100734,100,100041,100,100756,100,99980,100,100781,100,99967,100,101048,100,99965,100
2019-06-28 09:47:30.000000000,100554,412,100396,412,100647,100,100374,100,100717,100,100348,100,100726,100,100226,100,100730,100,100108,38,100734,100,100086,400,100756,100,100041,100,100781,100,99980,100,101048,100,99967,100,101057,100,99965,100
2019-06-28 09:47:40.000000000,100554,178,100396,178,100647,178,100374,178,100717,178,100348,178,100726,178,100226,178,100730,100,100108,38,100734,100,100086,400,100756,100,100041,100,100781,100,99980,100,101048,100,99967,100,101057,100,99965,100
2019-06-28 09:47:40.922371348,100554,178,100506,100,100647,178,100396,178,100717,178,100374,178,100726,178,100348,178,100730,100,100226,178,100734,100,100108,38,100756,100,100086,400,100781,100,100041,100,101048,100,99980,100,101057,100,99967,100
2019-06-28 09:47:42.960916906,100554,78,100506,100,100647,178,100396,178,100717,178,100374,178,100726,178,100348,178,100730,100,100226,178,100734,100,100108,38,100756,100,100086,400,100781,100,100041,100,101048,100,99980,100,101057,100,99967,100
2019-06-28 09:47:50.000000000,100647,206,100506,206,100717,203,100396,203,100726,203,100374,203,100730,100,100348,100,100734,100,100226,100,100756,100,100108,38,100781,100,100086,400,101048,100,100041,100,101057,100,99980,100,101118,100,99967,100
2019-06-28 09:47:58.692187007,100647,106,100506,206,100717,203,100396,203,100726,203,100374,203,100730,100,100348,100,100734,100,100226,100,100756,100,100108,38,100781,100,100086,400,101048,100,100041,100,101057,100,99980,100,101118,100,99967,100
2019-06-28 09:48:00.000000000,100717,162,100506,162,100726,162,100396,162,100730,162,100374,162,100734,162,100348,162,100756,162,100226,162,100781,100,100108,38,101048,100,100086,400,101057,100,100041,100,101118,100,99980,100,101186,100,99967,100
2019-06-28 09:48:10.000000000,100717,412,100506,412,100726,100,100396,100,100730,100,100374,100,100734,100,100348,100,100756,100,100226,100,100781,100,100108,38,101048,100,100086,400,101057,100,100041,100,101118,100,99980,100,101186,100,99967,100
2019-06-28 09:48:20.000000000,100717,162,100506,162,100726,162,100396,162,100730,162,100374,162,100734,162,100348,162,100756,162,100226,162,100781,100,100108,38,101048,100,100086,400,101057,100,100041,100,101118,100,99980,100,101186,100,99967,100
2019-06-28 09:48:30.000000000,100717,178,100506,178,100726,178,100396,178,100730,178,100374,178,100734,178,100348,178,100756,100,100226,100,100781,100,100108,38,101048,100,100086,400,101057,100,100041,100,101118,100,99980,100,101186,100,99967,100
2019-06-28 09:48:40.000000000,100717,206,100506,206,100726,203,100396,203,100730,203,100374,203,100734,100,100348,100,100756,100,100226,100,100781,100,100108,38,101048,100,100086,400,101057,100,100041,100,101118,100,99980,100,101186,100,99967,100
2019-06-28 09:48:41.567669937,100717,206,100554,100,100726,203,100506,206,100730,203,100396,203,100734,100,100374,203,100756,100,100348,100,100781,100,100226,100,101048,100,100108,38,101057,100,100086,400,101118,100,100041,100,101186,100,99980,100
2019-06-28 09:48:48.179930104,100717,206,100554,100,100726,203,100506,206,100730,203,100468,100,100734,100,100396,203,100756,100,100374,203,100781,100,100348,100,101048,100,100226,100,101057,100,100108,38,101118,100,100086,400,101186,100,100041,100
2019-06-28 09:48:50.000000000,100717,178,100554,178,100726,178,100506,178,100730,178,100468,178,100734,178,100396,178,100756,100,100374,100,100781,100,100348,100,101048,100,100226,100,101057,100,100108,38,101118,100,100086,400,101186,100,100041,100
2019-06-28 09:48:52.915421995,100717,178,100554,178,100726,178,100506,178,100730,178,100478,100,100734,178,100468,178,100756,100,100396,178,100781,100,100374,100,101048,100,100348,100,101057,100,100226,100,101118,100,100108,38,101186,100,100086,400
2019-06-28 09:49:00.000000000,100717,162,100554,162,100726,162,100506,162,100730,162,100478,162,100734,162,100468,162,100756,162,100396,162,100781,100,100374,100,101048,100,100348,100,101057,100,100226,100,101118,100,100108,38,101186,100,100086,400
2019-06-28 09:49:10.000000000,100717,412,100554,412,100726,100,100506,100,100730,100,100478,100,100734,100,100468,100,100756,100,100396,100,100781,100,100374,100,101048,100,100348,100,101057,100,100226,100,101118,100,100108,38,101186,100,100086,400
2019-06-28 09:49:20.000000000,100717,178,100554,178,100726,178,100506,178,100730,178,100478,178,100734,178,100468,178,100756,100,100396,100,100781,100,100374,100,101048,100,100348,100,101057,100,100226,100,101118,100,100108,38,101186,100,100086,400
2019-06-28 09:49:26.053880939,100717,178,100554,78,100726,178,100506,178,100730,178,100478,178,100734,178,100468,178,100756,100,100396,100,100781,100,100374,100,101048,100,100348,100,101057,100,100226,100,101118,100,100108,38,101186,100,100086,400
2019-06-28 09:49:30.000000000,100717,412,100506,412,100726,100,100478,100,100730,100,100468,100,100734,100,100396,100,100756,100,100374,100,100781,100,100348,100,101048,100,100226,100,101057,100,100108,38,101118,100,100086,400,101186,100,100041,100
2019-06-28 09:49:40.000000000,100717,162,100506,162,100726,162,100478,162,100730,162,100468,162,100734,162,100396,162,100756,162,100374,162,100781,100,100348,100,101048,100,100226,100,101057,100,100108,38,101118,100,100086,400,101186,100,100041,100
2019-06-28 09:49:44.399971030,100717,162,100506,162,100726,162,100478,162,100730,162,100468,162,100734,162,100396,162,100756,162,100374,162,100781,100,100348,100,101048,100,100226,100,101057,100,100124,100,101118,100,100108,38,101186,100,100086,400
2019-06-28 09:49:46.050318370,100717,162,100506,62,100726,162,100478,162,100730,162,100468,162,100734,162,100396,162,100756,162,100374,162,100781,100,100348,100,101048,100,100226,100,101057,100,100124,100,101118,100,100108,38,101186,100,100086,400
2019-06-28 09:49:50.000000000,100717,178,100478,178,100726,178,100468,178,100730,178,100396,178,100734,178,100374,178,100756,100,100348,100,100781,100,100226,100,101048,100,100124,100,101057,100,100108,38,101118,100,100086,400,101186,100,100041,100
2019-06-28 09:49:55.501547267,100717,178,100478,178,100726,178,100468,178,100730,178,100396,178,100734,178,100374,178,100756,100,100348,100,100781,100,100226,100,101048,100,100124,100,101057,100,100108,38,101118,100,100086,400,101186,100,100041,100
2019-06-28 09:50:00.000000000,100717,256,100478,256,100726,256,100468,256,100730,100,100396,100,100734,100,100374,100,100756,100,100348,100,100781,100,100226,100,101048,100,100124,100,101057,100,100108,38,101118,100,100086,400,101186,100,100041,100
2019-06-28 09:50:10.000000000,100717,256,100478,256,100726,256,100468,256,100730,100,100396,100,100734,100,100374,100,100756,100,100348,100,100781,100,100226,100,101048,100,100124,100,101057,100,100108,38,101118,100,100086,400,101186,100,100041,100
2019-06-28 09:50:20.000000000,100717,206,100478,206,100726,203,100468,203,100730,203,100396,203,100734,100,100374,100,100756,100,100348,100,100781,100,100226,100,101048,100,100124,100,101057,100,100108,38,101118,100,100086,400,101186,100,100041,100
2019-06-28 09:50:30.000000000,100717,206,100478,206,100726,203,100468,203,100730,203,100396,203,100734,100,100374,100,100756,100,100348,100,100781,100,100226,100,101048,100,100124,100,101057,100,100108,38,101118,100,100086,400,101186,100,100041,100
2019-06-28 09:50:40.000000000,100717,256,100478,256,100726,256,100468,256,100730,100,100396,100,100734,100,100374,100,100756,100,100348,100,100781,100,100226,100,101048,100,100124,100,101057,100,100108,38,101118,100,100086,400,101186,100,100041,100
2019-06-28 09:50:50.000000000,100717,162,100478,162,100726,162,100468,162,100730,162,100396,162,100734,162,100374,162,100756,162,100348,162,100781,100,100226,100,101048,100,100124,100,101057,100,100108,38,101118,100,100086,400,101186,100,100041,100
2019-06-28 09:50:53.201640554,100717,162,100478,162,100726,62,100477,100,100730,162,100468,162,100734,162,100396,162,100756,162,100374,162,100781,100,100348,162,101048,100,100226,100,101057,100,100124,100,101118,100,100108,38,101186,100,100086,400
2019-06-28 09:50:55.529389122,100717,162,100478,162,100726,62,100477,100,100730,162,100468,162,100734,162,100396,162,100756,162,100375,100,100781,100,100374,162,101048,100,100348,162,101057,100,100226,100,101118,100,100124,100,101186,100,100108,38
2019-06-28 09:50:58.067137015,100554,100,100478,162,100717,162,100477,100,100726,62,100468,162,100730,162,100396,162,100734,162,100375,100,100756,162,100374,162,100781,100,100348,162,101048,100,100226,100,101057,100,100124,100,101118,100,100108,38
2019-06-28 09:50:58.414269348,100554,100,100478,162,100717,162,100477,100,100726,62,100468,162,100730,162,100396,162,100734,162,100375,100,100756,162,100374,162,100781,100,100348,162,101048,100,100226,100,101057,100,100124,100,101118,100,100108,38
2019-06-28 09:51:00.000000000,100554,178,100478,178,100717,178,100477,178,100730,178,100468,178,100734,178,100396,178,100756,100,100375,100,100781,100,100374,100,101048,100,100348,100,101057,100,100226,100,101118,100,100124,100,101186,100,100108,38
2019-06-28 09:51:10.000000000,100554,412,100478,412,100717,100,100477,100,100730,100,100468,100,100734,100,100396,100,100756,100,100375,100,100781,100,100374,100,101048,100,100348,100,101057,100,100226,100,101118,100,100124,100,101186,100,100108,38
2019-06-28 09:51:20.000000000,100554,206,100478,206,100717,203,100477,203,100730,203,100468,203,100734,100,100396,100,100756,100,100375,100,100781,100,100374,100,101048,100,100348,100,101057,100,100226,100,101118,100,100124,100,101186,100,100108,38
2019-06-28 09:51:25.065054197,100554,206,100478,206,100717,203,100477,203,100730,203,100468,203,100734,100,100396,100,100756,100,100375,100,100781,100,100374,100,101048,100,100348,100,101057,100,100226,100,101118,100,100206,100,101186,100,100124,100
2019-06-28 09:51:28.731028086,100554,206,100478,106,100717,203,100477,203,100730,203,100468,203,100734,100,100396,100,100756,100,100375,100,100781,100,100374,100,101048,100,100348,100,101057,100,100226,100,101118,100,100206,100,101186,100,100124,100
2019-06-28 09:51:30.000000000,100554,256,100477,256,100717,256,100468,256,100730,100,100396,100,100734,100,100375,100,100756,100,100374,100,100781,100,100348,100,101048,100,100226,100,101057,100,100206,100,101118,100,100124,100,101186,100,100108,38
2019-06-28 09:51:34.271457253,100554,256,100477,256,100717,256,100468,256,100730,100,100439,100,100734,100,100396,100,100756,100,100375,100,100781,100,100374,100,101048,100,100348,100,101057,100,100226,100,101118,100,100206,100,101186,100,100124,100
2019-06-28 09:51:38.308139941,100554,256,100477,256,100717,256,100468,256,100730,100,100439,100,100734,100,100409,100,100756,100,100396,100,100781,100,100375,100,101048,100,100374,100,101057,100,100348,100,101118,100,100226,100,101186,100,100206,100
2019-06-28 09:51:40.000000000,100554,256,100477,256,100717,256,100468,256,100730,100,100439,100,100734,100,100409,100,100756,100,100396,100,100781,100,100375,100,101048,100,100374,100,101057,100,100348,100,101118,100,100226,100,101186,100,100206,100
2019-06-28 09:51:50.000000000,100554,412,100477,412,100717,100,100468,100,100730,100,100439,100,100734,100,100409,100,100756,100,100396,100,100781,100,100375,100,101048,100,100374,100,101057,100,100348,100,101118,100,100226,100,101186,100,100206,100
2019-06-28 09:52:00.000000000,100554,178,100477,178,100717,178,100468,178,100730,178,100439,178,100734,178,100409,178,100756,100,100396,100,100781,100,100375,100,101048,100,100374,100,101057,100,100348,100,101118,100,100226,100,101186,100,100206,100
2019-06-28 09:52:01.483915644,100554,178,100477,178,100717,178,100468,178,100730,178,100439,178,100734,178,100409,178,100756,100,100396,100,100781,100,100375,100,101048,100,100348,100,101057,100,100226,100,101118,100,100206,100,101186,100,100124,100
2019-06-28 09:52:10.000000000,100554,206,100477,206,100717,203,100468,203,100730,203,100439,203,100734,100,100409,100,100756,100,100396,100,100781,100,100375,100,101048,100,100348,100,101057,100,100226,100,101118,100,100206,100,101186,100,100124,100
2019-06-28 09:52:20.000000000,100554,412,100477,412,100717,100,100468,100,100730,100,100439,100,100734,100,100409,100,100756,100,100396,100,100781,100,100375,100,101048,100,100348,100,101057,100,100226,100,101118,100,100206,100,101186,100,100124,100
2019-06-28 09:52:30.000000000,100554,178,100477,178,100717,178,100468,178,100730,178,100439,178,100734,178,100409,178,100756,100,100396,100,100781,100,100375,100,101048,100,100348,100,101057,100,100226,100,101118,100,100206,100,101186,100,100124,100
2019-06-28 09:52:34.516679412,100554,178,100477,178,100717,178,100468,178,100730,178,100439,178,100734,178,100409,178,100756,100,100396,100,100781,100,100375,100,101048,100,100348,100,101057,100,100226,100,101118,100,100206,100,101186,100,100124,100
2019-06-28 09:52:39.669807378,100554,178,100477,178,100717,178,100468,178,100730,178,100439,178,100734,178,100409,178,100756,100,100396,100,100781,100,100375,100,101048,100,100348,100,101057,100,100226,100,101118,100,100206,100,101186,100,100132,100
2019-06-28 09:52:40.000000000,100554,256,100477,256,100717,256,100468,256,100730,100,100439,100,100734,100,100409,100,100756,100,100396,100,100781,100,100375,100,101048,100,100348,100,101057,100,100226,100,101118,100,100206,100,101186,100,100132,100
2019-06-28 09:52:50.000000000,100554,206,100477,206,100717,203,100468,203,100730,203,100439,203,100734,100,100409,100,100756,100,100396,100,100781,100,100375,100,101048,100,100348,100,101057,100,100226,100,101118,100,100206,100,101186,100,100132,100
2019-06-28 09:52:57.773156282,100554,206,100477,106,100717,203,100468,203,100730,203,100439,203,100734,100,100409,100,100756,100,100396,100,100781,100,100375,100,101048,100,100348,100,101057,100,100226,100,101118,100,100206,100,101186,100,100132,100
2019-06-28 09:53:00.000000000,100554,412,100468,412,100717,100,100439,100,100730,100,100409,100,100734,100,100396,100,100756,100,100375,100,100781,100,100348,100,101048,100,100226,100,101057,100,100206,100,101118,100,100132,100,101186,100,100124,100
2019-06-28 09:53:10.000000000,100554,256,100468,256,100717,256,100439,256,100730,100,100409,100,100734,100,100396,100,100756,100,100375,100,100781,100,100348,100,101048,100,100226,100,101057,100,100206,100,101118,100,100132,100,101186,100,100124,100
2019-06-28 09:53:18.058478891,100478,100,100468,256,100554,256,100439,256,100717,256,100409,100,100730,100,100396,100,100734,100,100375,100,100756,100,100348,100,100781,100,100226,100,101048,100,100206,100,101057,100,100132,100,101118,100,100124,100
2019-06-28 09:53:20.000000000,100478,256,100468,256,100554,256,100439,256,100717,100,100409,100,100730,100,100396,100,100734,100,100375,100,100756,100,100348,100,100781,100,100226,100,101048,100,100206,100,101057,100,100132,100,101118,100,100124,100
2019-06-28 09:53:22.881029459,100478,356,100468,256,100554,156,100439,256,100717,100,100409,100,100730,100,100396,100,100734,100,100375,100,100756,100,100348,100,100781,100,100226,100,101048,100,100206,100,101057,100,100132,100,101118,100,100124,100
2019-06-28 09:53:26.399498742,100478,356,100468,256,100554,156,100439,256,100717,100,100409,100,100730,100,100396,100,100734,100,100375,100,100756,100,100348,100,100781,100,100226,100,101048,100,100206,100,101057,100,100186,100,101118,100,100132,100
2019-06-28 09:53:30.000000000,100478,262,100468,162,100717,162,100439,162,100730,162,100409,162,100734,162,100396,162,100756,162,100375,162,100781,100,100348,100,101048,100,100226,100,101057,100,100206,100,101118,100,100186,100,101186,100,100132,100
2019-06-28 09:53:40.000000000,100478,278,100468,178,100717,178,100439,178,100730,178,100409,178,100734,178,100396,178,100756,100,100375,100,100781,100,100348,100,101048,100,100226,100,101057,100,100206,100,101118,100,100186,100,101186,100,100132,100
2019-06-28 09:53:40.448734759,100478,278,100468,78,100717,178,100439,178,100730,178,100409,178,100734,178,100396,178,100756,100,100375,100,100781,100,100348,100,101048,100,100226,100,101057,100,100206,100,101118,100,100186,100,101186,100,100132,100
2019-06-28 09:53:47.035614788,100478,278,100468,78,100717,178,100439,178,100730,178,100409,178,100734,178,100396,178,100756,100,100375,100,100781,100,100348,100,101048,100,100226,100,101057,100,100206,100,101118,100,100186,100,101186,100,100124,100
2019-06-28 09:53:50.000000000,100478,262,100439,162,100717,162,100409,162,100730,162,100396,162,100734,162,100375,162,100756,162,100348,162,100781,100,100226,100,101048,100,100206,100,101057,100,100186,100,101118,100,100124,100,101186,100,100111,100
2019-06-28 09:53:56.750030301,100478,262,100439,162,100717,162,100409,162,100730,162,100396,162,100734,162,100375,162,100756,162,100348,162,100781,100,100226,100,101048,100,100206,100,101057,100,100186,100,101118,100,100124,100,101186,100,100111,100
2019-06-28 09:54:00.000000000,100478,356,100439,256,100717,256,100409,256,100730,100,100396,100,100734,100,100375,100,100756,100,100348,100,100781,100,100226,100,101048,100,100206,100,101057,100,100186,100,101118,100,100124,100,101186,100,100111,100
2019-06-28 09:54:06.563917435,100478,356,100439,156,100717,256,100409,256,100730,100,100396,100,100734,100,100375,100,100756,100,100348,100,100781,100,100226,100,101048,100,100206,100,101057,100,100186,100,101186,100,100124,100,101353,100,100111,100
2019-06-28 09:54:10.000000000,100478,306,100409,206,100717,203,100396,203,100730,203,100375,203,100734,100,100348,100,100756,100,100226,100,100781,100,100206,100,101048,100,100186,100,101057,100,100124,100,101186,100,100111,100,101353,100,100108,38
2019-06-28 09:54:18.811380429,100478,306,100409,106,100717,203,100396,203,100730,203,100375,203,100734,100,100348,100,100756,100,100226,100,100781,100,100206,100,101048,100,100186,100,101057,100,100124,100,101186,100,100111,100,101353,100,100108,38
2019-06-28 09:54:20.000000000,100478,512,100396,412,100717,100,100375,100,100730,100,100348,100,100734,100,100226,100,100756,100,100206,100,100781,100,100186,100,101048,100,100124,100,101057,100,100111,100,101186,100,100108,38,101353,100,100086,400
2019-06-28 09:54:30.000000000,100478,278,100396,178,100717,178,100375,178,100730,178,100348,178,100734,178,100226,178,100756,100,100206,100,100781,100,100186,100,101048,100,100124,100,101057,100,100111,100,101186,100,100108,38,101353,100,100086,400
2019-06-28 09:54:40.000000000,100478,356,100396,256,100717,256,100375,256,100730,100,100348,100,100734,100,100226,100,100756,100,100206,100,100781,100,100186,100,101048,100,100124,100,101057,100,100111,100,101186,100,100108,38,101353,100,100086,400
2019-06-28 09:54:41.368628106,100439,100,100396,256,100478,356,100375,256,100717,256,100348,100,100730,100,100226,100,100734,100,100206,100,100756,100,100186,100,100781,100,100124,100,101048,100,100111,100,101057,100,100108,38,101186,100,100086,400
2019-06-28 09:54:50.000000000,100439,178,100396,178,100478,278,100375,178,100717,178,100348,178,100730,178,100226,178,100734,100,100206,100,100756,100,100186,100,100781,100,100124,100,101048,100,100111,100,101057,100,100108,38,101186,100,100086,400
2019-06-28 09:54:58.806371316,100439,178,100396,178,100478,278,100375,178,100717,178,100348,178,100730,178,100226,178,100734,100,100206,100,100756,100,100186,100,100781,100,100124,100,101048,100,100111,100,101057,100,100108,38,101186,100,100086,400
2019-06-28 09:55:00.000000000,100439,162,100396,162,100478,262,100375,162,100717,162,100348,162,100730,162,100226,162,100734,162,100206,162,100756,100,100186,100,100781,100,100124,100,101048,100,100111,100,101057,100,100108,38,101186,100,100086,400
2019-06-28 09:55:08.669761462,100439,162,100396,162,100478,262,100375,162,100717,162,100348,162,100730,162,100226,162,100734,162,100206,162,100756,100,100186,100,100781,100,100124,100,101048,100,100111,100,101057,100,100108,38,101186,100,100086,400
2019-06-28 09:55:10.000000000,100439,178,100396,178,100478,278,100375,178,100717,178,100348,178,100730,178,100226,178,100734,100,100206,100,100756,100,100186,100,100781,100,100124,100,101048,100,100111,100,101057,100,100108,38,101186,100,100086,400
2019-06-28 09:55:17.644313882,100439,178,100396,178,100478,278,100375,178,100717,178,100348,178,100730,178,100226,178,100734,100,100206,100,100756,100,100186,100,100781,100,100124,100,101048,100,100111,100,101057,100,100108,38,101186,100,100086,400
2019-06-28 09:55:20.000000000,100439,412,100396,412,100478,200,100375,100,100717,100,100348,100,100730,100,100226,100,100734,100,100206,100,100756,100,100186,100,100781,100,100124,100,101048,100,100111,100,101057,100,100108,38,101186,100,100086,400
2019-06-28 09:55:21.960324437,100439,412,100396,412,100478,200,100375,100,100717,100,100348,100,100730,100,100226,100,100734,100,100206,100,100756,100,100186,100,100781,100,100124,100,101048,100,100111,100,101057,100,100108,38,101186,100,100086,400
2019-06-28 09:55:22.038786378,100439,412,100396,312,100478,200,100375,100,100717,100,100348,100,100730,100,100226,100,100734,100,100206,100,100756,100,100186,100,100781,100,100124,100,101048,100,100111,100,101057,100,100108,38,101186,100,100086,400
2019-06-28 09:55:23.883158138,100409,100,100396,312,100439,412,100375,100,100478,100,100348,100,100717,100,100226,100,100730,100,100206,100,100734,100,100186,100,100756,100,100124,100,100781,100,100111,100,101048,100,100108,38,101057,100,100086,400
2019-06-28 09:55:30.000000000,100409,256,100375,256,100439,256,100348,256,100478,100,100226,100,100717,100,100206,100,100730,100,100186,100,100734,100,100124,100,100756,100,100111,100,100781,100,100108,38,101048,100,100086,400,101057,100,100041,100
2019-06-28 09:55:40.000000000,100409,256,100375,256,100439,256,100348,256,100478,100,100226,100,100717,100,100206,100,100730,100,100186,100,100734,100,100124,100,100756,100,100111,100,100781,100,100108,38,101048,100,100086,400,101057,100,100041,100
2019-06-28 09:55:49.850075212,100409,256,100375,256,100439,256,100348,256,100478,100,100226,100,100717,100,100206,100,100730,100,100186,100,100734,100,100124,100,100756,100,100111,100,100781,100,100108,38,101048,100,100086,400,101057,100,100041,100
2019-06-28 09:55:50.000000000,100409,206,100375,206,100439,203,100348,203,100478,203,100226,203,100717,100,100206,100,100730,100,100186,100,100734,100,100124,100,100756,100,100111,100,100781,100,100108,38,101048,100,100086,400,101057,100,100041,100
2019-06-28 09:56:00.000000000,100409,256,100375,256,100439,256,100348,256,100478,100,100226,100,100717,100,100206,100,100730,100,100186,100,100734,100,100124,100,100756,100,100111,100,100781,100,100108,38,101048,100,100086,400,101057,100,100041,100
2019-06-28 09:56:10.000000000,100409,412,100375,412,100439,100,100348,100,100478,100,100226,100,100717,100,100206,100,100730,100,100186,100,100734,100,100124,100,100756,100,100111,100,100781,100,100108,38,101048,100,100086,400,101057,100,100041,100
2019-06-28 09:56:12.752034349,100409,412,100375,312,100439,100,100348,100,100478,100,100226,100,100717,100,100206,100,100730,100,100186,100,100734,100,100111,100,100756,100,100108,38,100781,100,100086,400,101048,100,100041,100,101057,100,100027,100
2019-06-28 09:56:15.512704738,100409,412,100375,212,100439,100,100348,100,100478,100,100226,100,100717,100,100206,100,100730,100,100186,100,100734,100,100111,100,100756,100,100108,38,100781,100,100086,400,101048,100,100041,100,101057,100,100027,100
2019-06-28 09:56:20.000000000,100409,256,100348,256,100439,256,100226,256,100478,100,100206,100,100717,100,100186,100,100730,100,100111,100,100734,100,100108,38,100756,100,100086,400,100781,100,100041,100,101048,100,100027,100,101057,100,99980,100
2019-06-28 09:56:30.000000000,100409,256,100348,256,100439,256,100226,256,100478,100,100206,100,100717,100,100186,100,100730,100,100111,100,100734,100,100108,38,100756,100,100086,400,100781,100,100041,100,101048,100,100027,100,101057,100,99980,100
2019-06-28 09:56:35.473776822,100409,256,100348,256,100439,256,100226,256,100478,100,100206,100,100717,100,100186,100,100730,100,100111,100,100734,100,100108,38,100756,100,100086,400,100781,100,100041,100,101048,100,100027,100,101057,100,99980,100
2019-06-28 09:56:40.000000000,100409,206,100348,206,100439,203,100226,203,100478,203,100206,203,100717,100,100186,100,100730,100,100111,100,100734,100,100108,38,100756,100,100086,400,100781,100,100041,100,101048,100,100027,100,101057,100,99980,100
2019-06-28 09:56:50.000000000,100409,412,100348,412,100439,100,100226,100,100478,100,100206,100,100717,100,100186,100,100730,100,100111,100,100734,100,100108,38,100756,100,100086,400,100781,100,100041,100,101048,100,100027,100,101057,100,99980,100
2019-06-28 09:56:51.765243120,100409,412,100348,412,100439,100,100226,100,100478,100,100206,100,100717,100,100186,100,100730,100,100111,100,100734,100,100108,38,100756,100,100086,400,100781,100,100041,100,101048,100,100027,100,101057,100,99980,100
2019-06-28 09:56:56.470392640,100409,412,100348,412,100439,100,100226,100,100478,100,100206,100,100717,100,100186,100,100730,100,100111,100,100734,100,100108,38,100756,100,100086,400,100781,100,100041,100,101048,100,100027,100,101057,100,99980,100
2019-06-28 09:57:00.000000000,100409,256,100348,256,100439,256,100226,256,100478,100,100206,100,100717,100,100186,100,100730,100,100111,100,100734,100,100108,38,100756,100,100086,400,100781,100,100041,100,101048,100,100027,100,101057,100,99980,100
2019-06-28 09:57:04.406492402,100409,256,100348,256,100439,256,100226,256,100478,100,100206,100,100717,100,100186,100,100730,100,100111,100,100734,100,100108,38,100756,100,100086,300,100781,100,100041,100,101048,100,100027,100,101057,100,99980,100
2019-06-28 09:57:05.260626748,100409,256,100348,156,100439,256,100226,256,100478,100,100206,100,100717,100,100186,100,100730,100,100111,100,100734,100,100108,38,100756,100,100086,300,100781,100,100041,100,101048,100,100027,100,101057,100,99980,100
2019-06-28 09:57:08.179790264,100409,256,100348,156,100439,256,100226,256,100478,100,100206,100,100717,100,100186,100,100730,100,100111,100,100734,100,100108,38,100756,100,100086,300,100781,100,100041,100,101048,100,100027,100,101057,100,99980,100
2019-06-28 09:57:10.000000000,100409,412,100226,412,100439,100,100206,100,100478,100,100186,100,100717,100,100111,100,100730,100,100108,38,100734,100,100086,300,100756,100,100041,100,100781,100,100027,100,101048,100,99980,100,101057,100,99967,100
2019-06-28 09:57:13.450011488,100409,412,100226,412,100439,100,100206,100,100478,100,100186,100,100717,100,100111,100,100730,100,100108,38,100734,100,100086,300,100756,100,100041,100,100781,100,100027,100,101048,100,99980,100,101057,100,99967,100
2019-06-28 09:57:20.000000000,100409,256,100226,256,100439,256,100206,256,100478,100,100186,100,100717,100,100111,100,100730,100,100108,38,100734,100,100086,300,100756,100,100041,100,100781,100,100027,100,101048,100,99980,100,101057,100,99967,100
2019-06-28 09:57:22.835536796,100409,256,100226,256,100439,256,100206,256,100478,100,100186,100,100717,100,100111,100,100730,100,100108,38,100734,100,100086,300,100756,100,100041,100,100781,100,100027,100,101048,100,99980,100,101057,100,99967,100
2019-06-28 09:57:30.000000000,100409,162,100226,162,100439,162,100206,162,100478,162,100186,162,100717,162,100111,162,100730,162,100108,100,100734,100,100086,300,100756,100,100041,100,100781,100,100027,100,101048,100,99980,100,101057,100,99967,100
2019-06-28 09:57:31.951523248,100409,162,100226,162,100439,162,100206,162,100478,162,100186,162,100717,162,100111,162,100730,162,100108,100,100734,100,100086,300,100756,100,100041,100,100781,100,100027,100,101048,100,99980,100,101057,100,99967,100
2019-06-28 09:57:40.000000000,100409,206,100226,206,100439,203,100206,203,100478,203,100186,203,100717,100,100111,100,100730,100,100108,38,100734,100,100086,300,100756,100,100041,100,100781,100,100027,100,101048,100,99980,100,101057,100,99967,100
2019-06-28 09:57:50.000000000,100409,412,100226,412,100439,100,100206,100,100478,100,100186,100,100717,100,100111,100,100730,100,100108,38,100734,100,100086,300,100756,100,100041,100,100781,100,100027,100,101048,100,99980,100,101057,100,99967,100
2019-06-28 09:57:59.383802880,100375,100,100226,412,100409,312,100206,100,100439,100,100186,100,100478,100,100111,100,100717,100,100108,38,100730,100,100086,300,100734,100,100041,100,100756,100,100027,100,100781,100,99980,100,101048,100,99967,100
2019-06-28 09:58:00.000000000,100375,206,100226,206,100439,203,100206,203,100478,203,100186,203,100717,100,100111,100,100730,100,100108,38,100734,100,100086,300,100756,100,100041,100,100781,100,100027,100,101048,100,99980,100,101057,100,99967,100
2019-06-28 09:58:10.000000000,100375,412,100226,412,100439,100,100206,100,100478,100,100186,100,100717,100,100111,100,100730,100,100108,38,100734,100,100086,300,100756,100,100041,100,100781,100,100027,100,101048,100,99980,100,101057,100,99967,100
2019-06-28 09:58:14.548168122,100375,412,100226,412,100478,100,100206,100,100717,100,100186,100,100730,100,100111,100,100734,100,100108,38,100756,100,100086,300,100781,100,100041,100,101048,100,100027,100,101057,100,99980,100,101186,100,99967,100
2019-06-28 09:58:20.000000000,100375,206,100226,206,100478,203,100206,203,100717,203,100186,203,100730,100,100111,100,100734,100,100108,38,100756,100,100086,300,100781,100,100041,100,101048,100,100027,100,101057,100,99980,100,101186,100,99967,100
2019-06-28 09:58:30.000000000,100375,162,100226,162,100478,162,100206,162,100717,162,100186,162,100730,162,100111,162,100734,162,100108,100,100756,100,100086,300,100781,100,100041,100,101048,100,100027,100,101057,100,99980,100,101186,100,99967,100
2019-06-28 09:58:40.000000000,100375,178,100226,178,100478,178,100206,178,100717,178,100186,178,100730,178,100111,178,100734,100,100108,38,100756,100,100086,300,100781,100,100041,100,101048,100,100027,100,101057,100,99980,100,101186,100,99967,100
2019-06-28 09:58:50.000000000,100375,256,100226,256,100478,256,100206,256,100717,100,100186,100,100730,100,100111,100,100734,100,100108,38,100756,100,100086,300,100781,100,100041,100,101048,100,100027,100,101057,100,99980,100,101186,100,99967,100
2019-06-28 09:58:51.740477545,100375,256,100226,156,100478,256,100206,256,100717,100,100186,100,100730,100,100111,100,100734,100,100108,38,100756,100,100086,300,100781,100,100041,100,101048,100,100027,100,101057,100,99980,100,101186,100,99967,100
2019-06-28 09:59:00.000000000,100375,206,100206,206,100478,203,100186,203,100717,203,100111,203,100730,100,100108,38,100734,100,100086,300,100756,100,100041,100,100781,100,100027,100,101048,100,99980,100,101057,100,99967,100,101186,100,99960,100
2019-06-28 09:59:10.000000000,100375,256,100206,256,100478,256,100186,256,100717,100,100111,100,100730,100,100108,38,100734,100,100086,300,100756,100,100041,100,100781,100,100027,100,101048,100,99980,100,101057,100,99967,100,101186,100,99960,100
2019-06-28 09:59:13.151218604,100348,100,100206,256,100375,256,100186,256,100478,256,100111,100,100717,100,100108,38,100730,100,100086,300,100734,100,100041,100,100756,100,100027,100,100781,100,99980,100,101048,100,99967,100,101057,100,99960,100
2019-06-28 09:59:13.773101175,100348,200,100206,256,100375,256,100186,256,100478,256,100111,100,100717,100,100108,38,100730,100,100086,300,100734,100,100041,100,100756,100,100027,100,100781,100,99980,100,101048,100,99967,100,101057,100,99960,100
2019-06-28 09:59:13.802049750,100348,200,100206,156,100375,256,100186,256,100478,256,100111,100,100717,100,100108,38,100730,100,100086,300,100734,100,100041,100,100756,100,100027,100,100781,100,99980,100,101048,100,99967,100,101057,100,99960,100
2019-06-28 09:59:20.000000000,100348,262,100186,162,100375,162,100111,162,100478,162,100108,100,100717,162,100086,362,100730,162,100041,162,100734,100,100027,100,100756,100,99980,100,100781,100,99967,100,101048,100,99960,100,101057,100,99944,100
2019-06-28 09:59:27.762090156,100348,262,100186,162,100375,162,100111,162,100478,162,100108,100,100717,162,100086,362,100730,162,100041,162,100734,100,100027,100,100756,100,99980,100,100781,100,99967,100,101048,100,99960,100,101057,100,99944,100
2019-06-28 09:59:30.000000000,100348,306,100186,206,100375,203,100111,203,100478,203,100108,141,100717,100,100086,300,100730,100,100041,100,100734,100,100027,100,100756,100,99980,100,100781,100,99967,100,101048,100,99960,100,101057,100,99944,100
2019-06-28 09:59:40.000000000,100348,512,100186,412,100375,100,100111,100,100478,100,100108,38,100717,100,100086,300,100730,100,100041,100,100734,100,100027,100,100756,100,99980,100,100781,100,99967,100,101048,100,99960,100,101057,100,99944,100
2019-06-28 09:59:40.617501427,100226,100,100186,412,100348,512,100111,100,100375,100,100108,38,100478,100,100086,300,100717,100,100041,100,100730,100,100027,100,100734,100,99980,100,100756,100,99967,100,100781,100,99960,100,101048,100,99944,100
2019-06-28 09:59:44.951340455,100226,100,100186,312,100348,512,100111,100,100375,100,100108,38,100478,100,100086,300,100717,100,100041,100,100730,100,100027,100,100734,100,99980,100,100756,100,99967,100,100781,100,99960,100,101048,100,99944,100
2019-06-28 09:59:45.056025713,100226,100,100186,312,100348,512,100111,100,100375,100,100108,38,100478,100,100086,300,100717,100,100041,100,100730,100,100027,100,100734,100,99980,100,100756,100,99967,100,100781,100,99960,100,101048,100,99944,100
2019-06-28 09:59:50.000000000,100226,256,100111,256,100348,356,100108,194,100375,100,100086,300,100478,100,100041,100,100717,100,100027,100,100730,100,99980,100,100734,100,99967,100,100756,100,99960,100,100781,100,99944,100,101048,100,99939,100
2019-06-28 10:00:00.000000000,100226,412,100111,412,100348,200,100108,38,100375,100,100086,300,100478,100,100041,100,100717,100,100027,100,100730,100,99980,100,100734,100,99967,100,100756,100,99960,100,100781,100,99944,100,101048,100,99939,100
2019-06-28 10:00:10.000000000,100226,256,100111,256,100348,356,100108,194,100375,100,100086,300,100478,100,100041,100,100717,100,100027,100,100730,100,99980,100,100734,100,99967,100,100756,100,99960,100,100781,100,99944,100,101048,100,99939,100
2019-06-28 10:00:13.606054978,100226,256,100111,256,100348,356,100108,194,100375,100,100086,300,100478,100,100041,100,100717,100,100027,100,100730,100,99980,100,100734,100,99967,100,100756,100,99960,100,100781,100,99944,100,101048,100,99939,100
2019-06-28 10:00:20.000000000,100226,256,100111,256,100348,356,100108,194,100375,100,100086,300,100478,100,100041,100,100717,100,100027,100,100730,100,99980,100,100734,100,99967,100,100756,100,99960,100,100781,100,99944,100,101048,100,99939,100
2019-06-28 10:00:23.386208336,100206,100,100111,256,100226,256,100108,194,100348,356,100086,300,100375,100,100041,100,100478,100,100027,100,100717,100,99980,100,100730,100,99967,100,100734,100,99960,100,100756,100,99944,100,100781,100,99939,100
2019-06-28 10:00:30.000000000,100206,412,100111,412,100226,100,100108,38,100348,200,100086,300,100375,100,100041,100,100478,100,100027,100,100717,100,99980,100,100730,100,99967,100,100734,100,99960,100,100756,100,99944,100,100781,100,99939,100
2019-06-28 10:00:33.555314210,100206,412,100111,312,100226,100,100108,38,100348,200,100086,300,100375,100,100041,100,100478,100,100027,100,100717,100,99980,100,100730,100,99967,100,100734,100,99960,100,100756,100,99944,100,100781,100,99939,100
2019-06-28 10:00:40.000000000,100206,412,100108,350,100226,100,100086,300,100348,200,100041,100,100375,100,100027,100,100478,100,99980,100,100717,100,99967,100,100730,100,99960,100,100734,100,99944,100,100756,100,99939,100,100781,100,99896,100
2019-06-28 10:00:50.000000000,100206,412,100108,350,100226,100,100086,300,100348,200,100041,100,100375,100,100027,100,100478,100,99980,100,100717,100,99967,100,100730,100,99960,100,100734,100,99944,100,100756,100,99939,100,100781,100,99896,100
2019-06-28 10:01:00.000000000,100206,206,100108,144,100226,203,100086,403,100348,303,100041,203,100375,100,100027,100,100478,100,99980,100,100717,100,99967,100,100730,100,99960,100,100734,100,99944,100,100756,100,99939,100,100781,100,99896,100
2019-06-28 10:01:10.000000000,100206,256,100108,194,100226,256,100086,456,100348,200,100041,100,100375,100,100027,100,100478,100,99980,100,100717,100,99967,100,100730,100,99960,100,100734,100,99944,100,100756,100,99939,100,100781,100,99896,100
2019-06-28 10:01:20.000000000,100206,412,100108,350,100226,100,100086,300,100348,200,100041,100,100375,100,100027,100,100478,100,99980,100,100717,100,99967,100,100730,100,99960,100,100734,100,99944,100,100756,100,99939,100,100781,100,99896,100
2019-06-28 10:01:29.605255388,100206,412,100108,350,100226,100,100086,300,100348,200,100041,100,100375,100,100027,100,100478,100,99980,100,100717,100,99967,100,100730,100,99960,100,100734,100,99944,100,100756,100,99939,100,101048,100,99896,100
2019-06-28 10:01:30.000000000,100206,206,100108,144,100226,203,100086,403,100348,303,100041,203,100375,100,100027,100,100478,100,99980,100,100717,100,99967,100,100730,100,99960,100,100734,100,99944,100,100756,100,99939,100,101048,100,99896,100
2019-06-28 10:01:40.000000000,100206,178,100108,116,100226,178,100086,378,100348,278,100041,178,100375,178,100027,178,100478,100,99980,100,100717,100,99967,100,100730,100,99960,100,100734,100,99944,100,100756,100,99939,100,101048,100,99896,100
2019-06-28 10:01:50.000000000,100206,178,100108,116,100226,178,100086,378,100348,278,100041,178,100375,178,100027,178,100478,100,99980,100,100717,100,99967,100,100730,100,99960,100,100734,100,99944,100,100756,100,99939,100,101048,100,99896,100
2019-06-28 10:01:53.754731797,100206,178,100108,116,100226,178,100086,378,100348,278,100041,178,100375,178,100027,178,100478,100,99980,100,100717,100,99967,100,100730,100,99960,100,100734,100,99944,100,100756,100,99939,100,101048,100,99896,100
2019-06-28 10:01:56.243207376,100206,178,100108,116,100226,178,100086,378,100348,278,100041,178,100375,178,100027,178,100478,100,99980,100,100717,100,99967,100,100730,100,99960,100,100734,100,99944,100,100756,100,99939,100,101048,100,99896,100
2019-06-28 10:01:58.878654024,100206,78,100108,116,100226,178,100086,378,100348,278,100041,178,100375,178,100027,178,100478,100,99980,100,100717,100,99967,100,100730,100,99960,100,100734,100,99944,100,100756,100,99939,100,101048,100,99896,100
2019-06-28 10:02:00.000000000,100226,162,100108,100,100348,262,100086,362,100375,162,100041,162,100478,162,100027,162,100717,162,99980,162,100730,100,99967,100,100734,100,99960,100,100756,100,99944,100,101048,100,99939,100,101057,100,99896,100
2019-06-28 10:02:10.000000000,100226,178,100108,116,100348,278,100086,378,100375,178,100041,178,100478,178,100027,178,100717,100,99980,100,100730,100,99967,100,100734,100,99960,100,100756,100,99944,100,101048,100,99939,100,101057,100,99896,100
2019-06-28 10:02:20.000000000,100226,412,100108,350,100348,200,100086,300,100375,100,100041,100,100478,100,100027,100,100717,100,99980,100,100730,100,99967,100,100734,100,99960,100,100756,100,99944,100,101048,100,99939,100,101057,100,99896,100
2019-06-28 10:02:21.141477872,100186,100,100108,350,100226,412,100086,300,100348,200,100041,100,100375,100,100027,100,100717,100,99980,100,100730,100,99967,100,100734,100,99960,100,100756,100,99944,100,101048,100,99939,100,101057,100,99896,100
2019-06-28 10:02:30.000000000,100186,206,100108,144,100226,203,100086,403,100348,303,100041,203,100375,100,100027,100,100717,100,99980,100,100730,100,99967,100,100734,100,99960,100,100756,100,99944,100,101048,100,99939,100,101057,100,99896,100
2019-06-28 10:02:40.000000000,100186,256,100108,194,100226,256,100086,456,100348,200,100041,100,100375,100,100027,100,100717,100,99980,100,100730,100,99967,100,100734,100,99960,100,100756,100,99944,100,101048,100,99939,100,101057,100,99896,100
2019-06-28 10:02:49.035160512,100186,256,100108,94,100226,256,100086,456,100348,200,100041,100,100375,100,100027,100,100717,100,99980,100,100730,100,99967,100,100734,100,99960,100,100756,100,99944,100,101048,100,99939,100,101057,100,99896,100
2019-06-28 10:02:50.000000000,100186,412,100086,612,100226,100,100041,100,100348,200,100027,100,100375,100,99980,100,100717,100,99967,100,100730,100,99960,100,100734,100,99944,100,100756,100,99939,100,101048,100,99896,100,101057,100,99738,100
2019-06-28 10:03:00.000000000,100186,412,100086,612,100226,100,100041,100,100348,200,100027,100,100375,100,99980,100,100717,100,99967,100,100730,100,99960,100,100734,100,99944,100,100756,100,99939,100,101048,100,99896,100,101057,100,99738,100
2019-06-28 10:03:00.562933901,100111,100,100086,612,100186,412,100027,100,100226,100,99980,100,100348,200,99967,100,100375,100,99960,100,100717,100,99944,100,100730,100,99939,100,100734,100,99896,100,100756,100,99738,100,101048,100,99624,100
2019-06-28 10:03:02.662454701,100111,100,100086,512,100186,412,100027,100,100226,100,99980,100,100348,200,99967,100,100375,100,99960,100,100717,100,99944,100,100730,100,99939,100,100734,100,99896,100,100756,100,99738,100,101048,100,99624,100
2019-06-28 10:03:10.000000000,100111,256,100086,356,100186,256,100027,256,100226,100,99980,100,100348,200,99967,100,100375,100,99960,100,100717,100,99944,100,100730,100,99939,100,100734,100,99896,100,100756,100,99738,100,101048,100,99624,100
2019-06-28 10:03:16.463302824,100111,256,100086,356,100186,256,100027,256,100226,100,99980,100,100348,200,99967,100,100375,100,99960,100,100717,100,99944,100,100730,100,99939,100,100734,100,99896,100,100756,100,99738,100,101048,100,99624,100
2019-06-28 10:03:20.000000000,100111,162,100086,262,100186,162,100027,162,100226,162,99980,162,100348,262,99967,162,100375,162,99960,162,100717,100,99944,100,100730,100,99939,100,100734,100,99896,100,100756,100,99738,100,101048,100,99624,100
2019-06-28 10:03:27.719727805,100111,162,100086,162,100186,162,100027,162,100226,162,99980,162,100348,262,99967,162,100375,162,99960,162,100717,100,99944,100,100730,100,99939,100,100734,100,99896,100,100756,100,99738,100,101048,100,99624,100
2019-06-28 10:03:30.000000000,100111,162,100086,162,100186,162,100027,162,100226,162,99980,162,100348,262,99967,162,100375,162,99960,162,100717,100,99944,100,100730,100,99939,100,100734,100,99896,100,100756,100,99738,100,101048,100,99624,100
2019-06-28 10:03:30.328227016,100111,162,100086,62,100186,162,100027,162,100226,162,99980,162,100348,262,99967,162,100375,162,99960,162,100717,100,99944,100,100730,100,99939,100,100734,100,99896,100,100756,100,99738,100,101048,100,99624,100
2019-06-28 10:03:34.415987987,100086,38,100027,162,100111,162,99980,162,100186,162,99967,162,100226,162,99960,162,100348,262,99944,100,100375,162,99939,100,100717,100,99896,100,100730,100,99738,100,100734,100,99624,100,100756,100,99382,100
2019-06-28 10:03:39.499858143,100086,38,100027,162,100111,162,99980,162,100186,162,99967,162,100226,62,99960,162,100348,262,99944,100,100375,162,99939,100,100717,100,99896,100,100730,100,99738,100,100734,100,99624,100,100756,100,99382,100
2019-06-28 10:03:40.000000000,100086,144,100027,206,100111,203,99980,203,100186,203,99967,203,100348,200,99960,100,100375,100,99944,100,100717,100,99939,100,100730,100,99896,100,100734,100,99738,100,100756,100,99624,100,101048,100,99382,100
2019-06-28 10:03:50.000000000,100086,144,100027,206,100111,203,99980,203,100186,203,99967,203,100348,200,99960,100,100375,100,99944,100,100717,100,99939,100,100730,100,99896,100,100734,100,99738,100,100756,100,99624,100,101048,100,99382,100
2019-06-28 10:03:50.620193277,100086,144,100027,206,100111,203,99980,203,100186,203,99967,203,100348,200,99960,100,100375,100,99944,100,100717,100,99939,100,100730,100,99896,100,100734,100,99738,100,100756,100,99624,100,101048,100,99382,100
2019-06-28 10:03:59.378725055,100086,144,100027,106,100111,203,99980,203,100186,203,99967,203,100348,200,99960,100,100375,100,99944,100,100717,100,99939,100,100730,100,99896,100,100734,100,99738,100,100756,100,99624,100,101048,100,99382,100
2019-06-28 10:04:00.000000000,100086,144,99980,206,100111,203,99967,203,100186,203,99960,203,100348,200,99944,100,100375,100,99939,100,100717,100,99896,100,100730,100,99738,100,100734,100,99624,100,100756,100,99382,100,101048,100,99334,100
2019-06-28 10:04:10.000000000,100086,144,99980,206,100111,203,99967,203,100186,203,99960,203,100348,200,99944,100,100375,100,99939,100,100717,100,99896,100,100730,100,99738,100,100734,100,99624,100,100756,100,99382,100,101048,100,99334,100
2019-06-28 10:04:15.196491042,100086,144,99980,206,100111,203,99967,203,100186,203,99960,203,100348,200,99944,100,100375,100,99939,100,100717,100,99896,100,100730,100,99738,100,100734,100,99624,100,100756,100,99382,100,101048,100,99334,100
2019-06-28 10:04:20.000000000,100086,144,99980,206,100111,203,99967,203,100186,203,99960,203,100348,200,99944,100,100375,100,99939,100,100717,100,99896,100,100730,100,99738,100,100734,100,99624,100,100756,100,99382,100,101048,100,99334,100
2019-06-28 10:04:22.374920833,100086,144,99980,206,100111,203,99967,203,100186,203,99960,203,100348,200,99944,100,100375,100,99939,100,100717,100,99896,100,100730,100,99738,100,100734,100,99624,100,100756,100,99382,100,101048,100,99334,100
2019-06-28 10:04:25.602116519,100086,106,99980,106,100111,203,99967,203,100186,203,99960,203,100348,200,99944,100,100375,100,99939,100,100717,100,99896,100,100730,100,99738,100,100734,100,99624,100,100756,100,99382,100,101048,100,99334,100
