,ask_price_1,ask_size_1,bid_price_1,bid_size_1,ask_price_2,ask_size_2,bid_price_2,bid_size_2,ask_price_3,ask_size_3,bid_price_3,bid_size_3,ask_price_4,ask_size_4,bid_price_4,bid_size_4,ask_price_5,ask_size_5,bid_price_5,bid_size_5,ask_price_6,ask_size_6,bid_price_6,bid_size_6,ask_price_7,ask_size_7,bid_price_7,bid_size_7,ask_price_8,ask_size_8,bid_price_8,bid_size_8,ask_price_9,ask_size_9,bid_price_9,bid_size_9,ask_price_10,ask_size_10,bid_price_10,bid_size_10
2019-06-28 09:30:00.000000000,100132,100,,,,,,,,,,,,,,,,,,,,,,,,,,,,,,,,,,,,,,
2019-06-28 09:30:00.000000001,100132,100,99936,100,,,,,,,,,,,,,,,,,,,,,,,,,,,,,,,,,,,,
2019-06-28 09:30:00.000000003,100132,100,99936,100,,,99870,100,,,,,,,,,,,,,,,,,,,,,,,,,,,,,,,,
2019-06-28 09:30:00.000000004,100132,100,99936,100,100135,100,99911,100,,,99870,100,,,,,,,,,,,,,,,,,,,,,,,,,,,,
2019-06-28 09:30:00.000000005,100068,100,99936,100,100132,100,99911,100,100135,100,99870,100,,,,,,,,,,,,,,,,,,,,,,,,,,,,
2019-06-28 09:30:00.000000008,100068,100,100043,100,100123,100,99936,100,100132,100,99911,100,100135,100,99870,100,,,99839,100,,,,,,,,,,,,,,,,,,,,
2019-06-28 09:30:00.000000009,100068,100,100043,100,100123,100,99936,100,100132,100,99911,100,100135,100,99870,100,100140,100,99839,100,,,,,,,,,,,,,,,,,,,,
2019-06-28 09:30:00.000000010,100068,100,100043,100,100123,100,99936,100,100132,100,99911,100,100135,200,99870,100,100140,100,99839,100,,,,,,,,,,,,,,,,,,,,
2019-06-28 09:30:00.000000013,100068,100,99936,100,100123,100,99911,100,100132,100,99870,100,100135,200,99839,100,100140,100,,,,,,,,,,,,,,,,,,,,,,
2019-06-28 09:30:00.000000015,100068,100,99984,100,100123,100,99936,100,100132,100,99911,100,100135,200,99870,100,100140,100,99839,100,,,,,,,,,,,,,,,,,,,,
2019-06-28 09:30:00.000000019,100068,100,99984,100,100117,100,99936,100,100123,100,99911,100,100132,100,99870,100,100135,200,99839,100,100140,100,,,,,,,,,,,,,,,,,,
2019-06-28 09:30:00.000000026,100068,100,99984,100,100117,100,99936,100,100123,100,99911,100,100124,100,99870,100,100132,100,99839,100,100135,200,,,100140,100,,,,,,,,,,,,,,
2019-06-28 09:30:00.000000027,100068,100,99984,100,100106,100,99936,100,100117,100,99911,100,100123,100,99870,100,100124,100,99839,100,100132,100,,,100135,200,,,100140,100,,,,,,,,,,
2019-06-28 09:30:00.000000028,100106,100,100003,100,100117,100,99984,100,100123,100,99954,100,100124,100,99936,100,100132,100,99911,100,100135,200,99870,100,100140,100,99839,100,,,,,,,,,,,,
2019-06-28 09:30:00.000000029,100106,100,100003,100,100117,100,99984,100,100123,100,99954,100,100124,100,99936,100,100132,100,99918,100,100135,200,99911,100,100140,100,99870,100,,,99839,100,,,,,,,,
2019-06-28 09:30:00.000000030,100056,100,100003,100,100106,100,99984,100,100117,100,99954,100,100123,100,99936,100,100124,100,99918,100,100132,100,99911,100,100135,200,99870,100,100140,100,99839,100,,,,,,,,
2019-06-28 09:30:00.000000035,100056,100,100003,100,100106,100,99984,100,100117,100,99964,100,100123,100,99954,100,100124,100,99936,100,100132,100,99918,100,100135,200,99911,100,100140,100,99870,100,,,99839,100,,,,
2019-06-28 09:30:00.000000036,100056,100,100003,100,100073,100,99986,100,100106,100,99984,100,100117,100,99964,100,100123,100,99954,100,100124,100,99936,100,100132,100,99918,100,100135,200,99911,100,100140,100,99870,100,,,99839,100
2019-06-28 09:30:00.000000037,100056,100,100003,100,100071,100,99986,100,100073,100,99984,100,100106,100,99964,100,100117,100,99954,100,100123,100,99936,100,100124,100,99918,100,100132,100,99911,100,100135,200,99870,100,100140,100,99839,100
2019-06-28 09:30:00.000000039,100056,100,100043,100,100071,100,100003,100,100073,100,99986,100,100106,100,99984,100,100117,100,99964,100,100123,100,99954,100,100124,100,99936,100,100132,100,99918,100,100135,200,99911,100,100140,100,99870,100
2019-06-28 09:30:00.000000040,100056,100,100043,100,100071,100,100003,100,100073,100,99986,100,100106,100,99984,100,100117,100,99964,100,100123,100,99954,100,100124,100,99936,100,100132,100,99918,100,100135,200,99911,100,100140,100,99870,100
2019-06-28 09:30:00.000000043,100056,100,100003,100,100071,100,99986,100,100073,100,99984,100,100106,100,99964,100,100117,100,99954,100,100123,100,99936,100,100124,100,99918,100,100132,100,99911,100,100135,200,99870,100,100140,100,99839,100
2019-06-28 09:30:00.000000044,100024,100,100003,100,100056,100,99986,100,100071,100,99984,100,100073,100,99964,100,100106,100,99954,100,100117,100,99936,100,100123,100,99918,100,100124,100,99911,100,100132,100,99870,100,100135,200,99839,100
2019-06-28 09:30:00.000000045,100024,100,100003,100,100056,100,99986,100,100071,100,99984,100,100073,100,99964,100,100106,100,99954,100,100117,100,99936,100,100123,100,99918,100,100124,100,99911,100,100132,100,99901,100,100135,200,99870,100
2019-06-28 09:30:00.000000047,100024,100,100003,100,100056,100,99986,100,100068,100,99984,100,100071,100,99964,100,100073,100,99954,100,100106,100,99936,100,100117,100,99918,100,100123,100,99911,100,100124,100,99901,100,100132,100,99870,100
2019-06-28 09:30:00.000000049,100024,100,99986,100,100056,100,99984,100,100068,100,99964,100,100071,100,99954,100,100073,100,99936,100,100106,100,99918,100,100117,100,99911,100,100123,100,99901,100,100124,100,99870,100,100132,100,99839,100
2019-06-28 09:30:00.000000050,100024,100,99986,100,100043,100,99984,100,100056,100,99977,100,100068,100,99964,100,100071,100,99954,100,100073,100,99936,100,100106,100,99918,100,100117,100,99911,100,100123,100,99901,100,100124,100,99870,100
2019-06-28 09:30:00.000000052,100024,100,99986,100,100043,200,99984,100,100056,100,99977,100,100068,100,99964,100,100071,100,99954,100,100073,100,99936,100,100087,100,99918,100,100106,100,99911,100,100117,100,99901,100,100123,100,99870,100
2019-06-28 09:30:00.000000055,100024,100,99984,100,100043,200,99977,100,100056,100,99964,100,100068,100,99954,100,100071,100,99936,100,100073,100,99918,100,100087,100,99911,100,100106,100,99901,100,100117,100,99870,100,100123,100,99839,100
2019-06-28 09:30:00.000000057,100024,100,99986,100,100043,200,99984,100,100056,100,99977,100,100068,100,99964,100,100071,100,99954,100,100073,100,99936,100,100087,100,99918,100,100106,100,99911,100,100117,100,99901,100,100123,100,99870,100
2019-06-28 09:30:00.000000061,100003,100,99986,100,100024,100,99984,100,100043,200,99977,100,100056,100,99964,100,100068,100,99954,100,100071,100,99936,100,100073,100,99918,100,100087,100,99911,100,100106,100,99901,100,100117,100,99894,100
2019-06-28 09:30:00.000000062,100003,100,99986,100,100014,100,99984,100,100024,100,99977,100,100043,200,99964,100,100056,100,99954,100,100068,100,99936,100,100071,100,99918,100,100073,100,99911,100,100087,100,99901,100,100106,100,99894,100
2019-06-28 09:30:00.000000064,100003,100,99984,100,100014,100,99977,100,100024,100,99964,100,100043,200,99954,100,100056,100,99936,100,100068,100,99918,100,100071,100,99911,100,100073,100,99901,100,100087,100,99894,100,100106,100,99870,100
2019-06-28 09:30:00.000000065,100003,100,99984,100,100014,100,99977,100,100024,100,99964,100,100043,200,99954,100,100056,100,99951,100,100068,100,99936,100,100071,100,99918,100,100073,100,99911,100,100087,100,99901,100,100106,100,99894,100
2019-06-28 09:30:00.000000067,100003,100,99984,100,100014,100,99977,100,100024,100,99964,100,100043,200,99954,100,100056,100,99951,100,100068,100,99936,100,100071,100,99918,100,100073,100,99911,100,100087,100,99901,100,100106,100,99894,100
2019-06-28 09:30:00.000000068,100003,100,99984,100,100014,100,99977,100,100024,100,99964,100,100043,200,99954,100,100056,100,99951,100,100068,100,99936,100,100071,100,99918,100,100073,100,99911,100,100087,100,99901,100,100106,100,99894,100
2019-06-28 09:30:00.000000071,100003,100,99984,100,100014,100,99977,100,100024,100,99964,100,100043,200,99954,100,100056,100,99951,100,100068,100,99936,100,100071,100,99918,100,100073,100,99911,100,100087,100,99901,100,100106,100,99894,100
2019-06-28 09:30:00.000000075,100003,100,99984,100,100014,100,99977,100,100024,100,99964,100,100043,200,99954,100,100056,100,99951,100,100068,100,99936,100,100071,100,99918,100,100073,100,99911,100,100087,100,99901,100,100106,100,99894,100
2019-06-28 09:30:00.000000079,100014,100,99984,100,100024,100,99977,100,100043,200,99964,100,100056,100,99954,100,100068,100,99951,100,100071,100,99936,100,100073,100,99918,100,100087,100,99911,100,100106,100,99901,100,100112,100,99894,100
2019-06-28 09:30:00.000000083,100003,100,99984,100,100014,100,99977,100,100024,100,99964,100,100043,200,99954,100,100056,100,99951,100,100068,100,99936,100,100071,100,99918,100,100073,100,99911,100,100087,100,99901,100,100106,100,99896,100
2019-06-28 09:30:00.000000084,100003,100,99984,100,100014,100,99977,100,100024,100,99964,100,100043,200,99954,100,100056,100,99951,100,100068,100,99936,100,100071,100,99918,100,100073,100,99911,100,100087,100,99901,100,100106,100,99896,100
2019-06-28 09:30:00.000000086,100003,100,99984,100,100014,100,99977,100,100024,100,99964,100,100043,200,99954,100,100056,100,99952,100,100068,100,99951,100,100071,100,99936,100,100073,100,99918,100,100087,100,99911,100,100106,100,99901,100
2019-06-28 09:30:00.000000091,100003,100,99984,100,100014,100,99977,100,100024,100,99964,100,100041,100,99954,100,100043,200,99952,100,100056,100,99951,100,100068,100,99936,100,100071,100,99918,100,100073,100,99911,100,100087,100,99901,100
2019-06-28 09:30:00.000000092,100003,100,99984,100,100014,100,99977,100,100021,100,99964,100,100024,100,99954,100,100041,100,99952,100,100043,200,99951,100,100056,100,99936,100,100068,100,99918,100,100071,100,99911,100,100073,100,99901,100
2019-06-28 09:30:00.000000093,100014,100,99984,100,100021,100,99977,100,100024,100,99964,100,100041,100,99954,100,100043,200,99952,100,100056,100,99951,100,100068,100,99936,100,100071,100,99918,100,100073,100,99911,100,100087,100,99901,100
2019-06-28 09:30:00.000000095,100014,100,99984,100,100021,100,99977,100,100024,100,99964,100,100041,100,99954,100,100043,200,99952,100,100056,100,99951,100,100068,100,99936,100,100071,100,99918,100,100073,100,99911,100,100087,100,99901,100
2019-06-28 09:30:00.000000096,100014,100,99984,100,100021,100,99977,100,100024,100,99964,100,100041,100,99954,100,100043,200,99952,100,100056,100,99951,100,100068,100,99936,100,100071,100,99918,100,100073,100,99911,100,100087,100,99906,100
2019-06-28 09:30:00.000000098,100014,100,99984,100,100021,100,99977,100,100024,100,99964,100,100041,100,99954,100,100043,200,99952,100,100056,100,99951,100,100068,100,99936,100,100071,100,99918,100,100073,100,99911,100,100085,100,99906,100
2019-06-28 09:30:00.000000099,100003,100,99995,100,100014,100,99984,100,100021,100,99977,100,100024,100,99964,100,100041,100,99954,100,100043,200,99952,100,100056,100,99951,100,100068,100,99936,100,100071,100,99918,100,100073,100,99911,100
2019-06-28 09:30:10.000000000,100003,398,99995,398,100014,100,99984,100,100021,100,99977,100,100024,100,99964,100,100041,100,99954,100,100043,200,99952,100,100056,100,99951,100,100068,100,99936,100,100071,100,99918,100,100073,100,99911,100
2019-06-28 09:30:20.000000000,100003,160,99995,160,100014,160,99984,160,100021,160,99977,160,100024,160,99964,160,100041,160,99954,160,100043,200,99952,100,100056,100,99951,100,100068,100,99936,100,100071,100,99918,100,100073,100,99911,100
2019-06-28 09:30:30.000000000,100003,398,99995,398,100014,100,99984,100,100021,100,99977,100,100024,100,99964,100,100041,100,99954,100,100043,200,99952,100,100056,100,99951,100,100068,100,99936,100,100071,100,99918,100,100073,100,99911,100
2019-06-28 09:30:32.724512372,100003,398,99995,398,100014,100,99984,100,100021,100,99977,100,100024,100,99964,100,100041,100,99954,100,100043,200,99952,100,100056,100,99951,100,100068,100,99936,100,100071,100,99918,100,100073,100,99911,100
2019-06-28 09:30:38.387855889,100003,398,99995,398,100014,100,99984,100,100021,100,99977,100,100024,100,99964,100,100041,100,99954,100,100043,200,99952,100,100056,100,99951,100,100068,100,99936,100,100071,100,99918,100,100073,100,99911,100
2019-06-28 09:30:40.000000000,100003,174,99995,174,100014,174,99984,174,100021,174,99977,174,100024,174,99964,174,100041,100,99954,100,100043,200,99952,100,100056,100,99951,100,100068,100,99936,100,100071,100,99918,100,100073,100,99911,100
2019-06-28 09:30:50.000000000,100003,174,99995,174,100014,174,99984,174,100021,174,99977,174,100024,174,99964,174,100041,100,99954,100,100043,200,99952,100,100056,100,99951,100,100068,100,99936,100,100071,100,99918,100,100073,100,99911,100
2019-06-28 09:30:52.968184095,100003,174,99995,174,100014,174,99984,174,100021,174,99977,174,100024,174,99964,174,100041,100,99954,100,100043,200,99952,100,100056,100,99951,100,100068,100,99936,100,100071,100,99918,100,100073,100,99911,100
2019-06-28 09:31:00.000000000,100003,160,99995,160,100014,160,99984,160,100021,160,99977,160,100024,160,99964,160,100041,160,99954,160,100043,200,99952,100,100056,100,99951,100,100068,100,99936,100,100071,100,99918,100,100073,100,99911,100
2019-06-28 09:31:10.000000000,100003,160,99995,160,100014,160,99984,160,100021,160,99977,160,100024,160,99964,160,100041,160,99954,160,100043,200,99952,100,100056,100,99951,100,100068,100,99936,100,100071,100,99918,100,100073,100,99911,100
2019-06-28 09:31:20.000000000,100003,174,99995,174,100014,174,99984,174,100021,174,99977,174,100024,174,99964,174,100041,100,99954,100,100043,200,99952,100,100056,100,99951,100,100068,100,99936,100,100071,100,99918,100,100073,100,99911,100
2019-06-28 09:31:20.075889054,100003,174,99995,174,100014,274,99984,174,100021,174,99977,174,100024,174,99964,174,100041,100,99954,100,100043,200,99952,100,100056,100,99951,100,100068,100,99936,100,100071,100,99918,100,100073,100,99911,100
2019-06-28 09:31:30.000000000,100003,398,99995,398,100014,200,99984,100,100021,100,99977,100,100024,100,99964,100,100041,100,99954,100,100043,200,99952,100,100056,100,99951,100,100068,100,99936,100,100071,100,99918,100,100073,100,99911,100
2019-06-28 09:31:40.000000000,100003,160,99995,160,100014,260,99984,160,100021,160,99977,160,100024,160,99964,160,100041,160,99954,160,100043,200,99952,100,100056,100,99951,100,100068,100,99936,100,100071,100,99918,100,100073,100,99911,100
2019-06-28 09:31:48.224745062,100003,160,99995,160,100014,260,99984,160,100021,160,99977,160,100024,160,99965,100,100041,160,99964,60,100043,200,99954,160,100056,100,99952,100,100068,100,99951,100,100071,100,99936,100,100073,100,99918,100
2019-06-28 09:31:50.000000000,100003,249,99995,249,100014,349,99984,249,100021,100,99977,100,100024,100,99965,100,100041,100,99954,100,100043,200,99952,100,100056,100,99951,100,100068,100,99936,100,100071,100,99918,100,100073,100,99911,100
2019-06-28 09:32:00.000000000,100003,201,99995,201,100014,298,99984,198,100021,198,99977,198,100024,100,99965,100,100041,100,99954,100,100043,200,99952,100,100056,100,99951,100,100068,100,99936,100,100071,100,99918,100,100073,100,99911,100
2019-06-28 09:32:10.000000000,100003,160,99995,160,100014,260,99984,160,100021,160,99977,160,100024,160,99965,160,100041,160,99954,160,100043,200,99952,100,100056,100,99951,100,100068,100,99936,100,100071,100,99918,100,100073,100,99911,100
2019-06-28 09:32:10.737572785,100003,160,99995,160,100014,260,99984,260,100021,160,99977,160,100024,160,99965,160,100041,160,99954,160,100043,200,99952,100,100056,100,99951,100,100068,100,99936,100,100071,100,99918,100,100073,100,99911,100
2019-06-28 09:32:13.975984419,100003,160,99995,60,100014,260,99984,260,100021,160,99977,160,100024,160,99965,160,100041,160,99954,160,100043,200,99952,100,100056,100,99951,100,100068,100,99936,100,100071,100,99918,100,100073,100,99911,100
2019-06-28 09:32:18.657714682,100003,160,99995,60,100014,260,99984,260,100021,160,99977,160,100024,160,99965,160,100041,160,99954,160,100043,200,99952,100,100068,100,99951,100,100071,100,99936,100,100073,100,99918,100,100085,100,99911,100
2019-06-28 09:32:19.200855958,100003,160,99995,60,100014,260,99984,260,100021,160,99977,160,100024,160,99965,160,100041,60,99954,160,100043,200,99952,100,100068,100,99951,100,100071,100,99936,100,100073,100,99918,100,100085,100,99911,100
2019-06-28 09:32:20.000000000,100003,160,99984,260,100014,260,99977,160,100021,160,99965,160,100024,160,99954,160,100043,260,99952,160,100068,100,99951,100,100071,100,99936,100,100073,100,99918,100,100085,100,99911,100,100087,100,99906,100
2019-06-28 09:32:30.000000000,100003,249,99984,349,100014,349,99977,249,100021,100,99965,100,100024,100,99954,100,100043,200,99952,100,100068,100,99951,100,100071,100,99936,100,100073,100,99918,100,100085,100,99911,100,100087,100,99906,100
2019-06-28 09:32:40.000000000,100003,249,99984,349,100014,349,99977,249,100021,100,99965,100,100024,100,99954,100,100043,200,99952,100,100068,100,99951,100,100071,100,99936,100,100073,100,99918,100,100085,100,99911,100,100087,100,99906,100
2019-06-28 09:32:50.000000000,100003,174,99984,274,100014,274,99977,174,100021,174,99965,174,100024,174,99954,174,100043,200,99952,100,100068,100,99951,100,100071,100,99936,100,100073,100,99918,100,100085,100,99911,100,100087,100,99906,100
2019-06-28 09:33:00.000000000,100003,174,99984,274,100014,274,99977,174,100021,174,99965,174,100024,174,99954,174,100043,200,99952,100,100068,100,99951,100,100071,100,99936,100,100073,100,99918,100,100085,100,99911,100,100087,100,99906,100
2019-06-28 09:33:07.260491234,100003,174,99984,174,100014,274,99977,174,100021,174,99965,174,100024,174,99954,174,100043,200,99952,100,100068,100,99951,100,100071,100,99936,100,100073,100,99918,100,100085,100,99906,100,100087,100,99901,100
2019-06-28 09:33:10.000000000,100003,174,99984,174,100014,274,99977,174,100021,174,99965,174,100024,174,99954,174,100043,200,99952,100,100068,100,99951,100,100071,100,99936,100,100073,100,99918,100,100085,100,99906,100,100087,100,99901,100
2019-06-28 09:33:20.000000000,100003,398,99984,398,100014,200,99977,100,100021,100,99965,100,100024,100,99954,100,100043,200,99952,100,100068,100,99951,100,100071,100,99936,100,100073,100,99918,100,100085,100,99906,100,100087,100,99901,100
2019-06-28 09:33:27.808463542,99995,100,99984,398,100003,398,99977,100,100014,200,99965,100,100021,100,99954,100,100024,100,99952,100,100043,200,99951,100,100068,100,99936,100,100071,100,99918,100,100073,100,99906,100,100085,100,99901,100
2019-06-28 09:33:30.000000000,99995,249,99984,249,100003,249,99977,249,100014,200,99965,100,100021,100,99954,100,100024,100,99952,100,100043,200,99951,100,100068,100,99936,100,100071,100,99918,100,100073,100,99906,100,100085,100,99901,100
2019-06-28 09:33:31.199933818,99995,249,99984,249,100003,249,99977,249,100014,200,99965,100,100021,100,99954,100,100024,100,99952,100,100043,200,99951,100,100068,100,99936,100,100071,100,99918,100,100073,100,99906,100,100085,100,99901,100
2019-06-28 09:33:33.938002023,99995,249,99984,249,100003,249,99977,249,100014,200,99965,100,100021,100,99954,100,100024,100,99952,100,100043,200,99951,100,100068,100,99928,100,100071,100,99918,100,100073,100,99906,100,100085,100,99901,100
2019-06-28 09:33:37.284830649,99995,249,99984,249,100003,249,99977,249,100014,200,99965,100,100021,100,99954,100,100024,100,99952,100,100043,200,99951,100,100068,100,99928,100,100071,100,99906,100,100073,100,99901,100,100085,100,99894,100
2019-06-28 09:33:37.435389764,99995,249,99984,249,100003,249,99977,249,100014,200,99965,100,100021,100,99954,100,100024,100,99952,100,100043,200,99951,100,100068,100,99928,100,100071,100,99906,100,100073,100,99901,100,100085,100,99894,100
2019-06-28 09:33:40.000000000,99995,160,99984,160,100003,160,99977,160,100014,260,99965,160,100021,160,99954,160,100024,160,99952,160,100043,200,99951,100,100068,100,99928,100,100071,100,99906,100,100073,100,99901,100,100085,100,99894,100
2019-06-28 09:33:50.000000000,99995,160,99984,160,100003,160,99977,160,100014,260,99965,160,100021,160,99954,160,100024,160,99952,160,100043,200,99951,100,100068,100,99928,100,100071,100,99906,100,100073,100,99901,100,100085,100,99894,100
2019-06-28 09:34:00.000000000,99995,160,99984,160,100003,160,99977,160,100014,260,99965,160,100021,160,99954,160,100024,160,99952,160,100043,200,99951,100,100068,100,99928,100,100071,100,99906,100,100073,100,99901,100,100085,100,99894,100
2019-06-28 09:34:09.011303774,99995,160,99984,160,100003,160,99977,160,100014,260,99965,160,100021,160,99954,160,100024,160,99952,160,100043,200,99951,100,100068,100,99928,100,100073,100,99906,100,100085,100,99901,100,100087,100,99894,100
2019-06-28 09:34:10.000000000,99995,174,99984,174,100003,174,99977,174,100014,274,99965,174,100021,174,99954,174,100024,100,99952,100,100043,200,99951,100,100068,100,99928,100,100073,100,99906,100,100085,100,99901,100,100087,100,99894,100
2019-06-28 09:34:20.000000000,99995,398,99984,398,100003,100,99977,100,100014,200,99965,100,100021,100,99954,100,100024,100,99952,100,100043,200,99951,100,100068,100,99928,100,100073,100,99906,100,100085,100,99901,100,100087,100,99894,100
2019-06-28 09:34:30.000000000,99995,398,99984,398,100003,100,99977,100,100014,200,99965,100,100021,100,99954,100,100024,100,99952,100,100043,200,99951,100,100068,100,99928,100,100073,100,99906,100,100085,100,99901,100,100087,100,99894,100
2019-06-28 09:34:40.000000000,99995,201,99984,201,100003,198,99977,198,100014,298,99965,198,100021,100,99954,100,100024,100,99952,100,100043,200,99951,100,100068,100,99928,100,100073,100,99906,100,100085,100,99901,100,100087,100,99894,100
2019-06-28 09:34:45.310106620,99995,201,99984,101,100003,198,99977,198,100014,298,99965,198,100021,100,99954,100,100024,100,99952,100,100043,200,99951,100,100068,100,99928,100,100073,100,99906,100,100085,100,99901,100,100087,100,99894,100
2019-06-28 09:34:46.526973447,99995,201,99984,1,100003,198,99977,198,100014,298,99965,198,100021,100,99954,100,100024,100,99952,100,100043,200,99951,100,100068,100,99928,100,100073,100,99906,100,100085,100,99901,100,100087,100,99894,100
2019-06-28 09:34:49.025744858,99984,99,99977,198,99995,201,99965,198,100003,198,99952,100,100014,298,99951,100,100021,100,99928,100,100024,100,99906,100,100043,200,99901,100,100068,100,99894,100,100073,100,99877,100,100085,100,99870,100
2019-06-28 09:34:50.000000000,99984,248,99977,249,99995,249,99965,249,100003,100,99952,100,100014,200,99951,100,100021,100,99928,100,100024,100,99906,100,100043,200,99901,100,100068,100,99894,100,100073,100,99877,100,100085,100,99870,100
2019-06-28 09:34:51.520209070,99984,248,99977,149,99995,249,99965,249,100003,100,99952,100,100014,200,99951,100,100021,100,99928,100,100024,100,99906,100,100043,200,99901,100,100068,100,99894,100,100073,100,99877,100,100085,100,99870,100
2019-06-28 09:35:00.000000000,99984,397,99965,398,99995,100,99952,100,100003,100,99951,100,100014,200,99928,100,100021,100,99906,100,100024,100,99901,100,100043,200,99894,100,100068,100,99877,100,100073,100,99870,100,100085,100,99869,100
2019-06-28 09:35:10.000000000,99984,200,99965,201,99995,198,99952,198,100003,198,99951,198,100014,200,99928,100,100021,100,99906,100,100024,100,99901,100,100043,200,99894,100,100068,100,99877,100,100073,100,99870,100,100085,100,99869,100
2019-06-28 09:35:17.963460474,99984,200,99965,101,99995,198,99952,198,100003,198,99951,198,100014,200,99928,100,100021,100,99906,100,100024,100,99901,100,100043,200,99894,100,100068,100,99877,100,100073,100,99870,100,100087,100,99869,100
2019-06-28 09:35:20.000000000,99984,173,99952,174,99995,174,99951,174,100003,174,99928,174,100014,274,99906,174,100021,100,99901,100,100024,100,99894,100,100043,200,99877,100,100068,100,99870,100,100073,100,99869,100,100087,100,99847,100
2019-06-28 09:35:23.464964732,99984,173,99952,74,99995,174,99951,174,100003,174,99928,174,100014,274,99906,174,100021,100,99901,100,100024,100,99894,100,100043,200,99877,100,100068,100,99870,100,100073,100,99869,100,100087,100,99847,100
2019-06-28 09:35:30.000000000,99984,200,99951,201,99995,198,99928,198,100003,198,99906,198,100014,200,99901,100,100021,100,99894,100,100024,100,99877,100,100043,200,99870,100,100068,100,99869,100,100073,100,99847,100,100087,100,99839,100
2019-06-28 09:35:35.609174468,99965,100,99951,201,99984,200,99928,198,99995,198,99906,198,100003,98,99901,100,100014,200,99894,100,100021,100,99877,100,100024,100,99870,100,100043,200,99869,100,100068,100,99847,100,100073,100,99839,100
2019-06-28 09:35:38.371358290,99965,100,99951,201,99984,200,99928,198,99995,198,99906,198,100003,98,99901,100,100014,200,99894,100,100021,100,99870,100,100024,100,99869,100,100043,200,99847,100,100068,100,99839,100,100073,100,99835,100
2019-06-28 09:35:40.000000000,99965,249,99951,249,99984,248,99928,249,99995,100,99906,100,100014,200,99901,100,100021,100,99894,100,100024,100,99870,100,100043,200,99869,100,100068,100,99847,100,100073,100,99839,100,100087,100,99835,100
2019-06-28 09:35:50.000000000,99965,249,99951,249,99984,248,99928,249,99995,100,99906,100,100014,200,99901,100,100021,100,99894,100,100024,100,99870,100,100043,200,99869,100,100068,100,99847,100,100073,100,99839,100,100087,100,99835,100
2019-06-28 09:35:51.105703764,99965,249,99951,249,99984,248,99928,249,99995,100,99906,100,100014,200,99901,100,100021,100,99894,100,100024,100,99870,100,100043,200,99869,100,100068,100,99847,100,100087,100,99839,100,100106,100,99835,100
2019-06-28 09:35:52.000621440,99965,249,99951,149,99984,248,99928,249,99995,100,99906,100,100014,200,99901,100,100021,100,99894,100,100024,100,99870,100,100043,200,99869,100,100068,100,99847,100,100087,100,99839,100,100106,100,99835,100
2019-06-28 09:35:55.165378588,99965,249,99951,149,99984,248,99928,249,99995,100,99906,100,100014,100,99901,100,100021,100,99894,100,100024,100,99870,100,100043,200,99869,100,100068,100,99847,100,100087,100,99839,100,100106,100,99835,100
2019-06-28 09:36:00.000000000,99965,160,99928,160,99984,159,99906,160,99995,160,99901,160,100014,160,99894,160,100021,160,99870,160,100024,100,99869,100,100043,200,99847,100,100068,100,99839,100,100087,100,99835,100,100106,100,99694,100
2019-06-28 09:36:10.000000000,99965,249,99928,249,99984,248,99906,249,99995,100,99901,100,100014,100,99894,100,100021,100,99870,100,100024,100,99869,100,100043,200,99847,100,100068,100,99839,100,100087,100,99835,100,100106,100,99694,100
2019-06-28 09:36:20.000000000,99965,249,99928,249,99984,248,99906,249,99995,100,99901,100,100014,100,99894,100,100021,100,99870,100,100024,100,99869,100,100043,200,99847,100,100068,100,99839,100,100087,100,99835,100,100106,100,99694,100
2019-06-28 09:36:20.799055143,99965,249,99928,149,99984,248,99906,249,99995,100,99901,100,100014,100,99894,100,100021,100,99869,100,100024,100,99847,100,100043,200,99839,100,100068,100,99835,100,100087,100,99694,100,100106,100,99624,100
2019-06-28 09:36:28.402370287,99965,249,99928,49,99984,248,99906,249,99995,100,99901,100,100014,100,99894,100,100021,100,99869,100,100024,100,99847,100,100043,200,99839,100,100068,100,99835,100,100087,100,99694,100,100106,100,99624,100
2019-06-28 09:36:30.000000000,99965,249,99906,249,99984,248,99901,249,99995,100,99894,100,100014,100,99869,100,100021,100,99847,100,100024,100,99839,100,100043,200,99835,100,100068,100,99694,100,100087,100,99624,100,100106,100,99608,100
2019-06-28 09:36:30.364424968,99965,249,99906,249,99984,248,99901,249,99995,100,99894,100,100014,100,99869,100,100021,100,99847,100,100024,100,99839,100,100043,200,99835,100,100068,100,99694,100,100087,100,99624,100,100106,100,99608,100
2019-06-28 09:36:33.798041780,99965,249,99906,249,99984,248,99901,249,99995,100,99894,100,100014,100,99869,100,100021,100,99847,100,100024,100,99839,100,100043,200,99835,100,100068,100,99694,100,100087,100,99659,100,100106,100,99608,100
2019-06-28 09:36:35.713491427,99965,249,99906,249,99984,248,99901,249,99995,100,99894,100,100014,100,99869,100,100021,100,99847,100,100024,100,99839,100,100043,200,99835,100,100068,100,99694,100,100087,100,99659,100,100106,100,99608,100
2019-06-28 09:36:36.968980096,99928,100,99906,249,99965,249,99901,249,99984,248,99894,100,99995,100,99869,100,100014,100,99847,100,100021,100,99839,100,100024,100,99835,100,100043,200,99694,100,100068,100,99659,100,100087,100,99608,100
2019-06-28 09:36:40.000000000,99928,201,99906,201,99965,198,99901,198,99984,197,99894,198,99995,100,99869,100,100014,100,99847,100,100021,100,99839,100,100024,100,99835,100,100043,200,99694,100,100068,100,99659,100,100087,100,99608,100
2019-06-28 09:36:50.000000000,99928,398,99906,398,99965,100,99901,100,99984,99,99894,100,99995,100,99869,100,100014,100,99847,100,100021,100,99839,100,100024,100,99835,100,100043,200,99694,100,100068,100,99659,100,100087,100,99608,100
2019-06-28 09:36:50.144394262,99928,398,99906,298,99965,100,99901,100,99984,99,99894,100,99995,100,99869,100,100014,100,99847,100,100021,100,99839,100,100024,100,99835,100,100043,200,99694,100,100068,100,99659,100,100087,100,99608,100
2019-06-28 09:37:00.000000000,99928,174,99901,174,99965,174,99894,174,99984,173,99869,174,99995,174,99847,174,100014,100,99839,100,100021,100,99835,100,100024,100,99694,100,100043,200,99659,100,100068,100,99608,100,100087,100,99581,100
2019-06-28 09:37:05.396974317,99927,100,99901,174,99928,174,99894,174,99965,174,99869,174,99984,173,99847,174,99995,174,99839,100,100014,100,99835,100,100021,100,99694,100,100024,100,99659,100,100043,200,99608,100,100068,100,99581,100
2019-06-28 09:37:10.000000000,99927,398,99901,398,99928,100,99894,100,99965,100,99869,100,99984,99,99847,100,99995,100,99839,100,100014,100,99835,100,100021,100,99694,100,100024,100,99659,100,100043,200,99608,100,100068,100,99581,100
2019-06-28 09:37:20.000000000,99927,174,99901,174,99928,174,99894,174,99965,174,99869,174,99984,173,99847,174,99995,100,99839,100,100014,100,99835,100,100021,100,99694,100,100024,100,99659,100,100043,200,99608,100,100068,100,99581,100
2019-06-28 09:37:30.000000000,99927,249,99901,249,99928,249,99894,249,99965,100,99869,100,99984,99,99847,100,99995,100,99839,100,100014,100,99835,100,100021,100,99694,100,100024,100,99659,100,100043,200,99608,100,100068,100,99581,100
2019-06-28 09:37:40.000000000,99927,249,99901,249,99928,249,99894,249,99965,100,99869,100,99984,99,99847,100,99995,100,99839,100,100014,100,99835,100,100021,100,99694,100,100024,100,99659,100,100043,200,99608,100,100068,100,99581,100
2019-06-28 09:37:40.800973947,99927,249,99901,249,99928,249,99894,249,99965,100,99869,100,99984,99,99847,100,100014,100,99839,100,100021,100,99835,100,100024,100,99694,100,100043,200,99659,100,100068,100,99608,100,100087,100,99581,100
2019-06-28 09:37:50.000000000,99927,249,99901,249,99928,249,99894,249,99965,100,99869,100,99984,99,99847,100,100014,100,99839,100,100021,100,99835,100,100024,100,99694,100,100043,200,99659,100,100068,100,99608,100,100087,100,99581,100
2019-06-28 09:37:52.147631742,99927,249,99901,249,99928,249,99894,249,99965,100,99869,100,99984,99,99847,100,100014,100,99839,100,100021,100,99835,100,100024,100,99694,100,100043,200,99659,100,100068,100,99608,100,100087,100,99581,100
2019-06-28 09:37:56.656361817,99927,249,99901,249,99928,249,99894,249,99965,100,99847,100,99984,99,99839,100,100014,100,99835,100,100021,100,99694,100,100024,100,99659,100,100043,200,99608,100,100068,100,99581,100,100087,100,99572,100
2019-06-28 09:38:00.000000000,99927,398,99901,398,99928,100,99894,100,99965,100,99847,100,99984,99,99839,100,100014,100,99835,100,100021,100,99694,100,100024,100,99659,100,100043,200,99608,100,100068,100,99581,100,100087,100,99572,100
2019-06-28 09:38:10.000000000,99927,201,99901,201,99928,198,99894,198,99965,198,99847,198,99984,99,99839,100,100014,100,99835,100,100021,100,99694,100,100024,100,99659,100,100043,200,99608,100,100068,100,99581,100,100087,100,99572,100
2019-06-28 09:38:20.000000000,99927,398,99901,398,99928,100,99894,100,99965,100,99847,100,99984,99,99839,100,100014,100,99835,100,100021,100,99694,100,100024,100,99659,100,100043,200,99608,100,100068,100,99581,100,100087,100,99572,100
2019-06-28 09:38:21.532973956,99927,498,99901,398,99928,100,99894,100,99965,100,99847,100,99984,99,99839,100,100014,100,99835,100,100021,100,99694,100,100024,100,99659,100,100043,200,99608,100,100068,100,99581,100,100087,100,99572,100
2019-06-28 09:38:30.000000000,99927,274,99901,174,99928,174,99894,174,99965,174,99847,174,99984,173,99839,174,100014,100,99835,100,100021,100,99694,100,100024,100,99659,100,100043,200,99608,100,100068,100,99581,100,100087,100,99572,100
2019-06-28 09:38:34.561977756,99927,274,99901,174,99928,174,99894,174,99965,174,99847,174,99984,173,99839,174,100014,100,99835,100,100021,100,99694,100,100024,100,99659,100,100043,200,99608,100,100068,100,99572,100,100087,100,99511,100
2019-06-28 09:38:40.000000000,99927,260,99901,160,99928,160,99894,160,99965,160,99847,160,99984,159,99839,160,100014,160,99835,160,100021,100,99694,100,100024,100,99659,100,100043,200,99608,100,100068,100,99572,100,100087,100,99511,100
2019-06-28 09:38:42.112445479,99927,260,99901,60,99928,160,99894,160,99965,160,99847,160,99984,159,99839,160,100014,160,99835,160,100021,100,99694,100,100024,100,99659,100,100043,200,99608,100,100068,100,99572,100,100087,100,99511,100
2019-06-28 09:38:46.226618721,99901,40,99894,160,99927,260,99847,160,99928,160,99839,160,99965,160,99835,160,99984,159,99694,100,100014,160,99608,100,100021,100,99572,100,100024,100,99511,100,100043,200,99447,100,100068,100,99297,100
2019-06-28 09:38:50.000000000,99901,189,99894,249,99927,349,99847,249,99928,100,99839,100,99965,100,99835,100,99984,99,99694,100,100014,100,99608,100,100021,100,99572,100,100024,100,99511,100,100043,200,99447,100,100068,100,99297,100
2019-06-28 09:39:00.000000000,99901,100,99894,160,99927,260,99847,160,99928,160,99839,160,99965,160,99835,160,99984,159,99694,160,100014,100,99608,100,100021,100,99572,100,100024,100,99511,100,100043,200,99447,100,100068,100,99297,100
2019-06-28 09:39:05.048309347,99901,100,99894,160,99927,260,99847,160,99928,160,99839,160,99965,160,99835,160,99984,159,99694,160,100014,100,99608,100,100021,100,99572,100,100024,100,99511,100,100043,200,99495,100,100068,100,99447,100
2019-06-28 09:39:10.000000000,99901,141,99894,201,99927,298,99847,198,99928,198,99839,198,99965,100,99835,100,99984,99,99694,100,100014,100,99608,100,100021,100,99572,100,100024,100,99511,100,100043,200,99495,100,100068,100,99447,100
2019-06-28 09:39:20.000000000,99901,141,99894,201,99927,298,99847,198,99928,198,99839,198,99965,100,99835,100,99984,99,99694,100,100014,100,99608,100,100021,100,99572,100,100024,100,99511,100,100043,200,99495,100,100068,100,99447,100
2019-06-28 09:39:21.437123999,99901,141,99894,101,99927,298,99847,198,99928,198,99839,198,99965,100,99835,100,99984,99,99694,100,100014,100,99608,100,100021,100,99572,100,100024,100,99511,100,100043,200,99495,100,100068,100,99447,100
2019-06-28 09:39:30.000000000,99901,141,99847,201,99927,298,99839,198,99928,198,99835,198,99965,100,99694,100,99984,99,99608,100,100014,100,99572,100,100021,100,99511,100,100024,100,99495,100,100043,200,99447,100,100068,100,99297,100
2019-06-28 09:39:40.000000000,99901,100,99847,160,99927,260,99839,160,99928,160,99835,160,99965,160,99694,160,99984,159,99608,160,100014,100,99572,100,100021,100,99511,100,100024,100,99495,100,100043,200,99447,100,100068,100,99297,100
2019-06-28 09:39:50.000000000,99901,189,99847,249,99927,349,99839,249,99928,100,99835,100,99965,100,99694,100,99984,99,99608,100,100014,100,99572,100,100021,100,99511,100,100024,100,99495,100,100043,200,99447,100,100068,100,99297,100
2019-06-28 09:40:00.000000000,99901,338,99847,398,99927,200,99839,100,99928,100,99835,100,99965,100,99694,100,99984,99,99608,100,100014,100,99572,100,100021,100,99511,100,100024,100,99495,100,100043,200,99447,100,100068,100,99297,100
2019-06-28 09:40:05.361068547,99901,338,99847,398,99927,200,99839,100,99928,100,99835,100,99965,100,99694,100,99984,99,99608,100,100014,100,99572,100,100021,100,99511,100,100024,100,99495,100,100043,200,99447,100,100068,100,99297,100
2019-06-28 09:40:07.932528533,99901,338,99847,298,99927,200,99839,100,99928,100,99835,100,99965,100,99694,100,99984,99,99608,100,100014,100,99572,100,100021,100,99511,100,100024,100,99495,100,100043,200,99447,100,100068,100,99297,100
2019-06-28 09:40:10.000000000,99901,338,99839,398,99927,200,99835,100,99928,100,99694,100,99965,100,99608,100,99984,99,99572,100,100014,100,99511,100,100021,100,99495,100,100024,100,99447,100,100043,200,99297,100,100068,100,99289,200
2019-06-28 09:40:20.000000000,99901,141,99839,201,99927,298,99835,198,99928,198,99694,198,99965,100,99608,100,99984,99,99572,100,100014,100,99511,100,100021,100,99495,100,100024,100,99447,100,100043,200,99297,100,100068,100,99289,200
2019-06-28 09:40:23.077692243,99901,141,99839,101,99927,298,99835,198,99928,198,99694,198,99965,100,99608,100,99984,99,99572,100,100014,100,99511,100,100021,100,99495,100,100024,100,99447,100,100043,200,99297,100,100068,100,99289,200
2019-06-28 09:40:25.340658474,99847,100,99839,101,99901,141,99835,198,99927,298,99694,198,99928,198,99608,100,99965,100,99572,100,99984,99,99511,100,100014,100,99495,100,100021,100,99447,100,100024,100,99297,100,100043,200,99289,200
2019-06-28 09:40:27.496563144,99847,100,99839,1,99901,141,99835,198,99927,298,99694,198,99928,198,99608,100,99965,100,99572,100,99984,99,99511,100,100014,100,99495,100,100021,100,99447,100,100024,100,99297,100,100043,200,99289,200
2019-06-28 09:40:30.000000000,99847,174,99835,174,99901,114,99694,174,99927,274,99608,174,99928,174,99572,174,99965,100,99511,100,99984,99,99495,100,100014,100,99447,100,100021,100,99297,100,100024,100,99289,200,100043,200,99209,100
2019-06-28 09:40:32.408101506,99847,174,99835,174,99901,114,99694,174,99927,274,99608,174,99928,174,99572,174,99965,100,99511,100,99984,99,99495,100,100014,100,99447,100,100021,100,99297,100,100024,100,99289,200,100043,200,99209,100
2019-06-28 09:40:35.522727261,99847,174,99835,174,99901,114,99694,174,99927,274,99608,174,99928,174,99572,174,99965,100,99511,100,99984,99,99495,100,100014,100,99447,100,100021,100,99297,100,100024,100,99289,200,100043,200,99209,100
2019-06-28 09:40:40.000000000,99847,160,99835,160,99901,100,99694,160,99927,260,99608,160,99928,160,99572,160,99965,160,99511,160,99984,99,99495,100,100014,100,99447,100,100021,100,99297,100,100024,100,99289,200,100043,200,99209,100
2019-06-28 09:40:42.399733803,99847,160,99835,60,99901,100,99694,160,99927,260,99608,160,99928,160,99572,160,99965,160,99511,160,99984,99,99495,100,100014,100,99447,100,100021,100,99297,100,100024,100,99289,200,100043,200,99209,100
2019-06-28 09:40:50.000000000,99847,201,99694,201,99901,138,99608,198,99927,298,99572,198,99928,100,99511,100,99965,100,99495,100,99984,99,99447,100,100014,100,99297,100,100021,100,99289,200,100024,100,99209,100,100043,200,99189,100
2019-06-28 09:41:00.000000000,99847,398,99694,398,99901,40,99608,100,99927,200,99572,100,99928,100,99511,100,99965,100,99495,100,99984,99,99447,100,100014,100,99297,100,100021,100,99289,200,100024,100,99209,100,100043,200,99189,100
2019-06-28 09:41:10.000000000,99847,160,99694,160,99901,100,99608,160,99927,260,99572,160,99928,160,99511,160,99965,160,99495,160,99984,99,99447,100,100014,100,99297,100,100021,100,99289,200,100024,100,99209,100,100043,200,99189,100
2019-06-28 09:41:13.547432193,99839,100,99694,160,99847,160,99608,160,99901,100,99572,160,99927,260,99511,160,99928,160,99495,160,99965,160,99447,100,99984,99,99297,100,100014,100,99289,200,100021,100,99209,100,100024,100,99189,100
2019-06-28 09:41:20.000000000,99839,398,99694,398,99847,100,99608,100,99901,40,99572,100,99927,200,99511,100,99928,100,99495,100,99965,100,99447,100,99984,99,99297,100,100014,100,99289,200,100021,100,99209,100,100024,100,99189,100
2019-06-28 09:41:30.000000000,99839,174,99694,174,99847,174,99608,174,99901,114,99572,174,99927,274,99511,174,99928,100,99495,100,99965,100,99447,100,99984,99,99297,100,100014,100,99289,200,100021,100,99209,100,100024,100,99189,100
2019-06-28 09:41:40.000000000,99839,201,99694,201,99847,198,99608,198,99901,138,99572,198,99927,200,99511,100,99928,100,99495,100,99965,100,99447,100,99984,99,99297,100,100014,100,99289,200,100021,100,99209,100,100024,100,99189,100
2019-06-28 09:41:43.761485033,99839,301,99694,201,99847,198,99608,198,99901,138,99572,198,99927,200,99511,100,99928,100,99495,100,99965,100,99447,100,99984,99,99297,100,100014,100,99289,200,100021,100,99209,100,100024,100,99189,100
2019-06-28 09:41:50.000000000,99839,274,99694,174,99847,174,99608,174,99901,114,99572,174,99927,274,99511,174,99928,100,99495,100,99965,100,99447,100,99984,99,99297,100,100014,100,99289,200,100021,100,99209,100,100024,100,99189,100
2019-06-28 09:41:56.711240266,99839,274,99694,174,99847,174,99608,174,99901,114,99572,174,99927,274,99511,174,99928,100,99495,100,99965,100,99447,100,99984,99,99297,100,100014,100,99289,200,100021,100,99209,100,100024,100,99189,100
2019-06-28 09:41:57.513769649,99839,274,99694,174,99847,174,99608,174,99901,114,99572,174,99927,274,99511,174,99928,100,99447,100,99965,100,99297,100,99984,99,99294,100,100014,100,99289,200,100021,100,99209,100,100024,100,99189,100
2019-06-28 09:42:00.000000000,99839,274,99694,174,99847,174,99608,174,99901,114,99572,174,99927,274,99511,174,99928,100,99447,100,99965,100,99297,100,99984,99,99294,100,100014,100,99289,200,100021,100,99209,100,100024,100,99189,100
2019-06-28 09:42:10.000000000,99839,349,99694,249,99847,249,99608,249,99901,40,99572,100,99927,200,99511,100,99928,100,99447,100,99965,100,99297,100,99984,99,99294,100,100014,100,99289,200,100021,100,99209,100,100024,100,99189,100
2019-06-28 09:42:13.136530817,99839,349,99694,249,99847,249,99608,249,99927,200,99572,100,99928,100,99564,100,99965,100,99511,100,99984,99,99447,100,100014,100,99297,100,100021,100,99294,100,100024,100,99289,200,100043,100,99209,100
2019-06-28 09:42:16.388440348,99839,349,99765,100,99847,249,99694,249,99927,200,99608,249,99928,100,99572,100,99965,100,99564,100,99984,99,99511,100,100014,100,99447,100,100021,100,99297,100,100024,100,99294,100,100043,100,99289,200
2019-06-28 09:42:20.000000000,99839,301,99765,201,99847,198,99694,198,99927,298,99608,198,99928,100,99572,100,99965,100,99564,100,99984,99,99511,100,100014,100,99447,100,100021,100,99297,100,100024,100,99294,100,100043,100,99289,200
2019-06-28 09:42:30.000000000,99839,260,99765,160,99847,160,99694,160,99927,260,99608,160,99928,160,99572,160,99965,160,99564,160,99984,99,99511,100,100014,100,99447,100,100021,100,99297,100,100024,100,99294,100,100043,100,99289,200
2019-06-28 09:42:40.000000000,99839,498,99765,398,99847,100,99694,100,99927,200,99608,100,99928,100,99572,100,99965,100,99564,100,99984,99,99511,100,100014,100,99447,100,100021,100,99297,100,100024,100,99294,100,100043,100,99289,200
2019-06-28 09:42:43.633463320,99839,498,99836,100,99847,100,99765,398,99927,200,99694,100,99928,100,99608,100,99965,100,99572,100,99984,99,99564,100,100014,100,99511,100,100021,100,99447,100,100024,100,99297,100,100043,100,99294,100
2019-06-28 09:42:50.000000000,99839,274,99836,174,99847,174,99765,174,99927,274,99694,174,99928,174,99608,174,99965,100,99572,100,99984,99,99564,100,100014,100,99511,100,100021,100,99447,100,100024,100,99297,100,100043,100,99294,100
2019-06-28 09:42:50.006474098,99839,174,99836,174,99847,174,99765,174,99927,274,99694,174,99928,174,99608,174,99965,100,99572,100,99984,99,99564,100,100014,100,99511,100,100021,100,99447,100,100024,100,99297,100,100043,100,99294,100
2019-06-28 09:43:00.000000000,99839,398,99836,398,99847,100,99765,100,99927,200,99694,100,99928,100,99608,100,99965,100,99572,100,99984,99,99564,100,100014,100,99511,100,100021,100,99447,100,100024,100,99297,100,100043,100,99294,100
2019-06-28 09:43:10.000000000,99839,398,99836,398,99847,100,99765,100,99927,200,99694,100,99928,100,99608,100,99965,100,99572,100,99984,99,99564,100,100014,100,99511,100,100021,100,99447,100,100024,100,99297,100,100043,100,99294,100
2019-06-28 09:43:10.059369095,99839,398,99836,398,99847,100,99765,100,99894,100,99694,100,99927,200,99608,100,99928,100,99572,100,99965,100,99564,100,99984,99,99511,100,100014,100,99447,100,100021,100,99297,100,100024,100,99294,100
2019-06-28 09:43:11.769928697,99839,298,99836,398,99847,100,99765,100,99894,100,99694,100,99927,200,99608,100,99928,100,99572,100,99965,100,99564,100,99984,99,99511,100,100014,100,99447,100,100021,100,99297,100,100024,100,99294,100
2019-06-28 09:43:20.000000000,99847,174,99836,174,99894,174,99765,174,99927,274,99694,174,99928,174,99608,174,99965,100,99572,100,99984,99,99564,100,100014,100,99511,100,100021,100,99447,100,100024,100,99297,100,100043,100,99294,100
2019-06-28 09:43:29.522760647,99847,74,99836,174,99894,174,99765,174,99927,274,99694,174,99928,174,99608,174,99965,100,99572,100,99984,99,99564,100,100014,100,99511,100,100021,100,99447,100,100024,100,99297,100,100043,100,99294,100
2019-06-28 09:43:30.000000000,99894,174,99836,174,99927,274,99765,174,99928,174,99694,174,99965,174,99608,174,99984,99,99572,100,100014,100,99564,100,100021,100,99511,100,100024,100,99447,100,100043,100,99297,100,100068,100,99294,100
2019-06-28 09:43:35.090824574,99894,174,99836,174,99927,274,99765,174,99928,74,99694,174,99965,174,99608,174,99984,99,99572,100,100014,100,99564,100,100021,100,99511,100,100024,100,99447,100,100043,100,99297,100,100068,100,99294,100
2019-06-28 09:43:40.000000000,99894,249,99836,249,99927,349,99765,249,99965,100,99694,100,99984,99,99608,100,100014,100,99572,100,100021,100,99564,100,100024,100,99511,100,100043,100,99447,100,100068,100,99297,100,100087,100,99294,100
2019-06-28 09:43:50.000000000,99894,249,99836,249,99927,349,99765,249,99965,100,99694,100,99984,99,99608,100,100014,100,99572,100,100021,100,99564,100,100024,100,99511,100,100043,100,99447,100,100068,100,99297,100,100087,100,99294,100
2019-06-28 09:43:59.386869736,99894,249,99836,249,99927,349,99765,249,99965,100,99694,100,99984,99,99608,100,100014,100,99572,100,100021,100,99564,100,100024,100,99511,100,100043,100,99447,100,100068,100,99297,100,100087,100,99294,100
2019-06-28 09:44:00.000000000,99894,249,99836,249,99927,349,99765,249,99965,100,99694,100,99984,99,99608,100,100014,100,99572,100,100021,100,99564,100,100024,100,99511,100,100043,100,99447,100,100068,100,99297,100,100087,100,99294,100
2019-06-28 09:44:10.000000000,99894,174,99836,174,99927,274,99765,174,99965,174,99694,174,99984,173,99608,174,100014,100,99572,100,100021,100,99564,100,100024,100,99511,100,100043,100,99447,100,100068,100,99297,100,100087,100,99294,100
2019-06-28 09:44:16.521625478,99894,174,99836,174,99927,274,99765,174,99965,174,99694,174,99984,173,99608,174,100014,100,99572,100,100021,100,99564,100,100024,100,99511,100,100043,100,99447,100,100048,100,99297,100,100068,100,99294,100
2019-06-28 09:44:20.000000000,99894,398,99836,398,99927,200,99765,100,99965,100,99694,100,99984,99,99608,100,100014,100,99572,100,100021,100,99564,100,100024,100,99511,100,100043,100,99447,100,100048,100,99297,100,100068,100,99294,100
2019-06-28 09:44:30.000000000,99894,160,99836,160,99927,260,99765,160,99965,160,99694,160,99984,159,99608,160,100014,160,99572,160,100021,100,99564,100,100024,100,99511,100,100043,100,99447,100,100048,100,99297,100,100068,100,99294,100
2019-06-28 09:44:35.438882676,99894,160,99836,60,99927,260,99765,160,99965,160,99694,160,99984,159,99608,160,100014,160,99572,160,100021,100,99564,100,100024,100,99511,100,100043,100,99447,100,100048,100,99297,100,100068,100,99294,100
2019-06-28 09:44:35.613025876,99846,100,99836,60,99894,160,99765,160,99927,260,99694,160,99965,160,99608,160,99984,159,99572,160,100014,160,99564,100,100021,100,99511,100,100024,100,99447,100,100043,100,99297,100,100048,100,99294,100
2019-06-28 09:44:40.000000000,99846,160,99765,160,99894,160,99694,160,99927,260,99608,160,99965,160,99572,160,99984,159,99564,160,100014,100,99511,100,100021,100,99447,100,100024,100,99297,100,100043,100,99294,100,100048,100,99289,200
2019-06-28 09:44:50.000000000,99846,249,99765,249,99894,249,99694,249,99927,200,99608,100,99965,100,99572,100,99984,99,99564,100,100014,100,99511,100,100021,100,99447,100,100024,100,99297,100,100043,100,99294,100,100048,100,99289,200
2019-06-28 09:45:00.000000000,99846,160,99765,160,99894,160,99694,160,99927,260,99608,160,99965,160,99572,160,99984,159,99564,160,100014,100,99511,100,100021,100,99447,100,100024,100,99297,100,100043,100,99294,100,100048,100,99289,200
2019-06-28 09:45:00.920754371,99831,100,99765,160,99846,160,99694,160,99894,160,99608,160,99927,260,99572,160,99965,160,99564,160,99984,159,99511,100,100014,100,99447,100,100021,100,99297,100,100024,100,99294,100,100043,100,99289,100
2019-06-28 09:45:02.523352880,99846,160,99765,160,99894,160,99694,160,99927,260,99608,160,99965,160,99572,160,99984,159,99564,160,100014,100,99511,100,100021,100,99447,100,100024,100,99297,100,100043,100,99294,100,100048,100,99289,100
2019-06-28 09:45:02.605963246,99846,160,99765,160,99894,160,99694,160,99927,260,99608,160,99946,100,99572,160,99965,160,99564,160,99984,159,99447,100,100014,100,99297,100,100021,100,99294,100,100024,100,99289,100,100043,100,99209,100
2019-06-28 09:45:10.000000000,99846,201,99765,201,99894,198,99694,198,99927,298,99608,198,99946,100,99572,100,99965,100,99564,100,99984,99,99447,100,100014,100,99297,100,100021,100,99294,100,100024,100,99289,100,100043,100,99209,100
2019-06-28 09:45:12.705901775,99846,201,99837,100,99894,198,99765,201,99927,298,99694,198,99946,100,99608,198,99965,100,99572,100,99984,99,99564,100,100014,100,99447,100,100021,100,99297,100,100024,100,99294,100,100043,100,99289,100
2019-06-28 09:45:20.000000000,99846,201,99837,201,99894,198,99765,198,99927,298,99694,198,99946,100,99608,100,99965,100,99572,100,99984,99,99564,100,100014,100,99447,100,100021,100,99297,100,100024,100,99294,100,100043,100,99289,100
2019-06-28 09:45:30.000000000,99846,174,99837,174,99894,174,99765,174,99927,274,99694,174,99946,174,99608,174,99965,100,99572,100,99984,99,99564,100,100014,100,99447,100,100021,100,99297,100,100024,100,99294,100,100043,100,99289,100
2019-06-28 09:45:40.000000000,99846,398,99837,398,99894,100,99765,100,99927,200,99694,100,99946,100,99608,100,99965,100,99572,100,99984,99,99564,100,100014,100,99447,100,100021,100,99297,100,100024,100,99294,100,100043,100,99289,100
2019-06-28 09:45:50.000000000,99846,398,99837,398,99894,100,99765,100,99927,200,99694,100,99946,100,99608,100,99965,100,99572,100,99984,99,99564,100,100014,100,99447,100,100021,100,99297,100,100024,100,99294,100,100043,100,99289,100
2019-06-28 09:45:54.541983853,99846,398,99837,298,99894,100,99765,100,99927,200,99694,100,99946,100,99608,100,99965,100,99572,100,99984,99,99564,100,100014,100,99447,100,100021,100,99297,100,100024,100,99294,100,100043,100,99289,100
2019-06-28 09:46:00.000000000,99846,201,99765,201,99894,198,99694,198,99927,298,99608,198,99946,100,99572,100,99965,100,99564,100,99984,99,99447,100,100014,100,99297,100,100021,100,99294,100,100024,100,99289,100,100043,100,99209,100
2019-06-28 09:46:10.000000000,99846,160,99765,160,99894,160,99694,160,99927,260,99608,160,99946,160,99572,160,99965,160,99564,160,99984,99,99447,100,100014,100,99297,100,100021,100,99294,100,100024,100,99289,100,100043,100,99209,100
2019-06-28 09:46:20.000000000,99846,160,99765,160,99894,160,99694,160,99927,260,99608,160,99946,160,99572,160,99965,160,99564,160,99984,99,99447,100,100014,100,99297,100,100021,100,99294,100,100024,100,99289,100,100043,100,99209,100
2019-06-28 09:46:30.000000000,99846,174,99765,174,99894,174,99694,174,99927,274,99608,174,99946,174,99572,174,99965,100,99564,100,99984,99,99447,100,100014,100,99297,100,100021,100,99294,100,100024,100,99289,100,100043,100,99209,100
2019-06-28 09:46:40.000000000,99846,201,99765,201,99894,198,99694,198,99927,298,99608,198,99946,100,99572,100,99965,100,99564,100,99984,99,99447,100,100014,100,99297,100,100021,100,99294,100,100024,100,99289,100,100043,100,99209,100
2019-06-28 09:46:50.000000000,99846,201,99765,201,99894,198,99694,198,99927,298,99608,198,99946,100,99572,100,99965,100,99564,100,99984,99,99447,100,100014,100,99297,100,100021,100,99294,100,100024,100,99289,100,100043,100,99209,100
2019-06-28 09:47:00.000000000,99846,160,99765,160,99894,160,99694,160,99927,260,99608,160,99946,160,99572,160,99965,160,99564,160,99984,99,99447,100,100014,100,99297,100,100021,100,99294,100,100024,100,99289,100,100043,100,99209,100
2019-06-28 09:47:04.231876317,99837,100,99765,160,99846,160,99694,160,99894,160,99608,160,99927,260,99572,160,99946,160,99564,160,99965,60,99447,100,99984,99,99297,100,100014,100,99294,100,100021,100,99289,100,100024,100,99209,100
2019-06-28 09:47:10.000000000,99837,174,99765,174,99846,174,99694,174,99894,174,99608,174,99927,274,99572,174,99946,100,99564,100,99984,99,99447,100,100014,100,99297,100,100021,100,99294,100,100024,100,99289,100,100043,100,99209,100
2019-06-28 09:47:14.987387643,99837,174,99765,174,99846,174,99694,174,99894,174,99608,174,99927,274,99584,100,99946,100,99572,174,99984,99,99564,100,100014,100,99447,100,100021,100,99297,100,100024,100,99294,100,100043,100,99289,100
2019-06-28 09:47:20.000000000,99837,249,99765,249,99846,249,99694,249,99894,100,99608,100,99927,200,99584,100,99946,100,99572,100,99984,99,99564,100,100014,100,99447,100,100021,100,99297,100,100024,100,99294,100,100043,100,99289,100
2019-06-28 09:47:22.923360223,99837,249,99765,249,99846,249,99694,249,99894,100,99608,100,99927,200,99584,100,99984,99,99572,100,100014,100,99564,100,100021,100,99552,100,100024,100,99447,100,100043,100,99297,100,100068,100,99294,100
2019-06-28 09:47:25.542165339,99837,249,99765,149,99846,249,99694,249,99894,100,99584,100,99927,200,99572,100,99984,99,99564,100,100014,100,99552,100,100021,100,99447,100,100024,100,99297,100,100043,100,99294,100,100068,100,99289,100
2019-06-28 09:47:26.893950745,99837,249,99765,49,99846,249,99694,249,99894,100,99584,100,99927,200,99572,100,99984,99,99564,100,100014,100,99552,100,100021,100,99447,100,100024,100,99297,100,100043,100,99294,100,100068,100,99289,100
2019-06-28 09:47:30.000000000,99837,201,99694,201,99846,198,99584,198,99894,198,99572,198,99927,200,99564,100,99984,99,99552,100,100014,100,99447,100,100021,100,99297,100,100024,100,99294,100,100043,100,99289,100,100068,100,99209,100
2019-06-28 09:47:40.000000000,99837,398,99694,398,99846,100,99584,100,99894,100,99572,100,99927,200,99564,100,99984,99,99552,100,100014,100,99447,100,100021,100,99297,100,100024,100,99294,100,100043,100,99289,100,100068,100,99209,100
2019-06-28 09:47:50.000000000,99837,398,99694,398,99846,100,99584,100,99894,100,99572,100,99927,200,99564,100,99984,99,99552,100,100014,100,99447,100,100021,100,99297,100,100024,100,99294,100,100043,100,99289,100,100068,100,99209,100
2019-06-28 09:47:50.235770875,99775,100,99694,398,99837,398,99584,100,99846,100,99572,100,99894,100,99564,100,99927,200,99552,100,99984,99,99447,100,100014,100,99297,100,100021,100,99294,100,100024,100,99289,100,100043,100,99209,100
2019-06-28 09:48:00.000000000,99775,398,99694,398,99837,100,99584,100,99846,100,99572,100,99894,100,99564,100,99927,200,99552,100,99984,99,99447,100,100014,100,99297,100,100021,100,99294,100,100024,100,99289,100,100043,100,99209,100
2019-06-28 09:48:06.543498697,99765,100,99694,398,99775,398,99584,100,99837,100,99572,100,99846,100,99564,100,99894,100,99552,100,99927,200,99447,100,99984,99,99297,100,100014,100,99294,100,100021,100,99289,100,100024,100,99209,100
2019-06-28 09:48:10.000000000,99765,174,99694,174,99775,174,99584,174,99837,174,99572,174,99846,174,99564,174,99894,100,99552,100,99927,200,99447,100,99984,99,99297,100,100014,100,99294,100,100021,100,99289,100,100024,100,99209,100
2019-06-28 09:48:20.000000000,99765,398,99694,398,99775,100,99584,100,99837,100,99572,100,99846,100,99564,100,99894,100,99552,100,99927,200,99447,100,99984,99,99297,100,100014,100,99294,100,100021,100,99289,100,100024,100,99209,100
2019-06-28 09:48:30.000000000,99765,174,99694,174,99775,174,99584,174,99837,174,99572,174,99846,174,99564,174,99894,100,99552,100,99927,200,99447,100,99984,99,99297,100,100014,100,99294,100,100021,100,99289,100,100024,100,99209,100
2019-06-28 09:48:36.419834492,99694,26,99584,174,99765,174,99572,174,99775,174,99564,174,99837,174,99552,100,99846,174,99447,100,99894,100,99297,100,99927,200,99294,100,99984,99,99289,100,100014,100,99209,100,100021,100,99189,100
2019-06-28 09:48:40.000000000,99694,324,99584,398,99765,100,99572,100,99775,100,99564,100,99837,100,99552,100,99846,100,99447,100,99894,100,99297,100,99927,200,99294,100,99984,99,99289,100,100014,100,99209,100,100021,100,99189,100
2019-06-28 09:48:50.000000000,99694,86,99584,160,99765,160,99572,160,99775,160,99564,160,99837,160,99552,160,99846,160,99447,160,99894,100,99297,100,99927,200,99294,100,99984,99,99289,100,100014,100,99209,100,100021,100,99189,100
2019-06-28 09:48:55.412349699,99694,86,99612,100,99765,160,99584,160,99775,160,99572,160,99837,160,99564,160,99846,160,99552,160,99894,100,99447,160,99927,200,99297,100,99984,99,99294,100,100014,100,99289,100,100021,100,99209,100
2019-06-28 09:49:00.000000000,99694,324,99612,398,99765,100,99584,100,99775,100,99572,100,99837,100,99564,100,99846,100,99552,100,99894,100,99447,100,99927,200,99297,100,99984,99,99294,100,100014,100,99289,100,100021,100,99209,100
2019-06-28 09:49:10.000000000,99694,100,99612,174,99765,174,99584,174,99775,174,99572,174,99837,174,99564,174,99846,100,99552,100,99894,100,99447,100,99927,200,99297,100,99984,99,99294,100,100014,100,99289,100,100021,100,99209,100
2019-06-28 09:49:20.000000000,99694,86,99612,160,99765,160,99584,160,99775,160,99572,160,99837,160,99564,160,99846,160,99552,160,99894,100,99447,100,99927,200,99297,100,99984,99,99294,100,100014,100,99289,100,100021,100,99209,100
2019-06-28 09:49:30.000000000,99694,100,99612,174,99765,174,99584,174,99775,174,99572,174,99837,174,99564,174,99846,100,99552,100,99894,100,99447,100,99927,200,99297,100,99984,99,99294,100,100014,100,99289,100,100021,100,99209,100
2019-06-28 09:49:35.385185071,99650,100,99612,174,99694,100,99584,174,99765,174,99572,174,99775,174,99564,174,99837,174,99552,100,99846,100,99447,100,99894,100,99297,100,99927,200,99294,100,99984,99,99289,100,100014,100,99209,100
2019-06-28 09:49:40.000000000,99650,249,99612,249,99694,175,99584,249,99765,100,99572,100,99775,100,99564,100,99837,100,99552,100,99846,100,99447,100,99894,100,99297,100,99927,200,99294,100,99984,99,99289,100,100014,100,99209,100
2019-06-28 09:49:48.791946129,99650,249,99612,249,99694,175,99584,249,99764,100,99572,100,99765,100,99564,100,99775,100,99552,100,99837,100,99447,100,99846,100,99297,100,99894,100,99294,100,99927,200,99289,100,99984,99,99209,100
2019-06-28 09:49:50.000000000,99650,249,99612,249,99694,175,99584,249,99764,100,99572,100,99765,100,99564,100,99775,100,99552,100,99837,100,99447,100,99846,100,99297,100,99894,100,99294,100,99927,200,99289,100,99984,99,99209,100
2019-06-28 09:50:00.000000000,99650,174,99612,174,99694,100,99584,174,99764,174,99572,174,99765,174,99564,174,99775,100,99552,100,99837,100,99447,100,99846,100,99297,100,99894,100,99294,100,99927,200,99289,100,99984,99,99209,100
2019-06-28 09:50:10.000000000,99650,398,99612,398,99694,26,99584,100,99764,100,99572,100,99765,100,99564,100,99775,100,99552,100,99837,100,99447,100,99846,100,99297,100,99894,100,99294,100,99927,200,99289,100,99984,99,99209,100
2019-06-28 09:50:16.411178673,99650,398,99612,398,99694,26,99584,100,99764,100,99572,100,99765,100,99564,100,99775,100,99552,100,99837,100,99447,100,99846,100,99297,100,99894,100,99294,100,99901,100,99289,100,99927,200,99209,100
2019-06-28 09:50:20.000000000,99650,201,99612,201,99694,124,99584,198,99764,198,99572,198,99765,100,99564,100,99775,100,99552,100,99837,100,99447,100,99846,100,99297,100,99894,100,99294,100,99901,100,99289,100,99927,200,99209,100
2019-06-28 09:50:30.000000000,99650,398,99612,398,99694,26,99584,100,99764,100,99572,100,99765,100,99564,100,99775,100,99552,100,99837,100,99447,100,99846,100,99297,100,99894,100,99294,100,99901,100,99289,100,99927,200,99209,100
2019-06-28 09:50:31.831241037,99650,398,99612,298,99694,26,99584,100,99764,100,99572,100,99765,100,99564,100,99775,100,99552,100,99837,100,99447,100,99846,100,99297,100,99894,100,99294,100,99901,100,99289,100,99927,200,99209,100
2019-06-28 09:50:34.376121944,99650,398,99612,298,99686,100,99584,100,99694,26,99572,100,99764,100,99552,100,99765,100,99447,100,99775,100,99297,100,99837,100,99294,100,99846,100,99289,100,99894,100,99209,100,99901,100,99189,100
2019-06-28 09:50:40.000000000,99650,249,99584,249,99686,249,99572,249,99694,26,99552,100,99764,100,99447,100,99765,100,99297,100,99775,100,99294,100,99837,100,99289,100,99846,100,99209,100,99894,100,99189,100,99901,100,99037,100
2019-06-28 09:50:50.000000000,99650,160,99584,160,99686,160,99572,160,99694,86,99552,160,99764,160,99447,160,99765,160,99297,160,99775,100,99294,100,99837,100,99289,100,99846,100,99209,100,99894,100,99189,100,99901,100,99037,100
2019-06-28 09:50:52.445230303,99650,160,99643,100,99686,160,99584,160,99694,86,99572,160,99764,160,99552,160,99765,160,99447,160,99775,100,99297,160,99837,100,99294,100,99846,100,99289,100,99894,100,99209,100,99901,100,99189,100
2019-06-28 09:51:00.000000000,99650,201,99643,201,99686,198,99584,198,99694,124,99572,198,99764,100,99552,100,99765,100,99447,100,99775,100,99297,100,99837,100,99294,100,99846,100,99289,100,99894,100,99209,100,99901,100,99189,100
2019-06-28 09:51:00.166800200,99650,101,99643,201,99686,198,99584,198,99694,124,99572,198,99764,100,99552,100,99765,100,99447,100,99775,100,99297,100,99837,100,99294,100,99846,100,99289,100,99894,100,99209,100,99901,100,99189,100
2019-06-28 09:51:03.989451851,99650,1,99643,201,99686,198,99584,198,99694,124,99572,198,99764,100,99552,100,99765,100,99447,100,99775,100,99297,100,99837,100,99289,100,99846,100,99209,100,99894,100,99189,100,99901,100,99037,100
2019-06-28 09:51:10.000000000,99686,160,99643,160,99694,86,99584,160,99764,160,99572,160,99765,160,99552,160,99775,160,99447,160,99837,100,99297,100,99846,100,99289,100,99894,100,99209,100,99901,100,99189,100,99927,200,99037,100
2019-06-28 09:51:20.000000000,99686,201,99643,201,99694,124,99584,198,99764,198,99572,198,99765,100,99552,100,99775,100,99447,100,99837,100,99297,100,99846,100,99289,100,99894,100,99209,100,99901,100,99189,100,99927,200,99037,100
2019-06-28 09:51:30.000000000,99686,398,99643,398,99694,26,99584,100,99764,100,99572,100,99765,100,99552,100,99775,100,99447,100,99837,100,99297,100,99846,100,99289,100,99894,100,99209,100,99901,100,99189,100,99927,200,99037,100
2019-06-28 09:51:40.000000000,99686,160,99643,160,99694,86,99584,160,99764,160,99572,160,99765,160,99552,160,99775,160,99447,160,99837,100,99297,100,99846,100,99289,100,99894,100,99209,100,99901,100,99189,100,99927,200,99037,100
2019-06-28 09:51:41.444043334,99686,160,99643,160,99694,86,99584,160,99764,160,99572,160,99765,160,99552,160,99775,160,99447,160,99837,100,99297,100,99846,100,99289,100,99894,100,99209,100,99901,100,99189,100,99927,200,99037,100
2019-06-28 09:51:50.000000000,99686,201,99643,201,99694,124,99584,198,99764,198,99572,198,99765,100,99552,100,99775,100,99447,100,99837,100,99297,100,99846,100,99289,100,99894,100,99209,100,99901,100,99189,100,99927,200,99037,100
2019-06-28 09:51:59.483808537,99686,201,99650,100,99694,124,99643,201,99764,198,99584,198,99765,100,99572,198,99775,100,99552,100,99837,100,99447,100,99846,100,99297,100,99894,100,99289,100,99901,100,99209,100,99927,200,99189,100
2019-06-28 09:52:00.000000000,99686,174,99650,174,99694,100,99643,174,99764,174,99584,174,99765,174,99572,174,99775,100,99552,100,99837,100,99447,100,99846,100,99297,100,99894,100,99289,100,99901,100,99209,100,99927,200,99189,100
2019-06-28 09:52:10.000000000,99686,160,99650,160,99694,86,99643,160,99764,160,99584,160,99765,160,99572,160,99775,160,99552,160,99837,100,99447,100,99846,100,99297,100,99894,100,99289,100,99901,100,99209,100,99927,200,99189,100
2019-06-28 09:52:10.123037496,99686,160,99650,160,99694,86,99643,160,99732,100,99584,160,99764,160,99572,160,99765,160,99552,160,99775,160,99447,100,99837,100,99297,100,99846,100,99289,100,99894,100,99209,100,99901,100,99189,100
2019-06-28 09:52:20.000000000,99686,249,99650,249,99694,175,99643,249,99732,100,99584,100,99764,100,99572,100,99765,100,99552,100,99775,100,99447,100,99837,100,99297,100,99846,100,99289,100,99894,100,99209,100,99901,100,99189,100
2019-06-28 09:52:30.000000000,99686,249,99650,249,99694,175,99643,249,99732,100,99584,100,99764,100,99572,100,99765,100,99552,100,99775,100,99447,100,99837,100,99297,100,99846,100,99289,100,99894,100,99209,100,99901,100,99189,100
2019-06-28 09:52:35.878149144,99686,249,99650,249,99694,175,99643,249,99732,100,99584,100,99764,100,99572,100,99765,100,99552,100,99775,100,99447,100,99837,100,99297,100,99846,100,99289,100,99894,100,99274,100,99901,100,99209,100
2019-06-28 09:52:40.000000000,99686,174,99650,174,99694,100,99643,174,99732,174,99584,174,99764,174,99572,174,99765,100,99552,100,99775,100,99447,100,99837,100,99297,100,99846,100,99289,100,99894,100,99274,100,99901,100,99209,100
2019-06-28 09:52:43.087540898,99686,174,99650,74,99694,100,99643,174,99732,174,99584,174,99764,174,99572,174,99765,100,99552,100,99775,100,99447,100,99837,100,99297,100,99846,100,99289,100,99894,100,99274,100,99901,100,99209,100
2019-06-28 09:52:50.000000000,99686,160,99643,160,99694,86,99584,160,99732,160,99572,160,99764,160,99552,160,99765,160,99447,160,99775,100,99297,100,99837,100,99289,100,99846,100,99274,100,99894,100,99209,100,99901,100,99189,100
2019-06-28 09:53:00.000000000,99686,398,99643,398,99694,26,99584,100,99732,100,99572,100,99764,100,99552,100,99765,100,99447,100,99775,100,99297,100,99837,100,99289,100,99846,100,99274,100,99894,100,99209,100,99901,100,99189,100
2019-06-28 09:53:08.383179061,99686,398,99643,398,99694,26,99572,100,99732,100,99552,100,99764,100,99527,100,99765,100,99447,100,99775,100,99297,100,99837,100,99289,100,99846,100,99274,100,99894,100,99209,100,99901,100,99189,100
2019-06-28 09:53:10.000000000,99686,249,99643,249,99694,175,99572,249,99732,100,99552,100,99764,100,99527,100,99765,100,99447,100,99775,100,99297,100,99837,100,99289,100,99846,100,99274,100,99894,100,99209,100,99901,100,99189,100
2019-06-28 09:53:16.523734234,99686,249,99643,149,99694,175,99572,249,99732,100,99552,100,99764,100,99527,100,99765,100,99447,100,99837,100,99297,100,99846,100,99289,100,99894,100,99274,100,99901,100,99209,100,99927,200,99189,100
2019-06-28 09:53:20.000000000,99686,398,99572,398,99694,26,99552,100,99732,100,99527,100,99764,100,99447,100,99765,100,99297,100,99837,100,99289,100,99846,100,99274,100,99894,100,99209,100,99901,100,99189,100,99927,200,99037,100
2019-06-28 09:53:27.746430131,99686,398,99637,100,99694,26,99572,398,99732,100,99552,100,99764,100,99447,100,99765,100,99297,100,99837,100,99289,100,99846,100,99274,100,99894,100,99209,100,99901,100,99189,100,99927,200,99037,100
2019-06-28 09:53:30.000000000,99686,201,99637,201,99694,124,99572,198,99732,198,99552,198,99764,100,99447,100,99765,100,99297,100,99837,100,99289,100,99846,100,99274,100,99894,100,99209,100,99901,100,99189,100,99927,200,99037,100
2019-06-28 09:53:35.866168585,99686,201,99637,201,99694,124,99572,198,99732,198,99552,198,99764,100,99447,100,99765,100,99297,100,99846,100,99289,100,99894,100,99274,100,99901,100,99209,100,99927,200,99189,100,99960,100,99037,100
2019-06-28 09:53:40.000000000,99686,201,99637,201,99694,124,99572,198,99732,198,99552,198,99764,100,99447,100,99765,100,99297,100,99846,100,99289,100,99894,100,99274,100,99901,100,99209,100,99927,200,99189,100,99960,100,99037,100
2019-06-28 09:53:46.393717318,99686,201,99637,201,99694,124,99572,198,99732,198,99552,198,99765,100,99447,100,99846,100,99297,100,99894,100,99289,100,99901,100,99274,100,99927,200,99209,100,99960,100,99189,100,99984,99,99037,100
2019-06-28 09:53:50.000000000,99686,249,99637,249,99694,175,99572,249,99732,100,99552,100,99765,100,99447,100,99846,100,99297,100,99894,100,99289,100,99901,100,99274,100,99927,200,99209,100,99960,100,99189,100,99984,99,99037,100
2019-06-28 09:54:00.000000000,99686,160,99637,160,99694,86,99572,160,99732,160,99552,160,99765,160,99447,160,99846,160,99297,160,99894,100,99289,100,99901,100,99274,100,99927,200,99209,100,99960,100,99189,100,99984,99,99037,100
2019-06-28 09:54:10.000000000,99686,174,99637,174,99694,100,99572,174,99732,174,99552,174,99765,174,99447,174,99846,100,99297,100,99894,100,99289,100,99901,100,99274,100,99927,200,99209,100,99960,100,99189,100,99984,99,99037,100
2019-06-28 09:54:20.000000000,99686,398,99637,398,99694,26,99572,100,99732,100,99552,100,99765,100,99447,100,99846,100,99297,100,99894,100,99289,100,99901,100,99274,100,99927,200,99209,100,99960,100,99189,100,99984,99,99037,100
2019-06-28 09:54:21.846537956,99686,298,99637,398,99694,26,99572,100,99732,100,99552,100,99765,100,99447,100,99846,100,99297,100,99894,100,99289,100,99901,100,99274,100,99927,200,99209,100,99960,100,99189,100,99984,99,99037,100
2019-06-28 09:54:30.000000000,99694,324,99637,398,99732,100,99572,100,99765,100,99552,100,99846,100,99447,100,99894,100,99297,100,99901,100,99289,100,99927,200,99274,100,99960,100,99209,100,99984,99,99189,100,100014,100,99037,100
2019-06-28 09:54:30.623646999,99694,224,99637,398,99732,100,99572,100,99765,100,99552,100,99846,100,99447,100,99894,100,99297,100,99901,100,99289,100,99927,200,99274,100,99960,100,99209,100,99984,99,99189,100,100021,100,99037,100
2019-06-28 09:54:35.448911249,99694,124,99637,398,99732,100,99572,100,99765,100,99552,100,99846,100,99447,100,99894,100,99297,100,99901,100,99289,100,99927,200,99274,100,99960,100,99209,100,99984,99,99189,100,100021,100,99037,100
2019-06-28 09:54:40.000000000,99732,249,99637,249,99765,249,99572,249,99846,100,99552,100,99894,100,99447,100,99901,100,99297,100,99927,200,99289,100,99960,100,99274,100,99984,99,99209,100,100021,100,99189,100,100024,100,99037,100
2019-06-28 09:54:50.000000000,99732,160,99637,160,99765,160,99572,160,99846,160,99552,160,99894,160,99447,160,99901,160,99297,160,99927,200,99289,100,99960,100,99274,100,99984,99,99209,100,100021,100,99189,100,100024,100,99037,100
2019-06-28 09:54:54.790752108,99732,160,99637,160,99765,160,99572,160,99829,100,99552,160,99846,160,99447,160,99894,160,99297,160,99901,160,99289,100,99927,200,99274,100,99960,100,99209,100,99984,99,99189,100,100021,100,99037,100
2019-06-28 09:54:59.922938407,99732,160,99694,100,99765,160,99637,160,99829,100,99572,160,99846,160,99552,160,99894,160,99447,160,99901,160,99297,160,99927,200,99289,100,99960,100,99274,100,99984,99,99209,100,100021,100,99189,100
2019-06-28 09:55:00.000000000,99732,249,99694,249,99765,249,99637,249,99829,100,99572,100,99846,100,99552,100,99894,100,99447,100,99901,100,99297,100,99927,200,99289,100,99960,100,99274,100,99984,99,99209,100,100021,100,99189,100
2019-06-28 09:55:10.000000000,99732,249,99694,249,99765,249,99637,249,99829,100,99572,100,99846,100,99552,100,99894,100,99447,100,99901,100,99297,100,99927,200,99289,100,99960,100,99274,100,99984,99,99209,100,100021,100,99189,100
2019-06-28 09:55:13.992896175,99732,249,99694,249,99765,249,99637,249,99829,100,99572,100,99846,100,99552,100,99894,100,99447,100,99901,100,99297,100,99927,200,99274,100,99960,100,99209,100,99984,99,99189,100,100021,100,99037,100
2019-06-28 09:55:20.000000000,99732,249,99694,249,99765,249,99637,249,99829,100,99572,100,99846,100,99552,100,99894,100,99447,100,99901,100,99297,100,99927,200,99274,100,99960,100,99209,100,99984,99,99189,100,100021,100,99037,100
2019-06-28 09:55:24.038811257,99732,249,99694,249,99765,249,99653,100,99829,100,99637,249,99846,100,99572,100,99894,100,99552,100,99901,100,99447,100,99927,200,99297,100,99960,100,99274,100,99984,99,99209,100,100021,100,99189,100
2019-06-28 09:55:30.000000000,99732,174,99694,174,99765,174,99653,174,99829,174,99637,174,99846,174,99572,174,99894,100,99552,100,99901,100,99447,100,99927,200,99297,100,99960,100,99274,100,99984,99,99209,100,100021,100,99189,100
2019-06-28 09:55:38.677139070,99732,174,99694,174,99765,174,99653,174,99791,100,99637,174,99829,174,99572,174,99846,174,99552,100,99894,100,99447,100,99901,100,99297,100,99927,200,99274,100,99960,100,99209,100,99984,99,99189,100
2019-06-28 09:55:40.000000000,99732,398,99694,398,99765,100,99653,100,99791,100,99637,100,99829,100,99572,100,99846,100,99552,100,99894,100,99447,100,99901,100,99297,100,99927,200,99274,100,99960,100,99209,100,99984,99,99189,100
2019-06-28 09:55:47.203129835,99732,398,99694,398,99765,100,99653,100,99791,100,99637,100,99829,100,99572,100,99846,100,99552,100,99894,100,99447,100,99901,100,99297,100,99927,200,99274,100,99960,100,99209,100,99984,99,99189,100
2019-06-28 09:55:50.000000000,99732,160,99694,160,99765,160,99653,160,99791,160,99637,160,99829,160,99572,160,99846,160,99552,160,99894,100,99447,100,99901,100,99297,100,99927,200,99274,100,99960,100,99209,100,99984,99,99189,100
2019-06-28 09:55:52.978594675,99732,160,99694,160,99765,160,99653,160,99791,160,99637,160,99829,160,99572,160,99846,160,99552,160,99894,100,99447,100,99901,100,99297,100,99927,200,99274,100,99960,100,99209,100,99984,99,99189,100
2019-06-28 09:55:55.181095552,99732,60,99694,160,99765,160,99653,160,99791,160,99637,160,99829,160,99572,160,99846,160,99552,160,99890,100,99447,100,99894,100,99297,100,99901,100,99274,100,99927,200,99209,100,99960,100,99189,100
2019-06-28 09:56:00.000000000,99765,249,99694,249,99791,249,99653,249,99829,100,99637,100,99846,100,99572,100,99890,100,99552,100,99894,100,99447,100,99901,100,99297,100,99927,200,99274,100,99960,100,99209,100,99984,99,99189,100
2019-06-28 09:56:00.589870480,99765,249,99694,249,99791,249,99681,100,99829,100,99653,249,99846,100,99637,100,99890,100,99572,100,99894,100,99552,100,99901,100,99447,100,99927,200,99297,100,99960,100,99274,100,99984,99,99209,100
2019-06-28 09:56:10.000000000,99765,160,99694,160,99791,160,99681,160,99829,160,99653,160,99846,160,99637,160,99890,160,99572,160,99894,100,99552,100,99901,100,99447,100,99927,200,99297,100,99960,100,99274,100,99984,99,99209,100
2019-06-28 09:56:20.000000000,99765,249,99694,249,99791,249,99681,249,99829,100,99653,100,99846,100,99637,100,99890,100,99572,100,99894,100,99552,100,99901,100,99447,100,99927,200,99297,100,99960,100,99274,100,99984,99,99209,100
2019-06-28 09:56:28.581435113,99765,149,99694,249,99791,249,99681,249,99829,100,99653,100,99846,100,99637,100,99890,100,99572,100,99894,100,99552,100,99901,100,99447,100,99927,200,99297,100,99984,99,99274,100,100018,100,99209,100
2019-06-28 09:56:30.000000000,99791,398,99694,398,99829,100,99681,100,99846,100,99653,100,99890,100,99637,100,99894,100,99572,100,99901,100,99552,100,99927,200,99447,100,99984,99,99297,100,100018,100,99274,100,100021,100,99209,100
2019-06-28 09:56:35.101321870,99791,398,99695,100,99829,100,99694,398,99846,100,99681,100,99890,100,99653,100,99894,100,99637,100,99901,100,99572,100,99927,200,99552,100,99984,99,99447,100,100018,100,99297,100,100021,100,99274,100
2019-06-28 09:56:40.000000000,99791,174,99695,174,99829,174,99694,174,99846,174,99681,174,99890,174,99653,174,99894,100,99637,100,99901,100,99572,100,99927,200,99552,100,99984,99,99447,100,100018,100,99297,100,100021,100,99274,100
2019-06-28 09:56:49.144887190,99791,174,99695,174,99829,174,99694,174,99846,174,99681,174,99890,174,99653,174,99901,100,99637,100,99927,200,99572,100,99984,99,99552,100,100018,100,99447,100,100021,100,99297,100,100024,100,99274,100
2019-06-28 09:56:50.000000000,99791,398,99695,398,99829,100,99694,100,99846,100,99681,100,99890,100,99653,100,99901,100,99637,100,99927,200,99572,100,99984,99,99552,100,100018,100,99447,100,100021,100,99297,100,100024,100,99274,100
2019-06-28 09:57:00.000000000,99791,398,99695,398,99829,100,99694,100,99846,100,99681,100,99890,100,99653,100,99901,100,99637,100,99927,200,99572,100,99984,99,99552,100,100018,100,99447,100,100021,100,99297,100,100024,100,99274,100
2019-06-28 09:57:00.480168956,99791,298,99695,398,99829,100,99694,100,99846,100,99681,100,99890,100,99653,100,99901,100,99637,100,99927,200,99572,100,99984,99,99552,100,100018,100,99447,100,100021,100,99297,100,100024,100,99274,100
2019-06-28 09:57:10.000000000,99829,160,99695,160,99846,160,99694,160,99890,160,99681,160,99901,160,99653,160,99927,260,99637,160,99984,99,99572,100,100018,100,99552,100,100021,100,99447,100,100024,100,99297,100,100030,100,99274,100
2019-06-28 09:57:19.928771855,99829,160,99695,160,99846,160,99694,160,99890,160,99681,160,99901,160,99653,160,99927,260,99637,160,99984,99,99572,100,100018,100,99552,100,100021,100,99447,100,100024,100,99297,100,100030,100,99274,100
2019-06-28 09:57:20.000000000,99829,398,99695,398,99846,100,99694,100,99890,100,99681,100,99901,100,99653,100,99927,200,99637,100,99984,99,99572,100,100018,100,99552,100,100021,100,99447,100,100024,100,99297,100,100030,100,99274,100
2019-06-28 09:57:30.000000000,99829,174,99695,174,99846,174,99694,174,99890,174,99681,174,99901,174,99653,174,99927,200,99637,100,99984,99,99572,100,100018,100,99552,100,100021,100,99447,100,100024,100,99297,100,100030,100,99274,100
2019-06-28 09:57:34.236639396,99829,174,99695,174,99846,174,99694,174,99890,174,99681,174,99901,174,99653,174,99927,200,99637,100,99984,99,99572,100,100018,100,99552,100,100021,100,99447,100,100024,100,99297,100,100030,100,99274,100
2019-06-28 09:57:40.000000000,99829,249,99695,249,99846,249,99694,249,99890,100,99681,100,99901,100,99653,100,99927,200,99637,100,99984,99,99572,100,100018,100,99552,100,100021,100,99447,100,100024,100,99297,100,100030,100,99274,100
2019-06-28 09:57:50.000000000,99829,160,99695,160,99846,160,99694,160,99890,160,99681,160,99901,160,99653,160,99927,260,99637,160,99984,99,99572,100,100018,100,99552,100,100021,100,99447,100,100024,100,99297,100,100030,100,99274,100
2019-06-28 09:58:00.000000000,99829,201,99695,201,99846,198,99694,198,99890,198,99681,198,99901,100,99653,100,99927,200,99637,100,99984,99,99572,100,100018,100,99552,100,100021,100,99447,100,100024,100,99297,100,100030,100,99274,100
2019-06-28 09:58:10.000000000,99829,249,99695,249,99846,249,99694,249,99890,100,99681,100,99901,100,99653,100,99927,200,99637,100,99984,99,99572,100,100018,100,99552,100,100021,100,99447,100,100024,100,99297,100,100030,100,99274,100
2019-06-28 09:58:19.394867255,99829,249,99695,249,99846,249,99694,249,99901,100,99681,100,99927,200,99653,100,99984,99,99637,100,100018,100,99572,100,100021,100,99552,100,100024,100,99447,100,100030,100,99297,100,100068,100,99274,100
2019-06-28 09:58:20.000000000,99829,160,99695,160,99846,160,99694,160,99901,160,99681,160,99927,260,99653,160,99984,159,99637,160,100018,100,99572,100,100021,100,99552,100,100024,100,99447,100,100030,100,99297,100,100068,100,99274,100
2019-06-28 09:58:29.265280385,99829,60,99695,160,99846,160,99694,160,99901,160,99681,160,99927,260,99653,160,99984,159,99637,160,100018,100,99572,100,100021,100,99552,100,100024,100,99447,100,100030,100,99297,100,100068,100,99274,100
2019-06-28 09:58:30.000000000,99846,160,99695,160,99901,160,99694,160,99927,260,99681,160,99984,159,99653,160,100018,160,99637,160,100021,100,99572,100,100024,100,99552,100,100030,100,99447,100,100068,100,99297,100,100111,100,99274,100
2019-06-28 09:58:40.000000000,99846,249,99695,249,99901,249,99694,249,99927,200,99681,100,99984,99,99653,100,100018,100,99637,100,100021,100,99572,100,100024,100,99552,100,100030,100,99447,100,100068,100,99297,100,100111,100,99274,100
2019-06-28 09:58:50.000000000,99846,160,99695,160,99901,160,99694,160,99927,260,99681,160,99984,159,99653,160,100018,160,99637,160,100021,100,99572,100,100024,100,99552,100,100030,100,99447,100,100068,100,99297,100,100111,100,99274,100
2019-06-28 09:59:00.000000000,99846,398,99695,398,99901,100,99694,100,99927,200,99681,100,99984,99,99653,100,100018,100,99637,100,100021,100,99572,100,100024,100,99552,100,100030,100,99447,100,100068,100,99297,100,100111,100,99274,100
2019-06-28 09:59:10.000000000,99846,160,99695,160,99901,160,99694,160,99927,260,99681,160,99984,159,99653,160,100018,160,99637,160,100021,100,99572,100,100024,100,99552,100,100030,100,99447,100,100068,100,99297,100,100111,100,99274,100
2019-06-28 09:59:20.000000000,99846,160,99695,160,99901,160,99694,160,99927,260,99681,160,99984,159,99653,160,100018,160,99637,160,100021,100,99572,100,100024,100,99552,100,100030,100,99447,100,100068,100,99297,100,100111,100,99274,100
2019-06-28 09:59:30.000000000,99846,174,99695,174,99901,174,99694,174,99927,274,99681,174,99984,173,99653,174,100018,100,99637,100,100021,100,99572,100,100024,100,99552,100,100030,100,99447,100,100068,100,99297,100,100111,100,99274,100
2019-06-28 09:59:33.109991038,99846,74,99695,174,99901,174,99694,174,99927,274,99681,174,99984,173,99653,174,100018,100,99637,100,100021,100,99572,100,100024,100,99552,100,100030,100,99447,100,100068,100,99297,100,100111,100,99274,100
2019-06-28 09:59:40.000000000,99901,398,99695,398,99927,200,99694,100,99984,99,99681,100,100018,100,99653,100,100021,100,99637,100,100024,100,99572,100,100030,100,99552,100,100068,100,99447,100,100111,100,99297,100,100124,100,99274,100
2019-06-28 09:59:42.043463227,99901,398,99829,100,99927,200,99695,398,99984,99,99694,100,100018,100,99681,100,100021,100,99653,100,100024,100,99637,100,100030,100,99572,100,100068,100,99552,100,100111,100,99447,100,100124,100,99297,100
2019-06-28 09:59:49.076140310,99901,398,99829,200,99927,200,99695,398,99984,99,99694,100,100018,100,99681,100,100021,100,99653,100,100024,100,99637,100,100030,100,99572,100,100068,100,99552,100,100111,100,99447,100,100124,100,99297,100
2019-06-28 09:59:50.000000000,99901,249,99829,349,99927,349,99695,249,99984,99,99694,100,100018,100,99681,100,100021,100,99653,100,100024,100,99637,100,100030,100,99572,100,100068,100,99552,100,100111,100,99447,100,100124,100,99297,100
2019-06-28 10:00:00.000000000,99901,160,99829,260,99927,260,99695,160,99984,159,99694,160,100018,160,99681,160,100021,160,99653,160,100024,100,99637,100,100030,100,99572,100,100068,100,99552,100,100111,100,99447,100,100124,100,99297,100
2019-06-28 10:00:10.000000000,99901,174,99829,274,99927,274,99695,174,99984,173,99694,174,100018,174,99681,174,100021,100,99653,100,100024,100,99637,100,100030,100,99572,100,100068,100,99552,100,100111,100,99447,100,100124,100,99297,100
2019-06-28 10:00:20.000000000,99901,249,99829,349,99927,349,99695,249,99984,99,99694,100,100018,100,99681,100,100021,100,99653,100,100024,100,99637,100,100030,100,99572,100,100068,100,99552,100,100111,100,99447,100,100124,100,99297,100
2019-06-28 10:00:30.000000000,99901,398,99829,498,99927,200,99695,100,99984,99,99694,100,100018,100,99681,100,100021,100,99653,100,100024,100,99637,100,100030,100,99572,100,100068,100,99552,100,100111,100,99447,100,100124,100,99297,100
2019-06-28 10:00:39.466295860,99901,298,99829,498,99927,200,99695,100,99984,99,99694,100,100018,100,99681,100,100021,100,99653,100,100024,100,99637,100,100030,100,99572,100,100068,100,99552,100,100111,100,99447,100,100124,100,99297,100
2019-06-28 10:00:40.000000000,99927,260,99829,260,99984,159,99695,160,100018,160,99694,160,100021,160,99681,160,100024,160,99653,160,100030,100,99637,100,100068,100,99572,100,100111,100,99552,100,100124,100,99447,100,100135,100,99297,100
2019-06-28 10:00:42.676213114,99927,160,99829,260,99984,159,99695,160,100018,60,99694,160,100021,160,99681,160,100024,160,99653,160,100030,100,99637,100,100068,100,99572,100,100111,100,99552,100,100124,100,99447,100,100135,100,99297,100
2019-06-28 10:00:50.000000000,99927,160,99829,260,99984,159,99695,160,100021,160,99694,160,100024,160,99681,160,100030,160,99653,160,100068,100,99637,100,100111,100,99572,100,100124,100,99552,100,100135,100,99447,100,100244,100,99297,100
2019-06-28 10:00:59.265720197,99927,160,99829,260,99984,159,99695,160,100021,160,99694,160,100024,160,99681,160,100030,160,99653,160,100068,100,99637,100,100111,100,99572,100,100124,100,99552,100,100135,100,99447,100,100244,100,99297,100
2019-06-28 10:01:00.000000000,99927,201,99829,301,99984,197,99695,198,100021,198,99694,198,100024,100,99681,100,100030,100,99653,100,100068,100,99637,100,100111,100,99572,100,100124,100,99552,100,100135,100,99447,100,100244,100,99297,100
2019-06-28 10:01:02.416029220,99927,101,99829,301,99984,98,99695,198,100021,198,99694,198,100024,100,99681,100,100030,100,99653,100,100068,100,99637,100,100111,100,99572,100,100124,100,99552,100,100135,100,99447,100,100244,100,99297,100
2019-06-28 10:01:10.000000000,100021,201,99829,301,100024,198,99695,198,100030,198,99694,198,100068,100,99681,100,100111,100,99653,100,100124,100,99637,100,100135,100,99572,100,100244,100,99552,100,100266,100,99447,100,100270,100,99297,100
2019-06-28 10:01:20.000000000,100021,160,99829,260,100024,160,99695,160,100030,160,99694,160,100068,160,99681,160,100111,160,99653,160,100124,100,99637,100,100135,100,99572,100,100244,100,99552,100,100266,100,99447,100,100270,100,99297,100
2019-06-28 10:01:30.000000000,100021,398,99829,498,100024,100,99695,100,100030,100,99694,100,100068,100,99681,100,100111,100,99653,100,100124,100,99637,100,100135,100,99572,100,100244,100,99552,100,100266,100,99447,100,100270,100,99297,100
2019-06-28 10:01:34.815886876,100021,398,99829,498,100024,100,99695,100,100068,100,99694,100,100111,100,99681,100,100124,100,99653,100,100135,100,99637,100,100244,100,99572,100,100266,100,99552,100,100270,100,99447,100,100715,100,99297,100
2019-06-28 10:01:37.610550128,100021,398,99829,498,100024,100,99695,100,100068,100,99694,100,100111,100,99681,100,100124,100,99653,100,100135,100,99637,100,100244,100,99572,100,100266,100,99552,100,100270,100,99447,100,100428,100,99297,100
2019-06-28 10:01:40.000000000,100021,160,99829,260,100024,160,99695,160,100068,160,99694,160,100111,160,99681,160,100124,160,99653,160,100135,100,99637,100,100244,100,99572,100,100266,100,99552,100,100270,100,99447,100,100428,100,99297,100
2019-06-28 10:01:43.893105988,100021,60,99829,260,100024,160,99695,160,100068,160,99694,160,100111,160,99681,160,100124,160,99653,160,100135,100,99637,100,100244,100,99572,100,100266,100,99552,100,100270,100,99447,100,100428,100,99297,100
2019-06-28 10:01:50.000000000,100024,398,99829,498,100068,100,99695,100,100111,100,99694,100,100124,100,99681,100,100135,100,99653,100,100244,100,99637,100,100266,100,99572,100,100270,100,99552,100,100428,100,99447,100,100562,100,99297,100
2019-06-28 10:01:52.696923060,100024,298,99829,498,100068,100,99695,100,100111,100,99694,100,100124,100,99681,100,100135,100,99653,100,100244,100,99637,100,100266,100,99552,100,100270,100,99447,100,100428,100,99297,100,100562,100,99274,100
2019-06-28 10:01:56.848275525,100024,298,99829,498,100068,100,99695,100,100111,100,99694,100,100124,100,99681,100,100135,100,99653,100,100244,100,99637,100,100266,100,99552,100,100270,100,99447,100,100428,100,99297,100,100562,100,99274,100
2019-06-28 10:02:00.000000000,100068,398,99829,498,100111,100,99695,100,100124,100,99694,100,100135,100,99681,100,100244,100,99653,100,100266,100,99637,100,100270,100,99552,100,100428,100,99447,100,100562,100,99297,100,100663,100,99274,100
2019-06-28 10:02:06.841721906,100068,298,99829,498,100111,100,99695,100,100124,100,99694,100,100135,100,99681,100,100244,100,99653,100,100266,100,99637,100,100270,100,99552,100,100428,100,99447,100,100562,100,99297,100,100663,100,99274,100
2019-06-28 10:02:09.213367741,100068,298,99829,398,100111,100,99695,100,100124,100,99694,100,100135,100,99681,100,100244,100,99653,100,100266,100,99637,100,100270,100,99552,100,100428,100,99447,100,100562,100,99297,100,100663,100,99274,100
2019-06-28 10:02:10.000000000,100111,160,99829,160,100124,160,99695,160,100135,160,99694,160,100244,160,99681,160,100266,160,99653,160,100270,100,99637,100,100428,100,99552,100,100562,100,99447,100,100663,100,99297,100,100715,100,99274,100
2019-06-28 10:02:20.000000000,100111,249,99829,249,100124,249,99695,249,100135,100,99694,100,100244,100,99681,100,100266,100,99653,100,100270,100,99637,100,100428,100,99552,100,100562,100,99447,100,100663,100,99297,100,100715,100,99274,100
2019-06-28 10:02:20.998546055,100111,249,99829,249,100124,249,99695,249,100135,100,99694,100,100244,100,99681,100,100266,100,99653,100,100270,100,99637,100,100391,100,99552,100,100428,100,99447,100,100562,100,99297,100,100663,100,99274,100
2019-06-28 10:02:30.000000000,100111,160,99829,160,100124,160,99695,160,100135,160,99694,160,100244,160,99681,160,100266,160,99653,160,100270,100,99637,100,100391,100,99552,100,100428,100,99447,100,100562,100,99297,100,100663,100,99274,100
2019-06-28 10:02:40.000000000,100111,398,99829,398,100124,100,99695,100,100135,100,99694,100,100244,100,99681,100,100266,100,99653,100,100270,100,99637,100,100391,100,99552,100,100428,100,99447,100,100562,100,99297,100,100663,100,99274,100
2019-06-28 10:02:42.300711698,100111,398,99829,398,100124,100,99695,100,100135,100,99694,100,100244,100,99681,100,100266,100,99653,100,100270,100,99637,100,100346,100,99552,100,100428,100,99447,100,100562,100,99297,100,100663,100,99274,100
2019-06-28 10:02:50.000000000,100111,160,99829,160,100124,160,99695,160,100135,160,99694,160,100244,160,99681,160,100266,160,99653,160,100270,100,99637,100,100346,100,99552,100,100428,100,99447,100,100562,100,99297,100,100663,100,99274,100
2019-06-28 10:02:54.072310447,100111,160,99829,160,100124,160,99695,160,100135,160,99694,160,100244,160,99681,160,100266,160,99653,160,100270,100,99637,100,100346,100,99552,100,100423,100,99447,100,100428,100,99297,100,100562,100,99274,100
2019-06-28 10:03:00.000000000,100111,201,99829,201,100124,198,99695,198,100135,198,99694,198,100244,100,99681,100,100266,100,99653,100,100270,100,99637,100,100346,100,99552,100,100423,100,99447,100,100428,100,99297,100,100562,100,99274,100
2019-06-28 10:03:10.000000000,100111,249,99829,249,100124,249,99695,249,100135,100,99694,100,100244,100,99681,100,100266,100,99653,100,100270,100,99637,100,100346,100,99552,100,100423,100,99447,100,100428,100,99297,100,100562,100,99274,100
2019-06-28 10:03:20.000000000,100111,160,99829,160,100124,160,99695,160,100135,160,99694,160,100244,160,99681,160,100266,160,99653,160,100270,100,99637,100,100346,100,99552,100,100423,100,99447,100,100428,100,99297,100,100562,100,99274,100
2019-06-28 10:03:30.000000000,100111,398,99829,398,100124,100,99695,100,100135,100,99694,100,100244,100,99681,100,100266,100,99653,100,100270,100,99637,100,100346,100,99552,100,100423,100,99447,100,100428,100,99297,100,100562,100,99274,100
2019-06-28 10:03:40.000000000,100111,398,99829,398,100124,100,99695,100,100135,100,99694,100,100244,100,99681,100,100266,100,99653,100,100270,100,99637,100,100346,100,99552,100,100423,100,99447,100,100428,100,99297,100,100562,100,99274,100
2019-06-28 10:03:48.264400715,100111,398,99829,398,100124,100,99695,100,100135,100,99694,100,100244,100,99653,100,100266,100,99637,100,100270,100,99552,100,100346,100,99447,100,100423,100,99297,100,100428,100,99274,100,100562,100,99189,100
2019-06-28 10:03:50.000000000,100111,398,99829,398,100124,100,99695,100,100135,100,99694,100,100244,100,99653,100,100266,100,99637,100,100270,100,99552,100,100346,100,99447,100,100423,100,99297,100,100428,100,99274,100,100562,100,99189,100
2019-06-28 10:04:00.000000000,100111,174,99829,174,100124,174,99695,174,100135,174,99694,174,100244,174,99653,174,100266,100,99637,100,100270,100,99552,100,100346,100,99447,100,100423,100,99297,100,100428,100,99274,100,100562,100,99189,100
2019-06-28 10:04:10.000000000,100111,160,99829,160,100124,160,99695,160,100135,160,99694,160,100244,160,99653,160,100266,160,99637,160,100270,100,99552,100,100346,100,99447,100,100423,100,99297,100,100428,100,99274,100,100562,100,99189,100
2019-06-28 10:04:20.000000000,100111,201,99829,201,100124,198,99695,198,100135,198,99694,198,100244,100,99653,100,100266,100,99637,100,100270,100,99552,100,100346,100,99447,100,100423,100,99297,100,100428,100,99274,100,100562,100,99189,100
2019-06-28 10:04:30.000000000,100111,249,99829,249,100124,249,99695,249,100135,100,99694,100,100244,100,99653,100,100266,100,99637,100,100270,100,99552,100,100346,100,99447,100,100423,100,99297,100,100428,100,99274,100,100562,100,99189,100
2019-06-28 10:04:40.000000000,100111,398,99829,398,100124,100,99695,100,100135,100,99694,100,100244,100,99653,100,100266,100,99637,100,100270,100,99552,100,100346,100,99447,100,100423,100,99297,100,100428,100,99274,100,100562,100,99189,100
2019-06-28 10:04:50.000000000,100111,174,99829,174,100124,174,99695,174,100135,174,99694,174,100244,174,99653,174,100266,100,99637,100,100270,100,99552,100,100346,100,99447,100,100423,100,99297,100,100428,100,99274,100,100562,100,99189,100
2019-06-28 10:04:52.743414517,100111,174,99829,174,100124,174,99695,174,100135,174,99694,174,100244,174,99653,174,100266,100,99637,100,100270,100,99552,100,100284,100,99447,100,100346,100,99297,100,100423,100,99274,100,100428,100,99189,100
2019-06-28 10:05:00.000000000,100111,160,99829,160,100124,160,99695,160,100135,160,99694,160,100244,160,99653,160,100266,160,99637,160,100270,100,99552,100,100284,100,99447,100,100346,100,99297,100,100423,100,99274,100,100428,100,99189,100
2019-06-28 10:05:06.494980156,100111,160,99829,160,100124,160,99695,160,100135,160,99694,160,100244,160,99653,160,100266,160,99637,260,100270,100,99552,100,100284,100,99447,100,100346,100,99297,100,100423,100,99274,100,100428,100,99189,100
2019-06-28 10:05:10.000000000,100111,174,99829,174,100124,174,99695,174,100135,174,99694,174,100244,174,99653,174,100266,100,99637,200,100270,100,99552,100,100284,100,99447,100,100346,100,99297,100,100423,100,99274,100,100428,100,99189,100
2019-06-28 10:05:15.915954847,100111,174,99846,100,100124,174,99829,174,100135,174,99695,174,100244,174,99694,174,100266,100,99653,174,100270,100,99637,200,100284,100,99552,100,100346,100,99447,100,100423,100,99297,100,100428,100,99274,100
2019-06-28 10:05:16.028254750,100067,100,99846,100,100111,174,99829,174,100124,174,99695,174,100135,174,99694,174,100244,174,99653,174,100266,100,99637,200,100270,100,99552,100,100284,100,99447,100,100346,100,99297,100,100423,100,99274,100
2019-06-28 10:05:18.053176148,100067,100,99846,100,100111,174,99829,174,100124,174,99695,174,100135,174,99694,174,100244,174,99667,100,100266,100,99653,174,100270,100,99637,200,100284,100,99552,100,100346,100,99447,100,100423,100,99297,100
2019-06-28 10:05:20.000000000,100067,174,99846,174,100111,174,99829,174,100124,174,99695,174,100135,174,99694,174,100244,100,99667,100,100266,100,99653,100,100270,100,99637,200,100284,100,99552,100,100346,100,99447,100,100423,100,99297,100
2019-06-28 10:05:21.460307368,100067,174,99846,174,100111,174,99829,174,100124,174,99742,100,100135,174,99695,174,100244,100,99694,174,100266,100,99667,100,100270,100,99653,100,100284,100,99637,200,100346,100,99552,100,100423,100,99447,100
2019-06-28 10:05:30.000000000,100067,398,99846,398,100111,100,99829,100,100124,100,99742,100,100135,100,99695,100,100244,100,99694,100,100266,100,99667,100,100270,100,99653,100,100284,100,99637,200,100346,100,99552,100,100423,100,99447,100
2019-06-28 10:05:40.000000000,100067,174,99846,174,100111,174,99829,174,100124,174,99742,174,100135,174,99695,174,100244,100,99694,100,100266,100,99667,100,100270,100,99653,100,100284,100,99637,200,100346,100,99552,100,100423,100,99447,100
2019-06-28 10:05:50.000000000,100067,201,99846,201,100111,198,99829,198,100124,198,99742,198,100135,100,99695,100,100244,100,99694,100,100266,100,99667,100,100270,100,99653,100,100284,100,99637,200,100346,100,99552,100,100423,100,99447,100
2019-06-28 10:05:58.685756567,100067,201,99846,201,100111,98,99829,198,100124,198,99798,100,100135,100,99742,198,100244,100,99695,100,100266,100,99694,100,100270,100,99667,100,100284,100,99653,100,100346,100,99637,200,100423,100,99552,100
2019-06-28 10:06:00.000000000,100067,201,99846,201,100124,198,99829,198,100135,198,99798,198,100244,100,99742,100,100266,100,99695,100,100270,100,99694,100,100284,100,99667,100,100346,100,99653,100,100423,100,99637,200,100562,100,99552,100
2019-06-28 10:06:02.535436166,100067,201,99846,201,100124,198,99829,198,100135,198,99798,198,100244,100,99742,100,100266,100,99695,100,100270,100,99667,100,100284,100,99653,100,100346,100,99637,200,100423,100,99552,100,100562,100,99447,100
2019-06-28 10:06:10.000000000,100067,174,99846,174,100124,174,99829,174,100135,174,99798,174,100244,174,99742,174,100266,100,99695,100,100270,100,99667,100,100284,100,99653,100,100346,100,99637,200,100423,100,99552,100,100562,100,99447,100
2019-06-28 10:06:12.396262594,100067,174,99846,74,100124,174,99829,174,100135,174,99798,174,100244,174,99742,174,100266,100,99695,100,100270,100,99667,100,100284,100,99653,100,100346,100,99637,200,100423,100,99581,100,100562,100,99552,100
2019-06-28 10:06:18.733016365,100067,174,99846,74,100124,174,99829,174,100135,174,99798,174,100244,174,99742,174,100266,100,99695,100,100270,100,99667,100,100284,100,99653,100,100346,100,99637,200,100423,100,99552,100,100562,100,99508,100
2019-06-28 10:06:20.000000000,100067,398,99829,398,100124,100,99798,100,100135,100,99742,100,100244,100,99695,100,100266,100,99667,100,100270,100,99653,100,100284,100,99637,200,100346,100,99552,100,100423,100,99508,100,100562,100,99447,100
2019-06-28 10:06:30.000000000,100067,201,99829,201,100124,198,99798,198,100135,198,99742,198,100244,100,99695,100,100266,100,99667,100,100270,100,99653,100,100284,100,99637,200,100346,100,99552,100,100423,100,99508,100,100562,100,99447,100
2019-06-28 10:06:38.319083751,100067,201,99829,101,100124,198,99798,198,100135,198,99742,198,100244,100,99695,100,100266,100,99667,100,100270,100,99653,100,100284,100,99637,200,100346,100,99552,100,100423,100,99508,100,100562,100,99447,100
2019-06-28 10:06:40.000000000,100067,160,99798,160,100124,160,99742,160,100135,160,99695,160,100244,160,99667,160,100266,160,99653,160,100270,100,99637,200,100284,100,99552,100,100346,100,99508,100,100423,100,99447,100,100562,100,99297,100
2019-06-28 10:06:50.000000000,100067,174,99798,174,100124,174,99742,174,100135,174,99695,174,100244,174,99667,174,100266,100,99653,100,100270,100,99637,200,100284,100,99552,100,100346,100,99508,100,100423,100,99447,100,100562,100,99297,100
2019-06-28 10:06:50.121362072,100066,100,99798,174,100067,174,99742,174,100124,174,99695,174,100135,174,99667,174,100244,174,99653,100,100266,100,99637,200,100270,100,99552,100,100284,100,99508,100,100346,100,99447,100,100423,100,99297,100
2019-06-28 10:06:58.810012545,100066,100,99798,74,100067,174,99742,174,100124,174,99695,174,100135,174,99667,174,100244,174,99653,100,100266,100,99637,100,100270,100,99552,100,100284,100,99508,100,100346,100,99447,100,100423,100,99297,100
2019-06-28 10:07:00.000000000,100066,174,99742,174,100067,174,99695,174,100124,174,99667,174,100135,174,99653,174,100244,100,99637,100,100266,100,99552,100,100270,100,99508,100,100284,100,99447,100,100346,100,99297,100,100423,100,99274,100
2019-06-28 10:07:10.000000000,100066,249,99742,249,100067,249,99695,249,100124,100,99667,100,100135,100,99653,100,100244,100,99637,100,100266,100,99552,100,100270,100,99508,100,100284,100,99447,100,100346,100,99297,100,100423,100,99274,100
2019-06-28 10:07:20.000000000,100066,398,99742,398,100067,100,99695,100,100124,100,99667,100,100135,100,99653,100,100244,100,99637,100,100266,100,99552,100,100270,100,99508,100,100284,100,99447,100,100346,100,99297,100,100423,100,99274,100
2019-06-28 10:07:23.006488359,100066,398,99742,398,100067,100,99695,100,100124,100,99667,100,100135,100,99653,100,100244,100,99637,100,100266,100,99552,100,100270,100,99508,100,100284,100,99447,100,100346,100,99351,100,100423,100,99297,100
2019-06-28 10:07:30.000000000,100066,249,99742,249,100067,249,99695,249,100124,100,99667,100,100135,100,99653,100,100244,100,99637,100,100266,100,99552,100,100270,100,99508,100,100284,100,99447,100,100346,100,99351,100,100423,100,99297,100
2019-06-28 10:07:32.072631985,99846,100,99742,249,100066,249,99695,249,100067,249,99667,100,100124,100,99653,100,100135,100,99637,100,100244,100,99552,100,100266,100,99508,100,100270,100,99447,100,100284,100,99351,100,100346,100,99297,100
2019-06-28 10:07:38.827088009,99846,200,99742,249,100066,249,99695,249,100067,249,99667,100,100124,100,99653,100,100135,100,99637,100,100244,100,99552,100,100266,100,99508,100,100270,100,99447,100,100284,100,99351,100,100346,100,99297,100
