,ask_price_1,ask_size_1,bid_price_1,bid_size_1,ask_price_2,ask_size_2,bid_price_2,bid_size_2,ask_price_3,ask_size_3,bid_price_3,bid_size_3,ask_price_4,ask_size_4,bid_price_4,bid_size_4,ask_price_5,ask_size_5,bid_price_5,bid_size_5,ask_price_6,ask_size_6,bid_price_6,bid_size_6,ask_price_7,ask_size_7,bid_price_7,bid_size_7,ask_price_8,ask_size_8,bid_price_8,bid_size_8,ask_price_9,ask_size_9,bid_price_9,bid_size_9,ask_price_10,ask_size_10,bid_price_10,bid_size_10
2019-06-28 09:30:00.000000001,100201,100,,,,,,,,,,,,,,,,,,,,,,,,,,,,,,,,,,,,,,
2019-06-28 09:30:00.000000002,100110,100,,,100201,100,,,,,,,,,,,,,,,,,,,,,,,,,,,,,,,,,,
2019-06-28 09:30:00.000000003,100056,100,,,100110,100,,,100201,100,,,,,,,,,,,,,,,,,,,,,,,,,,,,,,
2019-06-28 09:30:00.000000005,100033,100,,,100056,100,,,100110,100,,,100201,100,,,100216,100,,,,,,,,,,,,,,,,,,,,,,
2019-06-28 09:30:00.000000007,100033,100,100010,100,100056,100,,,100110,100,,,100201,100,,,100216,100,,,,,,,,,,,,,,,,,,,,,,
2019-06-28 09:30:00.000000008,100033,100,100010,100,100056,100,,,100085,100,,,100110,100,,,100201,100,,,100216,100,,,,,,,,,,,,,,,,,,
2019-06-28 09:30:00.000000009,100033,100,100010,100,100056,100,99835,100,100085,100,,,100110,100,,,100201,100,,,100216,100,,,,,,,,,,,,,,,,,,
2019-06-28 09:30:00.000000012,100033,100,100010,100,100047,100,99835,100,100056,100,,,100085,100,,,100110,100,,,100201,100,,,100216,100,,,,,,,,,,,,,,
2019-06-28 09:30:00.000000014,100033,100,100010,100,100047,100,99918,100,100056,100,99835,100,100085,100,,,100110,100,,,100201,100,,,100216,100,,,,,,,,,,,,,,
2019-06-28 09:30:00.000000015,100033,100,100010,100,100047,100,99918,100,100056,100,99835,100,100077,200,,,100085,100,,,100089,100,,,100110,100,,,100201,100,,,100216,100,,,,,,
2019-06-28 09:30:00.000000016,100033,100,100010,100,100047,100,99918,100,100056,100,99835,100,100077,200,99788,100,100085,100,,,100089,100,,,100110,100,,,100201,100,,,100216,100,,,,,,
2019-06-28 09:30:00.000000018,100033,100,100010,100,100047,100,99918,100,100056,100,99835,100,100077,200,99788,100,100085,100,,,100089,100,,,100110,100,,,100158,100,,,100201,100,,,100216,100,,
2019-06-28 09:30:00.000000020,100022,100,100010,100,100033,100,99918,100,100047,100,99897,100,100056,100,99835,100,100077,200,99788,100,100085,100,,,100089,100,,,100110,100,,,100158,100,,,100201,100,,
2019-06-28 09:30:00.000000021,100033,100,100010,100,100047,100,99918,100,100056,100,99897,100,100077,200,99835,100,100085,100,99788,100,100089,100,,,100110,100,,,100158,100,,,100201,100,,,100216,100,,
2019-06-28 09:30:00.000000022,100033,100,100010,100,100047,100,99918,100,100056,100,99897,100,100065,100,99835,100,100077,200,99788,100,100085,100,,,100086,100,,,100089,100,,,100110,100,,,100158,100,,
2019-06-28 09:30:00.000000024,100033,100,100010,100,100047,100,99918,100,100056,100,99897,100,100065,100,99859,100,100077,200,99835,100,100085,100,99788,100,100086,100,,,100089,100,,,100110,100,,,100158,100,,
2019-06-28 09:30:00.000000026,100033,100,100010,100,100047,100,99932,100,100056,100,99918,100,100065,100,99897,100,100077,200,99859,100,100085,100,99835,100,100086,100,99788,100,100089,100,,,100110,100,,,100158,100,,
2019-06-28 09:30:00.000000029,100033,100,100010,100,100047,100,99932,100,100056,100,99918,100,100065,100,99897,100,100069,100,99859,100,100077,200,99835,100,100085,100,99788,100,100086,100,,,100089,100,,,100110,100,,
2019-06-28 09:30:00.000000030,100033,100,100010,100,100047,100,99932,100,100056,100,99918,100,100065,100,99897,100,100069,100,99870,100,100077,200,99859,100,100085,100,99835,100,100086,100,99788,100,100089,100,,,100110,100,,
2019-06-28 09:30:00.000000033,100033,100,100010,100,100047,100,99932,100,100056,100,99918,100,100065,100,99914,100,100069,100,99897,100,100077,200,99870,100,100085,100,99859,100,100086,100,99835,100,100089,100,99788,100,100110,100,,
2019-06-28 09:30:00.000000036,100033,100,99932,100,100047,100,99918,100,100056,100,99914,100,100065,100,99897,100,100069,100,99870,100,100077,200,99859,100,100085,100,99835,100,100086,100,99788,100,100089,100,,,100110,100,,
2019-06-28 09:30:00.000000038,100033,100,99985,100,100047,100,99932,100,100056,100,99918,100,100065,100,99914,100,100069,100,99897,100,100077,200,99870,100,100085,100,99859,100,100086,100,99835,100,100089,100,99788,100,100110,100,,
2019-06-28 09:30:00.000000040,100022,100,99985,100,100033,100,99932,100,100047,100,99918,100,100056,100,99914,100,100065,100,99897,100,100069,100,99870,100,100077,200,99859,100,100085,100,99835,100,100086,100,99788,100,100089,100,,
2019-06-28 09:30:00.000000043,100022,200,99985,100,100033,100,99932,100,100047,100,99918,100,100056,100,99914,100,100065,100,99897,100,100069,100,99870,100,100077,200,99859,100,100085,100,99835,100,100086,100,99788,100,100089,100,,
2019-06-28 09:30:00.000000044,100022,200,99985,100,100033,100,99932,100,100047,100,99918,100,100056,200,99914,100,100065,100,99897,100,100069,100,99870,100,100077,200,99859,100,100085,100,99835,100,100086,100,99788,100,100089,100,,
2019-06-28 09:30:00.000000049,100022,200,100010,100,100033,100,99985,100,100047,100,99932,100,100056,200,99918,100,100065,100,99914,100,100069,100,99897,100,100077,200,99870,100,100085,100,99859,100,100086,100,99835,100,100089,100,99788,100
2019-06-28 09:30:00.000000050,100022,200,100010,100,100033,100,99985,100,100047,100,99977,100,100056,200,99932,100,100065,100,99918,100,100069,100,99914,100,100077,200,99897,100,100085,100,99870,100,100086,100,99859,100,100089,100,99835,100
2019-06-28 09:30:00.000000051,100022,200,100010,100,100033,100,99985,100,100047,100,99977,100,100056,200,99932,100,100065,100,99918,100,100069,100,99914,100,100077,200,99897,100,100085,100,99870,100,100086,100,99859,100,100089,100,99835,100
2019-06-28 09:30:00.000000052,100022,200,100010,100,100033,100,100008,100,100047,100,99985,100,100056,200,99977,100,100065,100,99932,100,100069,100,99918,100,100077,200,99914,100,100085,100,99897,100,100086,100,99870,100,100089,100,99859,100
2019-06-28 09:30:00.000000057,100022,300,100010,100,100033,100,100008,100,100047,100,99985,100,100056,200,99977,100,100065,100,99971,100,100069,100,99932,100,100077,200,99918,100,100085,100,99914,100,100086,100,99897,100,100089,100,99870,100
2019-06-28 09:30:00.000000058,100022,300,100008,100,100033,100,99985,100,100047,100,99977,100,100056,200,99971,100,100065,100,99932,100,100069,100,99918,100,100077,200,99914,100,100085,100,99897,100,100086,100,99870,100,100089,100,99859,100
2019-06-28 09:30:00.000000059,100022,300,100008,100,100033,100,99985,100,100047,100,99983,100,100056,200,99977,100,100065,100,99971,100,100069,100,99932,100,100077,200,99918,100,100085,100,99914,100,100086,100,99897,100,100089,100,99870,100
2019-06-28 09:30:00.000000060,100010,100,100008,100,100022,300,99985,100,100033,100,99983,100,100047,100,99977,100,100056,200,99971,100,100065,100,99932,100,100069,100,99918,100,100077,200,99914,100,100085,100,99897,100,100086,100,99870,100
2019-06-28 09:30:00.000000064,100010,100,99985,100,100022,300,99983,100,100033,100,99977,100,100047,100,99971,100,100056,200,99932,100,100065,100,99918,200,100069,100,99914,100,100077,200,99897,100,100085,100,99870,100,100086,100,99859,100
2019-06-28 09:30:00.000000066,100010,100,99985,100,100022,300,99983,100,100033,100,99977,100,100047,100,99976,100,100056,200,99971,100,100065,100,99932,100,100069,100,99918,200,100077,200,99914,100,100085,100,99897,100,100086,100,99870,100
2019-06-28 09:30:00.000000067,100010,100,99985,100,100022,300,99983,100,100033,100,99977,100,100047,100,99976,100,100056,200,99971,100,100065,100,99932,100,100069,100,99918,200,100077,200,99914,100,100085,100,99897,100,100086,100,99880,100
2019-06-28 09:30:00.000000068,100010,100,100004,100,100022,300,99985,100,100033,100,99983,100,100047,100,99977,100,100056,200,99976,100,100065,100,99971,100,100069,100,99932,100,100077,200,99918,200,100085,100,99914,100,100086,100,99897,100
2019-06-28 09:30:00.000000069,100010,100,100004,100,100022,300,99985,100,100033,100,99983,100,100047,100,99977,100,100056,200,99976,100,100065,100,99971,100,100069,100,99965,100,100077,200,99932,100,100085,100,99918,200,100086,100,99914,100
2019-06-28 09:30:00.000000071,100010,100,100008,100,100022,300,100004,100,100033,100,99985,100,100047,100,99983,100,100056,200,99977,100,100065,100,99976,100,100069,100,99971,100,100077,200,99965,100,100085,100,99932,100,100086,100,99918,200
2019-06-28 09:30:00.000000073,100010,100,100004,100,100022,300,99985,100,100033,100,99983,100,100047,100,99977,100,100056,200,99976,100,100065,100,99971,100,100069,100,99965,100,100077,200,99932,100,100085,100,99918,200,100086,100,99914,100
2019-06-28 09:30:00.000000078,100008,100,99985,100,100010,100,99983,100,100022,300,99977,100,100033,100,99976,100,100047,100,99971,100,100056,200,99965,100,100065,100,99932,100,100069,100,99918,200,100077,200,99914,100,100085,100,99897,100
2019-06-28 09:30:00.000000079,100008,100,99985,100,100010,100,99983,100,100022,300,99977,100,100033,100,99976,100,100047,100,99971,100,100056,200,99970,100,100065,100,99965,100,100069,100,99932,100,100077,200,99918,200,100085,100,99914,100
2019-06-28 09:30:00.000000080,100008,100,99985,100,100010,100,99983,100,100022,300,99977,100,100033,100,99976,100,100047,100,99971,100,100056,200,99970,100,100065,100,99965,100,100069,100,99932,100,100077,200,99918,200,100085,100,99914,100
2019-06-28 09:30:00.000000081,100008,100,99985,100,100010,100,99983,100,100022,300,99977,100,100033,100,99976,100,100047,100,99971,100,100056,200,99970,100,100065,100,99965,100,100069,100,99932,100,100077,200,99918,200,100085,100,99914,100
2019-06-28 09:30:00.000000084,100008,100,99985,100,100010,100,99983,100,100022,300,99977,100,100033,100,99976,100,100047,100,99971,100,100056,200,99970,100,100065,100,99965,100,100069,100,99932,100,100077,200,99918,200,100083,100,99914,100
2019-06-28 09:30:00.000000085,100008,100,99985,100,100010,100,99983,100,100022,300,99977,100,100033,100,99976,100,100047,100,99971,100,100056,200,99970,100,100065,100,99965,100,100069,100,99932,100,100077,200,99918,200,100083,100,99914,100
2019-06-28 09:30:00.000000088,100008,100,100004,100,100010,100,99985,100,100022,300,99983,100,100033,100,99977,100,100047,100,99976,100,100056,200,99971,100,100065,100,99970,100,100069,100,99965,100,100077,200,99932,100,100083,100,99918,200
2019-06-28 09:30:00.000000089,100008,100,100004,100,100010,100,99985,100,100022,300,99983,100,100033,100,99977,100,100047,100,99976,100,100056,200,99971,100,100065,100,99970,100,100069,100,99965,100,100073,100,99932,100,100077,200,99918,200
2019-06-28 09:30:00.000000090,100008,100,100004,100,100010,100,99985,100,100022,300,99983,100,100033,100,99977,100,100047,100,99976,100,100056,200,99971,100,100065,100,99970,100,100069,100,99965,100,100071,100,99932,100,100073,100,99918,200
2019-06-28 09:30:00.000000091,100008,100,100004,100,100010,100,99985,100,100022,300,99983,100,100033,100,99977,100,100047,100,99976,100,100056,200,99971,100,100065,100,99970,100,100069,100,99965,100,100071,100,99932,100,100073,100,99918,200
2019-06-28 09:30:00.000000093,100008,100,100004,100,100010,100,99985,100,100022,300,99983,100,100033,100,99977,100,100047,100,99976,100,100056,200,99971,100,100065,100,99970,100,100069,100,99965,100,100071,100,99948,100,100073,100,99932,100
2019-06-28 09:30:00.000000094,100008,100,100004,100,100010,100,99985,100,100022,300,99983,100,100033,100,99977,100,100034,100,99976,100,100047,100,99971,100,100056,200,99970,100,100065,100,99965,100,100069,100,99948,100,100071,100,99932,100
2019-06-28 09:30:00.000000097,100008,100,100004,200,100010,100,99985,100,100022,300,99983,100,100033,100,99977,100,100034,100,99976,100,100047,100,99971,100,100056,200,99970,100,100065,100,99965,100,100069,100,99948,100,100071,100,99932,100
2019-06-28 09:30:00.000000098,100008,100,100004,200,100010,100,100002,100,100022,300,99985,100,100033,100,99983,100,100034,100,99977,100,100047,100,99976,100,100056,200,99971,100,100065,100,99970,100,100069,100,99965,100,100071,100,99948,100
2019-06-28 09:30:10.000000000,100008,166,100004,266,100010,166,100002,166,100022,366,99985,166,100033,166,99983,166,100034,100,99977,100,100047,100,99976,100,100056,200,99971,100,100065,100,99970,100,100069,100,99965,100,100071,100,99948,100
2019-06-28 09:30:20.000000000,100008,166,100004,266,100010,166,100002,166,100022,366,99985,166,100033,166,99983,166,100034,100,99977,100,100047,100,99976,100,100056,200,99971,100,100065,100,99970,100,100069,100,99965,100,100071,100,99948,100
2019-06-28 09:30:30.000000000,100008,362,100004,462,100010,100,100002,100,100022,300,99985,100,100033,100,99983,100,100034,100,99977,100,100047,100,99976,100,100056,200,99971,100,100065,100,99970,100,100069,100,99965,100,100071,100,99948,100
2019-06-28 09:30:40.000000000,100008,152,100004,252,100010,152,100002,152,100022,352,99985,152,100033,152,99983,152,100034,152,99977,152,100047,100,99976,100,100056,200,99971,100,100065,100,99970,100,100069,100,99965,100,100071,100,99948,100
2019-06-28 09:30:50.000000000,100008,166,100004,266,100010,166,100002,166,100022,366,99985,166,100033,166,99983,166,100034,100,99977,100,100047,100,99976,100,100056,200,99971,100,100065,100,99970,100,100069,100,99965,100,100071,100,99948,100
2019-06-28 09:31:00.000000000,100008,189,100004,289,100010,186,100002,186,100022,386,99985,186,100033,100,99983,100,100034,100,99977,100,100047,100,99976,100,100056,200,99971,100,100065,100,99970,100,100069,100,99965,100,100071,100,99948,100
2019-06-28 09:31:05.178273778,100008,89,100004,289,100010,186,100002,186,100022,386,99985,186,100033,100,99983,100,100034,100,99977,100,100047,100,99976,100,100056,200,99971,100,100065,100,99970,100,100069,100,99965,100,100071,100,99948,100
2019-06-28 09:31:10.000000000,100010,189,100004,289,100022,386,100002,186,100033,186,99985,186,100034,100,99983,100,100047,100,99977,100,100056,200,99976,100,100065,100,99971,100,100069,100,99970,100,100071,100,99965,100,100077,200,99948,100
2019-06-28 09:31:10.470001789,100010,89,100004,289,100022,386,100002,186,100033,186,99985,186,100034,100,99983,100,100047,100,99977,100,100056,200,99976,100,100065,100,99971,100,100069,100,99970,100,100071,100,99965,100,100077,200,99932,100
2019-06-28 09:31:15.116077673,100010,89,100004,289,100022,386,100002,186,100033,186,99985,186,100034,100,99983,100,100056,200,99977,100,100065,100,99976,100,100069,100,99971,100,100071,100,99970,100,100077,200,99965,100,100083,100,99932,100
2019-06-28 09:31:20.000000000,100022,389,100004,289,100033,186,100002,186,100034,186,99985,186,100056,200,99983,100,100065,100,99977,100,100069,100,99976,100,100071,100,99971,100,100077,200,99970,100,100083,100,99965,100,100085,100,99932,100
2019-06-28 09:31:30.000000000,100022,562,100004,462,100033,100,100002,100,100034,100,99985,100,100056,200,99983,100,100065,100,99977,100,100069,100,99976,100,100071,100,99971,100,100077,200,99970,100,100083,100,99965,100,100085,100,99932,100
2019-06-28 09:31:33.642687207,100022,562,100008,100,100033,100,100004,362,100034,100,100002,100,100056,200,99985,100,100065,100,99983,100,100069,100,99977,100,100071,100,99976,100,100077,200,99971,100,100083,100,99970,100,100085,100,99965,100
2019-06-28 09:31:34.118774491,100022,562,100008,200,100033,100,100004,262,100034,100,100002,100,100056,200,99985,100,100065,100,99983,100,100069,100,99977,100,100071,100,99976,100,100077,200,99971,100,100083,100,99970,100,100085,100,99965,100
2019-06-28 09:31:40.000000000,100022,431,100008,331,100033,231,100002,231,100034,100,99985,100,100056,200,99983,100,100065,100,99977,100,100069,100,99976,100,100071,100,99971,100,100077,200,99970,100,100083,100,99965,100,100085,100,99932,100
2019-06-28 09:31:46.664755748,100022,331,100008,331,100033,231,100002,231,100034,100,99985,100,100056,200,99983,100,100069,100,99977,100,100071,100,99976,100,100077,200,99971,100,100083,100,99970,100,100085,100,99965,100,100086,100,99932,100
2019-06-28 09:31:49.148407857,100022,231,100008,331,100033,231,100002,231,100034,100,99985,100,100056,200,99983,100,100069,100,99977,100,100071,100,99976,100,100077,200,99971,100,100083,100,99970,100,100085,100,99965,100,100086,100,99932,100
2019-06-28 09:31:50.000000000,100022,166,100008,266,100033,166,100002,166,100034,166,99985,166,100056,266,99983,166,100069,100,99977,100,100071,100,99976,100,100077,200,99971,100,100083,100,99970,100,100085,100,99965,100,100086,100,99932,100
2019-06-28 09:31:55.755786353,100022,166,100008,266,100033,166,100002,166,100034,166,99985,166,100056,266,99983,166,100069,100,99977,100,100071,100,99976,100,100077,200,99971,100,100083,100,99970,100,100085,100,99965,100,100086,100,99932,100
2019-06-28 09:32:00.000000000,100022,231,100008,331,100033,231,100002,231,100034,100,99985,100,100056,200,99983,100,100069,100,99977,100,100071,100,99976,100,100077,200,99971,100,100083,100,99970,100,100085,100,99965,100,100086,100,99932,100
2019-06-28 09:32:10.000000000,100022,231,100008,331,100033,231,100002,231,100034,100,99985,100,100056,200,99983,100,100069,100,99977,100,100071,100,99976,100,100077,200,99971,100,100083,100,99970,100,100085,100,99965,100,100086,100,99932,100
2019-06-28 09:32:20.000000000,100022,231,100008,331,100033,231,100002,231,100034,100,99985,100,100056,200,99983,100,100069,100,99977,100,100071,100,99976,100,100077,200,99971,100,100083,100,99970,100,100085,100,99965,100,100086,100,99932,100
2019-06-28 09:32:28.059900005,100022,231,100008,231,100033,231,100002,231,100034,100,99985,100,100056,200,99983,100,100069,100,99977,100,100071,100,99976,100,100077,200,99971,100,100083,100,99970,100,100085,100,99965,100,100086,100,99932,100
2019-06-28 09:32:30.000000000,100022,231,100008,231,100033,231,100002,231,100034,100,99985,100,100056,200,99983,100,100069,100,99977,100,100071,100,99976,100,100077,200,99971,100,100083,100,99970,100,100085,100,99965,100,100086,100,99932,100
2019-06-28 09:32:30.916713247,100022,231,100008,231,100033,231,100002,231,100034,100,99985,100,100056,200,99983,100,100069,100,99977,100,100071,100,99976,100,100077,200,99971,100,100083,100,99970,100,100085,100,99965,100,100086,100,99932,100
2019-06-28 09:32:32.596500138,100022,131,100008,231,100033,231,100002,231,100034,100,99985,100,100056,200,99983,100,100069,100,99977,100,100071,100,99976,100,100077,200,99971,100,100083,100,99970,100,100085,100,99965,100,100086,100,99932,100
2019-06-28 09:32:40.000000000,100033,231,100008,231,100034,231,100002,231,100056,200,99985,100,100069,100,99983,100,100071,100,99977,100,100077,200,99976,100,100083,100,99971,100,100085,100,99970,100,100086,100,99965,100,100089,100,99932,100
2019-06-28 09:32:50.000000000,100033,362,100008,362,100034,100,100002,100,100056,200,99985,100,100069,100,99983,100,100071,100,99977,100,100077,200,99976,100,100083,100,99971,100,100085,100,99970,100,100086,100,99965,100,100089,100,99932,100
2019-06-28 09:32:58.845055968,100033,362,100008,362,100034,100,100002,100,100056,200,99985,100,100069,100,99983,100,100071,100,99977,100,100077,200,99976,100,100083,100,99971,100,100085,100,99970,100,100086,100,99965,100,100089,100,99932,100
2019-06-28 09:33:00.000000000,100033,231,100008,231,100034,231,100002,231,100056,200,99985,100,100069,100,99983,100,100071,100,99977,100,100077,200,99976,100,100083,100,99971,100,100085,100,99970,100,100086,100,99965,100,100089,100,99932,100
2019-06-28 09:33:00.821857489,100033,231,100008,231,100034,231,100002,231,100056,200,99985,100,100069,100,99983,100,100071,100,99977,100,100077,200,99976,100,100083,100,99971,100,100085,100,99970,100,100086,100,99965,100,100089,100,99918,100
2019-06-28 09:33:02.880795490,100033,131,100008,231,100034,231,100002,231,100056,200,99985,100,100069,100,99983,100,100071,100,99977,100,100077,200,99976,100,100083,100,99971,100,100085,100,99970,100,100086,100,99965,100,100089,100,99918,100
2019-06-28 09:33:10.000000000,100034,362,100008,362,100056,200,100002,100,100069,100,99985,100,100071,100,99983,100,100077,200,99977,100,100083,100,99976,100,100085,100,99971,100,100086,100,99970,100,100089,100,99965,100,100097,100,99918,100
2019-06-28 09:33:20.000000000,100034,189,100008,189,100056,286,100002,186,100069,186,99985,186,100071,100,99983,100,100077,200,99977,100,100083,100,99976,100,100085,100,99971,100,100086,100,99970,100,100089,100,99965,100,100097,100,99918,100
2019-06-28 09:33:20.153505995,100034,89,100008,189,100056,286,100002,186,100069,186,99985,186,100071,100,99983,100,100077,200,99977,100,100083,100,99976,100,100085,100,99971,100,100086,100,99970,100,100089,100,99965,100,100097,100,99918,100
2019-06-28 09:33:30.000000000,100056,331,100008,231,100069,231,100002,231,100071,100,99985,100,100077,200,99983,100,100083,100,99977,100,100085,100,99976,100,100086,100,99971,100,100089,100,99970,100,100097,100,99965,100,100110,200,99918,100
2019-06-28 09:33:39.966639712,100056,331,100008,231,100069,231,100002,231,100071,100,99985,100,100077,200,99983,100,100083,100,99977,100,100085,100,99976,100,100086,100,99971,100,100089,100,99970,100,100097,100,99965,100,100110,200,99918,100
2019-06-28 09:33:40.000000000,100056,289,100008,189,100069,186,100002,186,100071,186,99985,186,100077,200,99983,100,100083,100,99977,100,100085,100,99976,100,100086,100,99971,100,100089,100,99970,100,100097,100,99965,100,100110,200,99918,100
2019-06-28 09:33:43.667688581,100056,189,100008,189,100069,186,100002,186,100071,186,99985,186,100077,200,99983,100,100083,100,99977,100,100085,100,99976,100,100086,100,99971,100,100089,100,99970,100,100097,100,99965,100,100110,200,99918,100
2019-06-28 09:33:50.000000000,100056,166,100008,166,100069,166,100002,166,100071,166,99985,166,100077,266,99983,166,100083,100,99977,100,100085,100,99976,100,100086,100,99971,100,100089,100,99970,100,100097,100,99965,100,100110,200,99918,100
2019-06-28 09:34:00.000000000,100056,166,100008,166,100069,166,100002,166,100071,166,99985,166,100077,266,99983,166,100083,100,99977,100,100085,100,99976,100,100086,100,99971,100,100089,100,99970,100,100097,100,99965,100,100110,200,99918,100
2019-06-28 09:34:10.000000000,100056,152,100008,152,100069,152,100002,152,100071,152,99985,152,100077,252,99983,152,100083,152,99977,152,100085,100,99976,100,100086,100,99971,100,100089,100,99970,100,100097,100,99965,100,100110,200,99918,100
2019-06-28 09:34:18.190388805,100056,152,100034,100,100069,152,100008,152,100071,152,100002,152,100077,252,99985,152,100083,152,99983,152,100085,100,99977,152,100086,100,99976,100,100089,100,99971,100,100097,100,99970,100,100110,200,99965,100
2019-06-28 09:34:20.000000000,100056,152,100034,152,100069,152,100008,152,100071,152,100002,152,100077,252,99985,152,100083,152,99983,152,100085,100,99977,100,100086,100,99976,100,100089,100,99971,100,100097,100,99970,100,100110,200,99965,100
2019-06-28 09:34:22.283018040,100056,52,100034,152,100069,152,100008,152,100071,152,100002,152,100077,252,99985,152,100083,152,99983,152,100085,100,99977,100,100086,100,99976,100,100089,100,99971,100,100097,100,99970,100,100110,200,99965,100
2019-06-28 09:34:30.000000000,100069,231,100034,231,100071,231,100008,231,100077,200,100002,100,100083,100,99985,100,100085,100,99983,100,100086,100,99977,100,100089,100,99976,100,100097,100,99971,100,100110,200,99970,100,100158,100,99965,100
2019-06-28 09:34:30.207706634,100069,231,100034,231,100071,231,100008,231,100077,200,100002,100,100083,100,99985,100,100085,100,99983,100,100086,100,99977,100,100089,100,99976,100,100097,100,99971,100,100110,200,99970,100,100158,100,99965,100
2019-06-28 09:34:40.000000000,100069,152,100034,152,100071,152,100008,152,100077,252,100002,152,100083,152,99985,152,100085,152,99983,152,100086,100,99977,100,100089,100,99976,100,100097,100,99971,100,100110,200,99970,100,100158,100,99965,100
2019-06-28 09:34:50.000000000,100069,166,100034,166,100071,166,100008,166,100077,266,100002,166,100083,166,99985,166,100085,100,99983,100,100086,100,99977,100,100089,100,99976,100,100097,100,99971,100,100110,200,99970,100,100158,100,99965,100
2019-06-28 09:35:00.000000000,100069,189,100034,189,100071,186,100008,186,100077,286,100002,186,100083,100,99985,100,100085,100,99983,100,100086,100,99977,100,100089,100,99976,100,100097,100,99971,100,100110,200,99970,100,100158,100,99965,100
2019-06-28 09:35:01.752305218,100069,189,100056,100,100071,186,100034,189,100077,286,100008,186,100083,100,100002,186,100085,100,99985,100,100089,100,99983,100,100097,100,99977,100,100110,200,99976,100,100158,100,99971,100,100216,100,99970,100
2019-06-28 09:35:02.396415250,100069,189,100056,100,100071,186,100034,189,100077,286,100008,186,100083,100,100002,186,100085,100,99985,100,100089,100,99983,100,100097,100,99977,100,100110,200,99976,100,100158,100,99971,100,100216,100,99970,100
2019-06-28 09:35:06.463499224,100069,189,100056,100,100071,186,100034,189,100077,286,100008,186,100083,100,100002,186,100085,100,99985,100,100089,100,99983,100,100097,100,99976,100,100110,200,99971,100,100158,100,99970,100,100216,100,99965,100
2019-06-28 09:35:10.000000000,100069,362,100056,362,100071,100,100034,100,100077,200,100008,100,100083,100,100002,100,100085,100,99985,100,100089,100,99983,100,100097,100,99976,100,100110,200,99971,100,100158,100,99970,100,100216,100,99965,100
2019-06-28 09:35:20.000000000,100069,166,100056,166,100071,166,100034,166,100077,266,100008,166,100083,166,100002,166,100085,100,99985,100,100089,100,99983,100,100097,100,99976,100,100110,200,99971,100,100158,100,99970,100,100216,100,99965,100
2019-06-28 09:35:30.000000000,100069,231,100056,231,100071,231,100034,231,100077,200,100008,100,100083,100,100002,100,100085,100,99985,100,100089,100,99983,100,100097,100,99976,100,100110,200,99971,100,100158,100,99970,100,100216,100,99965,100
2019-06-28 09:35:40.000000000,100069,166,100056,166,100071,166,100034,166,100077,266,100008,166,100083,166,100002,166,100085,100,99985,100,100089,100,99983,100,100097,100,99976,100,100110,200,99971,100,100158,100,99970,100,100216,100,99965,100
2019-06-28 09:35:47.651800274,100069,166,100056,166,100071,166,100034,166,100077,266,100008,166,100083,166,100002,166,100085,100,99985,100,100089,100,99983,100,100110,200,99976,100,100158,100,99971,100,100216,100,99970,100,100474,100,99965,100
2019-06-28 09:35:47.897315939,100069,166,100056,166,100071,166,100034,166,100077,266,100008,166,100083,166,100002,166,100085,100,99985,100,100089,100,99983,100,100110,200,99976,100,100158,100,99971,100,100216,100,99970,100,100474,100,99965,100
2019-06-28 09:35:50.000000000,100069,362,100056,362,100071,100,100034,100,100077,200,100008,100,100083,100,100002,100,100085,100,99985,100,100089,100,99983,100,100110,200,99976,100,100158,100,99971,100,100216,100,99970,100,100474,100,99965,100
2019-06-28 09:36:00.000000000,100069,362,100056,362,100071,100,100034,100,100077,200,100008,100,100083,100,100002,100,100085,100,99985,100,100089,100,99983,100,100110,200,99976,100,100158,100,99971,100,100216,100,99970,100,100474,100,99965,100
2019-06-28 09:36:00.947918959,100069,362,100056,362,100071,100,100034,100,100077,100,100008,100,100083,100,100002,100,100085,100,99985,100,100089,100,99983,100,100110,200,99976,100,100158,100,99971,100,100216,100,99970,100,100474,100,99965,100
2019-06-28 09:36:10.000000000,100069,231,100056,231,100071,231,100034,231,100077,100,100008,100,100083,100,100002,100,100085,100,99985,100,100089,100,99983,100,100110,200,99976,100,100158,100,99971,100,100216,100,99970,100,100474,100,99965,100
2019-06-28 09:36:11.962130965,100069,131,100056,231,100071,231,100034,231,100077,100,100008,100,100083,100,100002,100,100085,100,99985,100,100089,100,99983,100,100110,200,99976,100,100158,100,99970,100,100216,100,99965,100,100474,100,99918,100
2019-06-28 09:36:20.000000000,100071,166,100056,166,100077,166,100034,166,100083,166,100008,166,100085,166,100002,166,100089,100,99985,100,100110,200,99983,100,100158,100,99976,100,100216,100,99970,100,100474,100,99965,100,100603,100,99918,100
2019-06-28 09:36:29.677103438,100071,166,100056,166,100077,166,100034,66,100083,166,100008,166,100085,166,100002,166,100089,100,99985,100,100110,200,99983,100,100158,100,99976,100,100216,100,99970,100,100474,100,99965,100,100603,100,99918,100
2019-06-28 09:36:30.000000000,100071,166,100056,166,100077,166,100008,166,100083,166,100002,166,100085,166,99985,166,100089,100,99983,100,100110,200,99976,100,100158,100,99970,100,100216,100,99965,100,100474,100,99918,100,100603,100,99903,100
2019-06-28 09:36:34.636956165,100071,166,100056,166,100077,166,100008,166,100083,166,100002,166,100085,166,99985,166,100089,100,99983,100,100110,200,99976,100,100158,100,99970,100,100216,100,99965,100,100474,100,99918,100,100603,100,99903,100
2019-06-28 09:36:38.877314895,100071,166,100056,166,100077,166,100008,166,100083,166,100002,166,100085,166,99985,166,100089,100,99983,100,100110,200,99976,100,100158,100,99970,100,100216,100,99965,100,100474,100,99918,100,100603,100,99903,100
2019-06-28 09:36:40.000000000,100071,166,100056,166,100077,166,100008,166,100083,166,100002,166,100085,166,99985,166,100089,100,99983,100,100110,200,99976,100,100158,100,99970,100,100216,100,99965,100,100474,100,99918,100,100603,100,99903,100
2019-06-28 09:36:43.471178201,100071,66,100056,166,100077,166,100008,166,100083,166,100002,166,100085,166,99985,166,100089,100,99983,100,100110,200,99976,100,100158,100,99970,100,100216,100,99965,100,100474,100,99918,100,100603,100,99903,100
2019-06-28 09:36:50.000000000,100077,152,100056,152,100083,152,100008,152,100085,152,100002,152,100089,152,99985,152,100110,252,99983,152,100158,100,99976,100,100216,100,99970,100,100474,100,99965,100,100603,100,99918,100,100633,100,99903,100
2019-06-28 09:37:00.000000000,100077,152,100056,152,100083,152,100008,152,100085,152,100002,152,100089,152,99985,152,100110,252,99983,152,100158,100,99976,100,100216,100,99970,100,100474,100,99965,100,100603,100,99918,100,100633,100,99903,100
2019-06-28 09:37:10.000000000,100077,362,100056,362,100083,100,100008,100,100085,100,100002,100,100089,100,99985,100,100110,200,99983,100,100158,100,99976,100,100216,100,99970,100,100474,100,99965,100,100603,100,99918,100,100633,100,99903,100
2019-06-28 09:37:20.000000000,100077,166,100056,166,100083,166,100008,166,100085,166,100002,166,100089,166,99985,166,100110,200,99983,100,100158,100,99976,100,100216,100,99970,100,100474,100,99965,100,100603,100,99918,100,100633,100,99903,100
2019-06-28 09:37:24.019962995,100077,66,100056,166,100083,166,100008,166,100085,66,100002,166,100089,166,99985,166,100110,200,99983,100,100158,100,99976,100,100216,100,99970,100,100474,100,99965,100,100603,100,99918,100,100633,100,99903,100
2019-06-28 09:37:30.000000000,100083,152,100056,152,100089,152,100008,152,100110,252,100002,152,100158,152,99985,152,100216,152,99983,152,100474,100,99976,100,100603,100,99970,100,100633,100,99965,100,100802,100,99918,100,100816,100,99903,100
2019-06-28 09:37:38.785916070,100083,52,100056,152,100089,152,100008,152,100110,252,100002,152,100158,152,99985,152,100216,152,99983,152,100474,100,99976,100,100603,100,99970,100,100633,100,99965,100,100802,100,99918,100,100816,100,99903,100
2019-06-28 09:37:40.000000000,100089,166,100056,166,100110,266,100008,166,100158,166,100002,166,100216,166,99985,166,100474,100,99983,100,100603,100,99976,100,100633,100,99970,100,100802,100,99965,100,100816,100,99918,100,100844,100,99903,100
2019-06-28 09:37:43.179730237,100089,166,100056,166,100110,266,100008,166,100158,166,100002,166,100216,166,99985,166,100306,100,99983,100,100474,100,99976,100,100603,100,99970,100,100633,100,99965,100,100802,100,99918,100,100816,100,99903,100
2019-06-28 09:37:43.437435192,100089,66,100056,166,100110,266,100008,166,100158,166,100002,166,100216,166,99985,166,100306,100,99983,100,100474,100,99976,100,100603,100,99970,100,100633,100,99965,100,100816,100,99918,100,100844,100,99903,100
2019-06-28 09:37:50.000000000,100110,266,100056,166,100158,166,100008,166,100216,166,100002,166,100306,166,99985,166,100474,100,99983,100,100603,100,99976,100,100633,100,99970,100,100816,100,99965,100,100844,100,99918,100,100854,100,99903,100
2019-06-28 09:38:00.000000000,100110,331,100056,231,100158,231,100008,231,100216,100,100002,100,100306,100,99985,100,100474,100,99983,100,100603,100,99976,100,100633,100,99970,100,100816,100,99965,100,100844,100,99918,100,100854,100,99903,100
2019-06-28 09:38:00.936803676,100110,231,100056,231,100158,231,100008,231,100216,100,100002,100,100306,100,99985,100,100474,100,99983,100,100603,100,99976,100,100633,100,99970,100,100816,100,99965,100,100844,100,99918,100,100854,100,99903,100
2019-06-28 09:38:02.695108696,100110,231,100089,100,100158,231,100056,231,100216,100,100008,231,100306,100,100002,100,100474,100,99985,100,100603,100,99983,100,100633,100,99976,100,100816,100,99970,100,100844,100,99965,100,100854,100,99918,100
2019-06-28 09:38:10.000000000,100110,362,100089,362,100158,100,100056,100,100216,100,100008,100,100306,100,100002,100,100474,100,99985,100,100603,100,99983,100,100633,100,99976,100,100816,100,99970,100,100844,100,99965,100,100854,100,99918,100
2019-06-28 09:38:20.000000000,100110,166,100089,166,100158,166,100056,166,100216,166,100008,166,100306,166,100002,166,100474,100,99985,100,100603,100,99983,100,100633,100,99976,100,100816,100,99970,100,100844,100,99965,100,100854,100,99918,100
2019-06-28 09:38:26.928857962,100110,166,100089,166,100158,166,100056,166,100216,166,100008,166,100306,166,100002,166,100474,100,99985,100,100603,100,99983,100,100633,100,99976,100,100807,100,99970,100,100816,100,99965,100,100844,100,99918,100
2019-06-28 09:38:30.000000000,100110,189,100089,189,100158,186,100056,186,100216,186,100008,186,100306,100,100002,100,100474,100,99985,100,100603,100,99983,100,100633,100,99976,100,100807,100,99970,100,100816,100,99965,100,100844,100,99918,100
2019-06-28 09:38:30.152178560,100110,189,100089,189,100158,186,100056,86,100216,186,100008,186,100306,100,100002,100,100474,100,99985,100,100603,100,99983,100,100633,100,99976,100,100807,100,99970,100,100816,100,99965,100,100844,100,99918,100
2019-06-28 09:38:40.000000000,100110,189,100089,189,100158,186,100008,186,100216,186,100002,186,100306,100,99985,100,100474,100,99983,100,100603,100,99976,100,100633,100,99970,100,100807,100,99965,100,100816,100,99918,100,100844,100,99903,100
2019-06-28 09:38:50.000000000,100110,189,100089,189,100158,186,100008,186,100216,186,100002,186,100306,100,99985,100,100474,100,99983,100,100603,100,99976,100,100633,100,99970,100,100807,100,99965,100,100816,100,99918,100,100844,100,99903,100
2019-06-28 09:39:00.000000000,100110,189,100089,189,100158,186,100008,186,100216,186,100002,186,100306,100,99985,100,100474,100,99983,100,100603,100,99976,100,100633,100,99970,100,100807,100,99965,100,100816,100,99918,100,100844,100,99903,100
2019-06-28 09:39:03.647777619,100110,189,100089,189,100158,86,100008,186,100216,186,100002,186,100306,100,99985,100,100474,100,99983,100,100603,100,99976,100,100633,100,99970,100,100807,100,99965,100,100816,100,99918,100,100844,100,99903,100
2019-06-28 09:39:05.468003185,100110,189,100089,289,100158,86,100008,186,100216,186,100002,186,100306,100,99985,100,100474,100,99983,100,100603,100,99976,100,100633,100,99970,100,100807,100,99965,100,100816,100,99918,100,100844,100,99903,100
2019-06-28 09:39:10.000000000,100110,152,100089,252,100216,152,100008,152,100306,152,100002,152,100474,152,99985,152,100603,152,99983,152,100633,100,99976,100,100807,100,99970,100,100816,100,99965,100,100844,100,99918,100,100854,100,99903,100
2019-06-28 09:39:12.406926290,100110,152,100089,252,100216,152,100008,152,100306,152,100002,152,100474,152,99985,152,100603,152,99983,152,100633,100,99976,100,100675,100,99970,100,100807,100,99965,100,100816,100,99918,100,100844,100,99903,100
2019-06-28 09:39:20.000000000,100110,152,100089,252,100216,152,100008,152,100306,152,100002,152,100474,152,99985,152,100603,152,99983,152,100633,100,99976,100,100675,100,99970,100,100807,100,99965,100,100816,100,99918,100,100844,100,99903,100
2019-06-28 09:39:20.388793534,100110,152,100089,252,100216,152,100008,152,100306,52,100002,152,100474,152,99985,152,100603,152,99983,152,100633,100,99976,100,100675,100,99970,100,100807,100,99965,100,100816,100,99918,100,100844,100,99903,100
2019-06-28 09:39:29.158874949,100110,52,100089,252,100216,152,100008,152,100306,52,100002,152,100474,152,99985,152,100603,152,99983,152,100633,100,99976,100,100675,100,99970,100,100807,100,99965,100,100816,100,99918,100,100844,100,99903,100
2019-06-28 09:39:30.000000000,100216,152,100089,252,100474,152,100008,152,100603,152,100002,152,100633,152,99985,152,100675,152,99983,152,100807,100,99976,100,100816,100,99970,100,100844,100,99965,100,100854,100,99918,100,100887,100,99903,100
2019-06-28 09:39:31.046452301,100216,152,100110,100,100474,152,100089,252,100603,152,100008,152,100633,152,100002,152,100675,152,99985,152,100807,100,99983,152,100816,100,99976,100,100844,100,99970,100,100854,100,99965,100,100887,100,99918,100
2019-06-28 09:39:40.000000000,100216,362,100110,362,100474,100,100089,200,100603,100,100008,100,100633,100,100002,100,100675,100,99985,100,100807,100,99983,100,100816,100,99976,100,100844,100,99970,100,100854,100,99965,100,100887,100,99918,100
2019-06-28 09:39:42.538662847,100216,362,100110,462,100474,100,100089,200,100603,100,100008,100,100633,100,100002,100,100675,100,99985,100,100807,100,99983,100,100816,100,99976,100,100844,100,99970,100,100854,100,99965,100,100887,100,99918,100
2019-06-28 09:39:50.000000000,100216,362,100110,462,100474,100,100089,200,100603,100,100008,100,100633,100,100002,100,100675,100,99985,100,100807,100,99983,100,100816,100,99976,100,100844,100,99970,100,100854,100,99965,100,100887,100,99918,100
2019-06-28 09:39:50.014538555,100216,362,100110,462,100474,100,100089,200,100603,100,100008,100,100633,100,100002,100,100675,100,99985,100,100807,100,99983,100,100816,100,99976,100,100844,100,99970,100,100854,100,99965,100,100887,100,99918,100
2019-06-28 09:40:00.000000000,100216,166,100110,266,100474,166,100089,266,100603,166,100008,166,100633,166,100002,166,100675,100,99985,100,100807,100,99983,100,100816,100,99976,100,100844,100,99970,100,100854,100,99965,100,100887,100,99918,100
2019-06-28 09:40:01.531867434,100216,166,100110,266,100474,166,100089,266,100603,166,100008,166,100633,166,100002,166,100675,100,99985,100,100807,100,99983,100,100816,100,99976,100,100844,100,99970,100,100854,100,99965,100,100867,100,99903,100
2019-06-28 09:40:10.000000000,100216,189,100110,289,100474,186,100089,286,100603,186,100008,186,100633,100,100002,100,100675,100,99985,100,100807,100,99983,100,100816,100,99976,100,100844,100,99970,100,100854,100,99965,100,100867,100,99903,100
2019-06-28 09:40:20.000000000,100216,189,100110,289,100474,186,100089,286,100603,186,100008,186,100633,100,100002,100,100675,100,99985,100,100807,100,99983,100,100816,100,99976,100,100844,100,99970,100,100854,100,99965,100,100867,100,99903,100
2019-06-28 09:40:24.325310673,100216,189,100110,389,100474,186,100089,186,100603,186,100008,186,100633,100,100002,100,100675,100,99985,100,100807,100,99983,100,100816,100,99976,100,100844,100,99970,100,100854,100,99965,100,100867,100,99903,100
2019-06-28 09:40:30.000000000,100216,152,100110,352,100474,152,100089,152,100603,152,100008,152,100633,152,100002,152,100675,152,99985,152,100807,100,99983,100,100816,100,99976,100,100844,100,99970,100,100854,100,99965,100,100867,100,99903,100
2019-06-28 09:40:40.000000000,100216,362,100110,562,100474,100,100089,100,100603,100,100008,100,100633,100,100002,100,100675,100,99985,100,100807,100,99983,100,100816,100,99976,100,100844,100,99970,100,100854,100,99965,100,100867,100,99903,100
2019-06-28 09:40:46.731454703,100216,362,100110,662,100474,100,100089,100,100603,100,100008,100,100633,100,100002,100,100675,100,99985,100,100807,100,99983,100,100816,100,99976,100,100844,100,99970,100,100854,100,99965,100,100867,100,99903,100
2019-06-28 09:40:47.067122747,100216,362,100110,762,100474,100,100089,100,100603,100,100008,100,100633,100,100002,100,100675,100,99985,100,100807,100,99983,100,100816,100,99976,100,100844,100,99970,100,100854,100,99965,100,100867,100,99903,100
2019-06-28 09:40:50.000000000,100216,152,100110,552,100474,152,100089,152,100603,152,100008,152,100633,152,100002,152,100675,152,99985,152,100807,100,99983,100,100816,100,99976,100,100844,100,99970,100,100854,100,99965,100,100867,100,99903,100
2019-06-28 09:40:59.042941291,100216,152,100110,652,100474,152,100089,152,100603,152,100008,52,100633,152,100002,152,100675,152,99985,152,100807,100,99983,100,100816,100,99976,100,100844,100,99970,100,100854,100,99965,100,100867,100,99903,100
2019-06-28 09:41:00.000000000,100216,231,100110,731,100474,231,100089,231,100603,100,100002,100,100633,100,99985,100,100675,100,99983,100,100807,100,99976,100,100816,100,99970,100,100844,100,99965,100,100854,100,99903,100,100867,100,99897,100
2019-06-28 09:41:09.002557947,100216,131,100110,731,100474,231,100089,231,100603,100,100002,100,100633,100,99985,100,100675,100,99983,100,100807,100,99976,100,100816,100,99970,100,100844,100,99965,100,100854,100,99903,100,100867,100,99897,100
2019-06-28 09:41:10.000000000,100474,152,100110,652,100603,152,100089,152,100633,152,100002,152,100675,152,99985,152,100807,152,99983,152,100816,100,99976,100,100844,100,99970,100,100854,100,99965,100,100867,100,99903,100,100887,100,99897,100
2019-06-28 09:41:18.610964969,100474,152,100110,652,100479,100,100089,152,100603,152,100002,152,100633,152,99985,152,100675,152,99983,152,100807,152,99976,100,100816,100,99970,100,100844,100,99965,100,100854,100,99903,100,100867,100,99897,100
2019-06-28 09:41:20.000000000,100474,152,100110,652,100479,152,100089,152,100603,152,100002,152,100633,152,99985,152,100675,152,99983,152,100807,100,99976,100,100816,100,99970,100,100844,100,99965,100,100854,100,99903,100,100867,100,99897,100
2019-06-28 09:41:21.866229670,100352,100,100110,652,100474,152,100089,152,100479,152,100002,152,100603,152,99985,152,100633,152,99983,152,100675,152,99976,100,100807,100,99970,100,100816,100,99965,100,100844,100,99903,100,100854,100,99897,100
2019-06-28 09:41:30.000000000,100352,152,100110,652,100474,152,100089,152,100479,152,100002,152,100603,152,99985,152,100633,152,99983,152,100675,100,99976,100,100807,100,99970,100,100816,100,99965,100,100844,100,99903,100,100854,100,99897,100
2019-06-28 09:41:36.932494013,100352,52,100110,652,100474,152,100089,152,100479,152,100002,152,100603,152,99985,152,100633,152,99983,152,100675,100,99976,100,100807,100,99970,100,100816,100,99965,100,100844,100,99903,100,100854,100,99897,100
2019-06-28 09:41:40.000000000,100474,189,100110,689,100479,186,100089,186,100603,186,100002,186,100633,100,99985,100,100675,100,99983,100,100807,100,99976,100,100816,100,99970,100,100844,100,99965,100,100854,100,99903,100,100867,100,99897,100
2019-06-28 09:41:42.643437885,100474,89,100110,689,100479,186,100089,186,100603,186,100002,186,100633,100,99985,100,100675,100,99983,100,100807,100,99976,100,100816,100,99970,100,100844,100,99965,100,100854,100,99903,100,100867,100,99897,100
2019-06-28 09:41:50.000000000,100479,189,100110,689,100603,186,100089,186,100633,186,100002,186,100675,100,99985,100,100807,100,99983,100,100816,100,99976,100,100844,100,99970,100,100854,100,99965,100,100867,100,99903,100,100887,100,99897,100
2019-06-28 09:41:50.822864586,100479,189,100110,689,100603,186,100089,186,100633,186,100002,186,100675,100,99985,100,100807,100,99983,100,100816,100,99976,100,100844,100,99970,100,100854,100,99965,100,100867,100,99903,100,100887,100,99897,100
2019-06-28 09:41:54.310526832,100479,189,100110,589,100603,186,100089,186,100633,186,100002,186,100675,100,99985,100,100807,100,99983,100,100816,100,99976,100,100844,100,99970,100,100854,100,99965,100,100867,100,99903,100,100887,100,99897,100
2019-06-28 09:42:00.000000000,100479,152,100110,552,100603,152,100089,152,100633,152,100002,152,100675,152,99985,152,100807,152,99983,152,100816,100,99976,100,100844,100,99970,100,100854,100,99965,100,100867,100,99903,100,100887,100,99897,100
2019-06-28 09:42:07.907802915,100479,152,100110,552,100603,152,100089,152,100633,152,100002,152,100675,152,99985,152,100807,152,99983,152,100816,100,99976,100,100844,100,99970,100,100854,100,99965,100,100867,100,99903,100,100887,100,99897,100
2019-06-28 09:42:10.000000000,100479,152,100110,552,100603,152,100089,152,100633,152,100002,152,100675,152,99985,152,100807,152,99983,152,100816,100,99976,100,100844,100,99970,100,100854,100,99965,100,100867,100,99903,100,100887,100,99897,100
2019-06-28 09:42:20.000000000,100479,166,100110,566,100603,166,100089,166,100633,166,100002,166,100675,166,99985,166,100807,100,99983,100,100816,100,99976,100,100844,100,99970,100,100854,100,99965,100,100867,100,99903,100,100887,100,99897,100
2019-06-28 09:42:23.009976065,100479,66,100110,566,100603,166,100089,166,100633,166,100002,166,100675,166,99985,166,100807,100,99983,100,100816,100,99976,100,100844,100,99970,100,100854,100,99965,100,100867,100,99897,100,100887,100,99880,100
2019-06-28 09:42:30.000000000,100603,362,100110,762,100633,100,100089,100,100675,100,100002,100,100807,100,99985,100,100816,100,99983,100,100844,100,99976,100,100854,100,99970,100,100867,100,99965,100,100887,100,99897,100,100894,100,99880,100
2019-06-28 09:42:33.349550085,100423,100,100110,762,100603,362,100089,100,100633,100,100002,100,100675,100,99985,100,100807,100,99983,100,100816,100,99976,100,100844,100,99970,100,100854,100,99897,100,100867,100,99880,100,100887,100,99870,100
2019-06-28 09:42:36.501809033,100423,100,100398,100,100603,362,100110,762,100633,100,100089,100,100675,100,100002,100,100807,100,99985,100,100816,100,99983,100,100844,100,99976,100,100854,100,99970,100,100867,100,99897,100,100887,100,99880,100
2019-06-28 09:42:40.000000000,100423,189,100398,189,100603,186,100110,586,100633,186,100089,186,100675,100,100002,100,100807,100,99985,100,100816,100,99983,100,100844,100,99976,100,100854,100,99970,100,100867,100,99897,100,100887,100,99880,100
2019-06-28 09:42:41.131055661,100423,189,100398,189,100603,186,100110,586,100633,186,100089,186,100675,100,100002,100,100719,100,99985,100,100807,100,99983,100,100816,100,99976,100,100844,100,99970,100,100854,100,99897,100,100867,100,99880,100
2019-06-28 09:42:45.899160629,100423,189,100398,189,100603,186,100110,586,100633,186,100089,186,100719,100,100002,100,100797,100,99985,100,100807,100,99983,100,100816,100,99976,100,100844,100,99970,100,100854,100,99897,100,100867,100,99880,100
2019-06-28 09:42:50.000000000,100423,362,100398,362,100603,100,100110,500,100633,100,100089,100,100719,100,100002,100,100797,100,99985,100,100807,100,99983,100,100816,100,99976,100,100844,100,99970,100,100854,100,99897,100,100867,100,99880,100
2019-06-28 09:43:00.000000000,100423,152,100398,152,100603,152,100110,552,100633,152,100089,152,100719,152,100002,152,100797,152,99985,152,100807,100,99983,100,100816,100,99976,100,100844,100,99970,100,100854,100,99897,100,100867,100,99880,100
2019-06-28 09:43:10.000000000,100423,152,100398,152,100603,152,100110,552,100633,152,100089,152,100719,152,100002,152,100797,152,99985,152,100807,100,99983,100,100816,100,99976,100,100844,100,99970,100,100854,100,99897,100,100867,100,99880,100
2019-06-28 09:43:20.000000000,100423,362,100398,362,100603,100,100110,500,100633,100,100089,100,100719,100,100002,100,100797,100,99985,100,100807,100,99983,100,100816,100,99976,100,100844,100,99970,100,100854,100,99897,100,100867,100,99880,100
2019-06-28 09:43:22.324473669,100423,362,100398,362,100603,100,100323,100,100633,100,100110,500,100719,100,100089,100,100797,100,100002,100,100807,100,99985,100,100816,100,99976,100,100844,100,99970,100,100854,100,99897,100,100867,100,99880,100
2019-06-28 09:43:25.965693947,100423,362,100398,362,100603,100,100323,100,100633,100,100110,400,100719,100,100089,100,100797,100,100002,100,100807,100,99985,100,100816,100,99976,100,100844,100,99970,100,100854,100,99897,100,100867,100,99880,100
2019-06-28 09:43:28.076242217,100423,262,100398,362,100603,100,100323,100,100633,100,100110,400,100719,100,100089,100,100797,100,100002,100,100807,100,99985,100,100816,100,99976,100,100844,100,99970,100,100854,100,99897,100,100867,100,99880,100
2019-06-28 09:43:29.960206478,100423,262,100398,362,100603,100,100323,100,100633,100,100207,100,100719,100,100110,400,100797,100,100089,100,100807,100,100002,100,100816,100,99985,100,100844,100,99976,100,100854,100,99970,100,100867,100,99897,100
2019-06-28 09:43:30.000000000,100603,362,100398,362,100633,100,100323,100,100719,100,100207,100,100797,100,100110,400,100807,100,100089,100,100816,100,100002,100,100844,100,99985,100,100854,100,99976,100,100867,100,99970,100,100894,100,99897,100
2019-06-28 09:43:37.978667751,100603,362,100398,362,100633,100,100346,100,100719,100,100323,100,100797,100,100207,100,100807,100,100110,400,100816,100,100089,100,100844,100,100002,100,100854,100,99985,100,100867,100,99976,100,100894,100,99970,100
2019-06-28 09:43:40.000000000,100603,152,100398,152,100633,152,100346,152,100719,152,100323,152,100797,152,100207,152,100807,152,100110,452,100816,100,100089,100,100844,100,100002,100,100854,100,99985,100,100867,100,99976,100,100894,100,99970,100
2019-06-28 09:43:50.000000000,100603,189,100398,189,100633,186,100346,186,100719,186,100323,186,100797,100,100207,100,100807,100,100110,400,100816,100,100089,100,100844,100,100002,100,100854,100,99985,100,100867,100,99976,100,100894,100,99970,100
2019-06-28 09:43:50.344511679,100603,189,100398,189,100633,186,100346,186,100719,186,100323,186,100797,100,100207,100,100807,100,100110,400,100816,100,100089,100,100844,100,100002,100,100854,200,99985,100,100867,100,99976,100,100894,100,99970,100
2019-06-28 09:43:56.942603080,100603,189,100398,189,100633,186,100353,100,100719,186,100346,186,100797,100,100323,186,100807,100,100207,100,100816,100,100110,400,100844,100,100089,100,100854,200,100002,100,100867,100,99985,100,100894,100,99976,100
2019-06-28 09:44:00.000000000,100603,152,100398,152,100633,152,100353,152,100719,152,100346,152,100797,152,100323,152,100807,152,100207,152,100816,100,100110,400,100844,100,100089,100,100854,200,100002,100,100867,100,99985,100,100894,100,99976,100
2019-06-28 09:44:00.093686873,100603,152,100423,100,100633,152,100398,152,100719,152,100353,152,100797,152,100346,152,100807,152,100323,152,100816,100,100207,152,100844,100,100110,400,100854,200,100089,100,100867,100,100002,100,100894,100,99985,100
2019-06-28 09:44:07.416589053,100533,100,100423,100,100603,152,100398,152,100633,152,100353,152,100719,152,100346,152,100797,152,100323,152,100807,152,100207,152,100816,100,100110,400,100844,100,100089,100,100854,200,100002,100,100867,100,99985,100
2019-06-28 09:44:10.000000000,100533,152,100423,152,100603,152,100398,152,100633,152,100353,152,100719,152,100346,152,100797,152,100323,152,100807,100,100207,100,100816,100,100110,400,100844,100,100089,100,100854,200,100002,100,100867,100,99985,100
2019-06-28 09:44:20.000000000,100533,166,100423,166,100603,166,100398,166,100633,166,100353,166,100719,166,100346,166,100797,100,100323,100,100807,100,100207,100,100816,100,100110,400,100844,100,100089,100,100854,200,100002,100,100867,100,99985,100
2019-06-28 09:44:30.000000000,100533,152,100423,152,100603,152,100398,152,100633,152,100353,152,100719,152,100346,152,100797,152,100323,152,100807,100,100207,100,100816,100,100110,400,100844,100,100089,100,100854,200,100002,100,100867,100,99985,100
2019-06-28 09:44:40.000000000,100533,362,100423,362,100603,100,100398,100,100633,100,100353,100,100719,100,100346,100,100797,100,100323,100,100807,100,100207,100,100816,100,100110,400,100844,100,100089,100,100854,200,100002,100,100867,100,99985,100
2019-06-28 09:44:50.000000000,100533,362,100423,362,100603,100,100398,100,100633,100,100353,100,100719,100,100346,100,100797,100,100323,100,100807,100,100207,100,100816,100,100110,400,100844,100,100089,100,100854,200,100002,100,100867,100,99985,100
2019-06-28 09:44:53.456888352,100533,362,100423,262,100603,100,100398,100,100633,100,100353,100,100719,100,100346,100,100797,100,100323,100,100807,100,100207,100,100816,100,100110,400,100844,100,100089,100,100854,200,100002,100,100867,100,99985,100
2019-06-28 09:45:00.000000000,100533,189,100398,189,100603,186,100353,186,100633,186,100346,186,100719,100,100323,100,100797,100,100207,100,100807,100,100110,400,100816,100,100089,100,100844,100,100002,100,100854,200,99985,100,100867,100,99976,100
2019-06-28 09:45:07.846021429,100533,189,100398,89,100603,186,100353,186,100633,186,100346,186,100719,100,100323,100,100797,100,100207,100,100807,100,100110,400,100816,100,100089,100,100844,100,100002,100,100854,200,99985,100,100867,100,99976,100
2019-06-28 09:45:10.000000000,100533,189,100353,189,100603,186,100346,186,100633,186,100323,186,100719,100,100207,100,100797,100,100110,400,100807,100,100089,100,100816,100,100002,100,100844,100,99985,100,100854,200,99976,100,100867,100,99970,100
2019-06-28 09:45:20.000000000,100533,152,100353,152,100603,152,100346,152,100633,152,100323,152,100719,152,100207,152,100797,152,100110,452,100807,100,100089,100,100816,100,100002,100,100844,100,99985,100,100854,200,99976,100,100867,100,99970,100
2019-06-28 09:45:30.000000000,100533,152,100353,152,100603,152,100346,152,100633,152,100323,152,100719,152,100207,152,100797,152,100110,452,100807,100,100089,100,100816,100,100002,100,100844,100,99985,100,100854,200,99976,100,100867,100,99970,100
2019-06-28 09:45:40.000000000,100533,189,100353,189,100603,186,100346,186,100633,186,100323,186,100719,100,100207,100,100797,100,100110,400,100807,100,100089,100,100816,100,100002,100,100844,100,99985,100,100854,200,99976,100,100867,100,99970,100
2019-06-28 09:45:47.660721575,100509,100,100353,189,100533,189,100346,186,100603,186,100323,186,100633,186,100207,100,100719,100,100110,400,100797,100,100089,100,100807,100,100002,100,100816,100,99985,100,100844,100,99976,100,100854,200,99970,100
2019-06-28 09:45:48.514553200,100533,189,100353,189,100603,86,100346,186,100633,186,100323,186,100719,100,100207,100,100797,100,100110,400,100807,100,100089,100,100816,100,100002,100,100844,100,99985,100,100854,200,99976,100,100867,100,99970,100
2019-06-28 09:45:50.000000000,100533,189,100353,189,100633,186,100346,186,100719,186,100323,186,100797,100,100207,100,100807,100,100110,400,100816,100,100089,100,100844,100,100002,100,100854,200,99985,100,100867,100,99976,100,100894,100,99970,100
2019-06-28 09:46:00.000000000,100533,231,100353,231,100633,231,100346,231,100719,100,100323,100,100797,100,100207,100,100807,100,100110,400,100816,100,100089,100,100844,100,100002,100,100854,200,99985,100,100867,100,99976,100,100894,100,99970,100
2019-06-28 09:46:10.000000000,100533,152,100353,152,100633,152,100346,152,100719,152,100323,152,100797,152,100207,152,100807,152,100110,452,100816,100,100089,100,100844,100,100002,100,100854,200,99985,100,100867,100,99976,100,100894,100,99970,100
2019-06-28 09:46:20.000000000,100533,152,100353,152,100633,152,100346,152,100719,152,100323,152,100797,152,100207,152,100807,152,100110,452,100816,100,100089,100,100844,100,100002,100,100854,200,99985,100,100867,100,99976,100,100894,100,99970,100
2019-06-28 09:46:30.000000000,100533,152,100353,152,100633,152,100346,152,100719,152,100323,152,100797,152,100207,152,100807,152,100110,452,100816,100,100089,100,100844,100,100002,100,100854,200,99985,100,100867,100,99976,100,100894,100,99970,100
2019-06-28 09:46:34.307323236,100533,152,100353,52,100633,152,100346,152,100719,152,100323,152,100797,152,100207,152,100807,152,100110,452,100816,100,100089,100,100844,100,100002,100,100854,200,99985,100,100867,100,99976,100,100894,100,99970,100
2019-06-28 09:46:34.426961388,100353,48,100346,152,100533,152,100323,152,100633,152,100207,52,100719,152,100110,452,100797,152,100089,100,100807,152,100002,100,100816,100,99985,100,100844,100,99976,100,100854,200,99970,100,100867,100,99897,100
2019-06-28 09:46:40.000000000,100353,114,100346,166,100533,166,100323,166,100633,166,100110,466,100719,166,100089,166,100797,100,100002,100,100807,100,99985,100,100816,100,99976,100,100844,100,99970,100,100854,200,99897,100,100867,100,99880,100
2019-06-28 09:46:48.552089035,100353,114,100346,166,100533,166,100323,166,100633,166,100110,466,100719,166,100089,166,100797,100,99985,100,100807,100,99976,100,100816,100,99970,100,100844,100,99902,100,100854,200,99897,100,100867,100,99880,100
2019-06-28 09:46:50.000000000,100353,100,100346,152,100533,152,100323,152,100633,152,100110,452,100719,152,100089,152,100797,152,99985,152,100807,100,99976,100,100816,100,99970,100,100844,100,99902,100,100854,200,99897,100,100867,100,99880,100
2019-06-28 09:46:50.649939321,100353,200,100346,152,100533,152,100323,152,100633,152,100110,452,100719,152,100089,152,100797,152,99985,152,100807,100,99976,100,100816,100,99970,100,100844,100,99902,100,100854,200,99897,100,100867,100,99880,100
2019-06-28 09:47:00.000000000,100353,214,100346,166,100533,166,100323,166,100633,166,100110,466,100719,166,100089,166,100797,100,99985,100,100807,100,99976,100,100816,100,99970,100,100844,100,99902,100,100854,200,99897,100,100867,100,99880,100
2019-06-28 09:47:08.482627908,100353,214,100346,166,100533,166,100323,166,100633,166,100110,466,100719,166,100089,166,100797,100,99985,100,100807,100,99976,100,100816,100,99970,100,100844,100,99902,100,100854,200,99897,100,100867,100,99880,100
2019-06-28 09:47:10.000000000,100353,410,100346,362,100533,100,100323,100,100633,100,100110,400,100719,100,100089,100,100797,100,99985,100,100807,100,99976,100,100816,100,99970,100,100844,100,99902,100,100854,200,99897,100,100867,100,99880,100
2019-06-28 09:47:11.262861365,100353,410,100346,262,100533,100,100323,100,100633,100,100110,400,100719,100,100089,100,100797,100,99985,100,100807,100,99976,100,100816,100,99970,100,100844,100,99902,100,100854,200,99897,100,100867,100,99880,100
2019-06-28 09:47:20.000000000,100353,200,100323,152,100533,152,100110,452,100633,152,100089,152,100719,152,99985,152,100797,152,99976,152,100807,100,99970,100,100816,100,99902,100,100844,100,99897,100,100854,200,99880,100,100867,100,99869,100
2019-06-28 09:47:30.000000000,100353,200,100323,152,100533,152,100110,452,100633,152,100089,152,100719,152,99985,152,100797,152,99976,152,100807,100,99970,100,100816,100,99902,100,100844,100,99897,100,100854,200,99880,100,100867,100,99869,100
2019-06-28 09:47:40.000000000,100353,214,100323,166,100533,166,100110,466,100633,166,100089,166,100719,166,99985,166,100797,100,99976,100,100807,100,99970,100,100816,100,99902,100,100844,100,99897,100,100854,200,99880,100,100867,100,99869,100
2019-06-28 09:47:41.280708210,100353,214,100323,66,100533,66,100110,466,100633,166,100089,166,100719,166,99985,166,100797,100,99976,100,100807,100,99970,100,100816,100,99902,100,100844,100,99897,100,100854,200,99880,100,100867,100,99869,100
2019-06-28 09:47:50.000000000,100353,200,100110,452,100633,152,100089,152,100719,152,99985,152,100797,152,99976,152,100807,152,99970,152,100816,100,99902,100,100844,100,99897,100,100854,200,99880,100,100867,100,99869,100,100894,100,99788,100
2019-06-28 09:47:58.333864019,100353,200,100110,452,100633,152,100089,152,100719,152,99985,152,100797,152,99976,152,100807,152,99970,152,100816,100,99902,100,100844,100,99897,100,100854,200,99880,100,100867,100,99869,100,100894,100,99788,100
2019-06-28 09:48:00.000000000,100353,410,100110,662,100633,100,100089,100,100719,100,99985,100,100797,100,99976,100,100807,100,99970,100,100816,100,99902,100,100844,100,99897,100,100854,200,99880,100,100867,100,99869,100,100894,100,99788,100
2019-06-28 09:48:10.000000000,100353,410,100110,662,100633,100,100089,100,100719,100,99985,100,100797,100,99976,100,100807,100,99970,100,100816,100,99902,100,100844,100,99897,100,100854,200,99880,100,100867,100,99869,100,100894,100,99788,100
2019-06-28 09:48:20.000000000,100353,410,100110,662,100633,100,100089,100,100719,100,99985,100,100797,100,99976,100,100807,100,99970,100,100816,100,99902,100,100844,100,99897,100,100854,200,99880,100,100867,100,99869,100,100894,100,99788,100
2019-06-28 09:48:29.733843838,100353,410,100110,562,100633,100,100089,100,100719,100,99985,100,100797,100,99976,100,100807,100,99970,100,100816,100,99902,100,100844,100,99897,100,100854,200,99880,100,100867,100,99869,100,100894,100,99788,100
2019-06-28 09:48:30.000000000,100353,214,100110,366,100633,166,100089,166,100719,166,99985,166,100797,166,99976,166,100807,100,99970,100,100816,100,99902,100,100844,100,99897,100,100854,200,99880,100,100867,100,99869,100,100894,100,99788,100
2019-06-28 09:48:37.799253490,100353,214,100126,100,100633,166,100110,366,100719,166,100089,166,100797,166,99985,166,100807,100,99976,166,100816,100,99970,100,100844,100,99902,100,100854,200,99897,100,100867,100,99880,100,100894,100,99869,100
2019-06-28 09:48:40.000000000,100353,200,100126,152,100633,152,100110,352,100719,152,100089,152,100797,152,99985,152,100807,152,99976,152,100816,100,99970,100,100844,100,99902,100,100854,200,99897,100,100867,100,99880,100,100894,100,99869,100
2019-06-28 09:48:42.830893923,100353,200,100126,52,100633,152,100110,352,100719,152,100089,152,100797,152,99985,152,100807,152,99976,152,100816,100,99970,100,100844,100,99902,100,100854,200,99897,100,100867,100,99880,100,100894,100,99788,100
2019-06-28 09:48:50.000000000,100353,279,100110,431,100633,231,100089,231,100719,100,99985,100,100797,100,99976,100,100807,100,99970,100,100816,100,99902,100,100844,100,99897,100,100854,200,99880,100,100867,100,99788,100,100894,100,99758,100
2019-06-28 09:48:58.370104816,100353,279,100110,431,100633,231,100089,231,100719,100,99985,100,100797,100,99976,100,100807,100,99970,100,100816,100,99902,100,100844,100,99897,100,100854,200,99880,100,100894,100,99788,100,101000,100,99758,100
2019-06-28 09:49:00.000000000,100353,214,100110,366,100633,166,100089,166,100719,166,99985,166,100797,166,99976,166,100807,100,99970,100,100816,100,99902,100,100844,100,99897,100,100854,200,99880,100,100894,100,99788,100,101000,100,99758,100
2019-06-28 09:49:10.000000000,100353,279,100110,431,100633,231,100089,231,100719,100,99985,100,100797,100,99976,100,100807,100,99970,100,100816,100,99902,100,100844,100,99897,100,100854,200,99880,100,100894,100,99788,100,101000,100,99758,100
2019-06-28 09:49:20.000000000,100353,279,100110,431,100633,231,100089,231,100719,100,99985,100,100797,100,99976,100,100807,100,99970,100,100816,100,99902,100,100844,100,99897,100,100854,200,99880,100,100894,100,99788,100,101000,100,99758,100
2019-06-28 09:49:29.311138497,100353,279,100301,100,100633,231,100110,431,100719,100,100089,231,100797,100,99985,100,100807,100,99976,100,100816,100,99970,100,100844,100,99902,100,100854,200,99897,100,100894,100,99788,100,101000,100,99758,100
2019-06-28 09:49:30.000000000,100353,237,100301,189,100633,186,100110,386,100719,186,100089,186,100797,100,99985,100,100807,100,99976,100,100816,100,99970,100,100844,100,99902,100,100854,200,99897,100,100894,100,99788,100,101000,100,99758,100
2019-06-28 09:49:40.000000000,100353,214,100301,166,100633,166,100110,366,100719,166,100089,166,100797,166,99985,166,100807,100,99976,100,100816,100,99970,100,100844,100,99902,100,100854,200,99897,100,100894,100,99788,100,101000,100,99758,100
2019-06-28 09:49:50.000000000,100353,410,100301,362,100633,100,100110,300,100719,100,100089,100,100797,100,99985,100,100807,100,99976,100,100816,100,99970,100,100844,100,99902,100,100854,200,99897,100,100894,100,99788,100,101000,100,99758,100
2019-06-28 09:49:53.449453680,100323,100,100301,362,100353,410,100110,300,100633,100,100089,100,100719,100,99985,100,100797,100,99976,100,100807,100,99970,100,100816,100,99902,100,100844,100,99897,100,100854,200,99788,100,100894,100,99758,100
2019-06-28 09:50:00.000000000,100323,362,100301,362,100353,148,100110,300,100633,100,100089,100,100719,100,99985,100,100797,100,99976,100,100807,100,99970,100,100816,100,99902,100,100844,100,99897,100,100854,200,99788,100,100894,100,99758,100
2019-06-28 09:50:10.000000000,100323,362,100301,362,100353,148,100110,300,100633,100,100089,100,100719,100,99985,100,100797,100,99976,100,100807,100,99970,100,100816,100,99902,100,100844,100,99897,100,100854,200,99788,100,100894,100,99758,100
2019-06-28 09:50:20.000000000,100323,152,100301,152,100353,200,100110,352,100633,152,100089,152,100719,152,99985,152,100797,152,99976,152,100807,100,99970,100,100816,100,99902,100,100844,100,99897,100,100854,200,99788,100,100894,100,99758,100
2019-06-28 09:50:30.000000000,100323,166,100301,166,100353,214,100110,366,100633,166,100089,166,100719,166,99985,166,100797,100,99976,100,100807,100,99970,100,100816,100,99902,100,100844,100,99897,100,100854,200,99788,100,100894,100,99758,100
2019-06-28 09:50:40.000000000,100323,166,100301,166,100353,214,100110,366,100633,166,100089,166,100719,166,99985,166,100797,100,99976,100,100807,100,99970,100,100816,100,99902,100,100844,100,99897,100,100854,200,99788,100,100894,100,99758,100
2019-06-28 09:50:45.520586510,100323,166,100301,166,100353,214,100110,366,100633,166,100089,166,100719,166,99985,166,100797,100,99976,100,100807,100,99970,100,100816,100,99902,100,100844,100,99897,100,100854,200,99788,100,100894,100,99758,100
2019-06-28 09:50:50.000000000,100323,152,100301,152,100353,200,100110,352,100633,152,100089,152,100719,152,99985,152,100797,152,99976,152,100807,100,99970,100,100816,100,99902,100,100844,100,99897,100,100854,200,99788,100,100894,100,99758,100
2019-06-28 09:51:00.000000000,100323,166,100301,166,100353,214,100110,366,100633,166,100089,166,100719,166,99985,166,100797,100,99976,100,100807,100,99970,100,100816,100,99902,100,100844,100,99897,100,100854,200,99788,100,100894,100,99758,100
2019-06-28 09:51:03.991478167,100323,166,100301,66,100353,214,100110,366,100633,166,100089,166,100719,166,99985,166,100797,100,99976,100,100807,100,99970,100,100816,100,99902,100,100844,100,99897,100,100854,200,99788,100,100894,100,99758,100
2019-06-28 09:51:10.000000000,100323,231,100110,431,100353,279,100089,231,100633,100,99985,100,100719,100,99976,100,100797,100,99970,100,100807,100,99902,100,100816,100,99897,100,100844,100,99788,100,100854,200,99758,100,100894,100,99675,100
2019-06-28 09:51:19.554869259,100323,231,100110,331,100353,279,100089,231,100633,100,99985,100,100719,100,99976,100,100797,100,99970,100,100807,100,99902,100,100844,100,99897,100,100854,200,99788,100,100894,100,99758,100,101000,100,99675,100
2019-06-28 09:51:20.000000000,100323,166,100110,266,100353,214,100089,166,100633,166,99985,166,100719,166,99976,166,100797,100,99970,100,100807,100,99902,100,100844,100,99897,100,100854,200,99788,100,100894,100,99758,100,101000,100,99675,100
2019-06-28 09:51:25.018858992,100323,166,100110,166,100353,214,100089,166,100633,166,99985,166,100719,166,99976,166,100797,100,99970,100,100807,100,99902,100,100844,100,99897,100,100854,200,99788,100,100894,100,99758,100,101000,100,99675,100
2019-06-28 09:51:30.000000000,100323,189,100110,189,100353,234,100089,186,100633,186,99985,186,100719,100,99976,100,100797,100,99970,100,100807,100,99902,100,100844,100,99897,100,100854,200,99788,100,100894,100,99758,100,101000,100,99675,100
2019-06-28 09:51:37.537264780,100323,189,100110,89,100353,234,100089,186,100633,186,99985,186,100719,100,99976,100,100797,100,99970,100,100807,100,99902,100,100844,100,99897,100,100854,200,99788,100,100894,100,99758,100,101000,100,99675,100
2019-06-28 09:51:40.000000000,100323,152,100089,152,100353,200,99985,152,100633,152,99976,152,100719,152,99970,152,100797,152,99902,152,100807,100,99897,100,100844,100,99788,100,100854,200,99758,100,100894,100,99675,100,101000,100,99573,100
2019-06-28 09:51:40.520843502,100323,152,100089,52,100353,200,99985,152,100633,152,99976,152,100719,152,99970,152,100797,152,99902,152,100807,100,99897,100,100844,100,99788,100,100854,200,99758,100,100894,100,99675,100,101000,100,99573,100
2019-06-28 09:51:50.000000000,100323,152,99985,152,100353,200,99976,152,100633,152,99970,152,100719,152,99902,152,100797,152,99897,152,100807,100,99788,100,100844,100,99758,100,100854,200,99675,100,100894,100,99573,100,101000,100,99562,100
2019-06-28 09:51:58.824882533,100323,152,99985,152,100353,200,99976,152,100633,152,99970,152,100719,152,99902,152,100797,152,99897,152,100807,100,99788,100,100844,100,99758,100,100854,200,99675,100,100894,100,99583,100,101000,100,99573,100
2019-06-28 09:52:00.000000000,100323,189,99985,189,100353,234,99976,186,100633,186,99970,186,100719,100,99902,100,100797,100,99897,100,100807,100,99788,100,100844,100,99758,100,100854,200,99675,100,100894,100,99583,100,101000,100,99573,100
2019-06-28 09:52:10.000000000,100323,166,99985,166,100353,214,99976,166,100633,166,99970,166,100719,166,99902,166,100797,100,99897,100,100807,100,99788,100,100844,100,99758,100,100854,200,99675,100,100894,100,99583,100,101000,100,99573,100
2019-06-28 09:52:12.775941078,100323,166,99985,166,100353,214,99976,66,100633,166,99970,166,100719,166,99902,166,100797,100,99897,100,100807,100,99788,100,100844,100,99758,100,100854,200,99675,100,100894,100,99583,100,101000,100,99573,100
2019-06-28 09:52:20.000000000,100323,189,99985,189,100353,234,99970,186,100633,186,99902,186,100719,100,99897,100,100797,100,99788,100,100807,100,99758,100,100844,100,99675,100,100854,200,99583,100,100894,100,99573,100,101000,100,99562,100
2019-06-28 09:52:30.000000000,100323,231,99985,231,100353,279,99970,231,100633,100,99902,100,100719,100,99897,100,100797,100,99788,100,100807,100,99758,100,100844,100,99675,100,100854,200,99583,100,100894,100,99573,100,101000,100,99562,100
2019-06-28 09:52:38.354411026,100323,231,99985,231,100353,279,99970,231,100633,100,99902,100,100719,100,99897,100,100797,100,99788,100,100807,100,99758,100,100844,100,99675,100,100854,200,99583,100,100894,100,99573,100,101000,100,99562,100
2019-06-28 09:52:39.286759455,100110,100,99985,231,100323,231,99970,231,100353,279,99902,100,100633,100,99897,100,100719,100,99788,100,100797,100,99758,100,100807,100,99675,100,100844,100,99583,100,100854,200,99573,100,100894,100,99562,100
2019-06-28 09:52:40.000000000,100110,231,99985,231,100323,231,99970,231,100353,148,99902,100,100633,100,99897,100,100719,100,99788,100,100797,100,99758,100,100807,100,99675,100,100844,100,99583,100,100854,200,99573,100,100894,100,99562,100
2019-06-28 09:52:50.000000000,100110,166,99985,166,100323,166,99970,166,100353,214,99902,166,100633,166,99897,166,100719,100,99788,100,100797,100,99758,100,100807,100,99675,100,100844,100,99583,100,100854,200,99573,100,100894,100,99562,100
2019-06-28 09:52:53.013269569,100110,166,99985,66,100323,166,99970,166,100353,214,99902,166,100633,166,99897,166,100719,100,99788,100,100797,100,99758,100,100807,100,99675,100,100844,100,99583,100,100854,200,99573,100,100894,100,99562,100
2019-06-28 09:52:57.974511064,100110,166,99985,66,100323,166,99970,166,100353,214,99902,166,100633,166,99897,166,100719,100,99788,100,100797,100,99758,100,100807,100,99675,100,100844,100,99583,100,100854,200,99573,100,100894,100,99562,100
2019-06-28 09:52:58.026271111,99985,34,99970,166,100110,166,99902,166,100323,166,99897,166,100353,214,99788,100,100633,166,99758,100,100719,100,99675,100,100797,100,99583,100,100807,100,99573,100,100844,100,99562,100,100854,200,99236,100
2019-06-28 09:53:00.000000000,99985,86,99970,152,100110,152,99902,152,100323,152,99897,152,100353,200,99788,152,100633,152,99758,152,100719,100,99675,100,100797,100,99583,100,100807,100,99573,100,100844,100,99562,100,100854,200,99236,100
2019-06-28 09:53:10.000000000,99985,296,99970,362,100110,100,99902,100,100323,100,99897,100,100353,148,99788,100,100633,100,99758,100,100719,100,99675,100,100797,100,99583,100,100807,100,99573,100,100844,100,99562,100,100854,200,99236,100
2019-06-28 09:53:20.000000000,99985,123,99970,189,100110,186,99902,186,100323,186,99897,186,100353,148,99788,100,100633,100,99758,100,100719,100,99675,100,100797,100,99583,100,100807,100,99573,100,100844,100,99562,100,100854,200,99236,100
2019-06-28 09:53:30.000000000,99985,86,99970,152,100110,152,99902,152,100323,152,99897,152,100353,200,99788,152,100633,152,99758,152,100719,100,99675,100,100797,100,99583,100,100807,100,99573,100,100844,100,99562,100,100854,200,99236,100
2019-06-28 09:53:40.000000000,99985,100,99970,166,100110,166,99902,166,100323,166,99897,166,100353,214,99788,166,100633,100,99758,100,100719,100,99675,100,100797,100,99583,100,100807,100,99573,100,100844,100,99562,100,100854,200,99236,100
2019-06-28 09:53:50.000000000,99985,123,99970,189,100110,186,99902,186,100323,186,99897,186,100353,148,99788,100,100633,100,99758,100,100719,100,99675,100,100797,100,99583,100,100807,100,99573,100,100844,100,99562,100,100854,200,99236,100
2019-06-28 09:54:00.000000000,99985,296,99970,362,100110,100,99902,100,100323,100,99897,100,100353,148,99788,100,100633,100,99758,100,100719,100,99675,100,100797,100,99583,100,100807,100,99573,100,100844,100,99562,100,100854,200,99236,100
2019-06-28 09:54:10.000000000,99985,100,99970,166,100110,166,99902,166,100323,166,99897,166,100353,214,99788,166,100633,100,99758,100,100719,100,99675,100,100797,100,99583,100,100807,100,99573,100,100844,100,99562,100,100854,200,99236,100
2019-06-28 09:54:20.000000000,99985,100,99970,166,100110,166,99902,166,100323,166,99897,166,100353,214,99788,166,100633,100,99758,100,100719,100,99675,100,100797,100,99583,100,100807,100,99573,100,100844,100,99562,100,100854,200,99236,100
2019-06-28 09:54:20.449048614,99985,200,99970,166,100110,166,99902,166,100323,166,99897,166,100353,214,99788,166,100633,100,99758,100,100719,100,99675,100,100797,100,99583,100,100807,100,99573,100,100844,100,99562,100,100854,200,99236,100
2019-06-28 09:54:30.000000000,99985,223,99970,189,100110,186,99902,186,100323,186,99897,186,100353,148,99788,100,100633,100,99758,100,100719,100,99675,100,100797,100,99583,100,100807,100,99573,100,100844,100,99562,100,100854,200,99236,100
2019-06-28 09:54:34.329415134,99985,223,99970,189,100110,186,99902,186,100323,186,99897,186,100353,148,99788,100,100633,100,99758,100,100719,100,99675,100,100797,100,99573,100,100807,100,99562,100,100844,100,99236,100,100854,200,98923,100
2019-06-28 09:54:40.000000000,99985,186,99970,152,100110,152,99902,152,100323,152,99897,152,100353,200,99788,152,100633,152,99758,152,100719,100,99675,100,100797,100,99573,100,100807,100,99562,100,100844,100,99236,100,100854,200,98923,100
2019-06-28 09:54:50.000000000,99985,186,99970,152,100110,152,99902,152,100323,152,99897,152,100353,200,99788,152,100633,152,99758,152,100719,100,99675,100,100797,100,99573,100,100807,100,99562,100,100844,100,99236,100,100854,200,98923,100
2019-06-28 09:55:00.000000000,99985,396,99970,362,100110,100,99902,100,100323,100,99897,100,100353,148,99788,100,100633,100,99758,100,100719,100,99675,100,100797,100,99573,100,100807,100,99562,100,100844,100,99236,100,100854,200,98923,100
2019-06-28 09:55:03.942632214,99985,396,99970,362,100110,100,99902,100,100323,100,99897,100,100353,148,99788,100,100633,100,99758,100,100719,100,99675,100,100797,100,99573,100,100807,100,99562,100,100844,100,99522,100,100854,200,99236,100
2019-06-28 09:55:08.168423610,99985,396,99970,262,100110,100,99902,100,100323,100,99897,100,100353,148,99788,100,100633,100,99758,100,100719,100,99675,100,100797,100,99573,100,100807,100,99522,100,100844,100,99236,100,100854,200,98923,100
2019-06-28 09:55:08.221127562,99985,396,99970,262,100110,100,99902,100,100323,100,99897,100,100353,148,99788,100,100633,100,99758,100,100719,100,99675,100,100797,100,99573,100,100807,100,99537,100,100844,100,99522,100,100854,200,99236,100
2019-06-28 09:55:10.000000000,99985,223,99902,189,100110,186,99897,186,100323,186,99788,186,100353,148,99758,100,100633,100,99675,100,100719,100,99573,100,100797,100,99537,100,100807,100,99522,100,100844,100,99236,100,100854,200,98923,100
2019-06-28 09:55:20.000000000,99985,223,99902,189,100110,186,99897,186,100323,186,99788,186,100353,148,99758,100,100633,100,99675,100,100719,100,99573,100,100797,100,99537,100,100807,100,99522,100,100844,100,99236,100,100854,200,98923,100
2019-06-28 09:55:30.000000000,99985,396,99902,362,100110,100,99897,100,100323,100,99788,100,100353,148,99758,100,100633,100,99675,100,100719,100,99573,100,100797,100,99537,100,100807,100,99522,100,100844,100,99236,100,100854,200,98923,100
2019-06-28 09:55:40.000000000,99985,200,99902,166,100110,166,99897,166,100323,166,99788,166,100353,214,99758,166,100633,100,99675,100,100719,100,99573,100,100797,100,99537,100,100807,100,99522,100,100844,100,99236,100,100854,200,98923,100
2019-06-28 09:55:41.653600503,99985,200,99902,166,100110,166,99897,166,100323,166,99788,166,100353,214,99758,66,100633,100,99675,100,100719,100,99573,100,100797,100,99537,100,100807,100,99522,100,100844,100,99338,100,100854,200,99236,100
2019-06-28 09:55:50.000000000,99985,186,99902,152,100110,152,99897,152,100323,152,99788,152,100353,200,99675,152,100633,152,99573,152,100719,100,99537,100,100797,100,99522,100,100807,100,99338,100,100844,100,99236,100,100854,200,98923,100
2019-06-28 09:56:00.000000000,99985,396,99902,362,100110,100,99897,100,100323,100,99788,100,100353,148,99675,100,100633,100,99573,100,100719,100,99537,100,100797,100,99522,100,100807,100,99338,100,100844,100,99236,100,100854,200,98923,100
2019-06-28 09:56:10.000000000,99985,200,99902,166,100110,166,99897,166,100323,166,99788,166,100353,214,99675,166,100633,100,99573,100,100719,100,99537,100,100797,100,99522,100,100807,100,99338,100,100844,100,99236,100,100854,200,98923,100
2019-06-28 09:56:15.089823488,99985,200,99902,166,100110,166,99897,166,100323,166,99788,166,100353,214,99675,66,100633,100,99573,100,100719,100,99537,100,100797,100,99522,100,100807,100,99338,100,100844,100,99236,100,100854,200,99033,100
2019-06-28 09:56:20.000000000,99985,200,99902,166,100110,166,99897,166,100323,166,99788,166,100353,214,99573,166,100633,100,99537,100,100719,100,99522,100,100797,100,99338,100,100807,100,99236,100,100844,100,99033,100,100854,200,98923,100
2019-06-28 09:56:30.000000000,99985,265,99902,231,100110,231,99897,231,100323,100,99788,100,100353,148,99573,100,100633,100,99537,100,100719,100,99522,100,100797,100,99338,100,100807,100,99236,100,100844,100,99033,100,100854,200,98923,100
2019-06-28 09:56:40.000000000,99985,265,99902,231,100110,231,99897,231,100323,100,99788,100,100353,148,99573,100,100633,100,99537,100,100719,100,99522,100,100797,100,99338,100,100807,100,99236,100,100844,100,99033,100,100854,200,98923,100
2019-06-28 09:56:50.000000000,99985,200,99902,166,100110,166,99897,166,100323,166,99788,166,100353,214,99573,166,100633,100,99537,100,100719,100,99522,100,100797,100,99338,100,100807,100,99236,100,100844,100,99033,100,100854,200,98923,100
2019-06-28 09:57:00.000000000,99985,223,99902,189,100110,186,99897,186,100323,186,99788,186,100353,148,99573,100,100633,100,99537,100,100719,100,99522,100,100797,100,99338,100,100807,100,99236,100,100844,100,99033,100,100854,200,98923,100
2019-06-28 09:57:10.000000000,99985,186,99902,152,100110,152,99897,152,100323,152,99788,152,100353,200,99573,152,100633,152,99537,152,100719,100,99522,100,100797,100,99338,100,100807,100,99236,100,100844,100,99033,100,100854,200,98923,100
2019-06-28 09:57:17.418944076,99985,186,99902,52,100110,152,99897,152,100323,152,99788,152,100353,200,99573,152,100633,152,99537,152,100719,100,99338,100,100797,100,99236,100,100807,100,99033,100,100844,100,98923,100,100854,200,98813,100
2019-06-28 09:57:20.000000000,99985,186,99897,152,100110,152,99788,152,100323,152,99573,152,100353,200,99537,152,100633,152,99338,152,100719,100,99236,100,100797,100,99033,100,100807,100,98923,100,100844,100,98813,100,100854,200,,
2019-06-28 09:57:30.000000000,99985,186,99897,152,100110,152,99788,152,100323,152,99573,152,100353,200,99537,152,100633,152,99338,152,100719,100,99236,100,100797,100,99033,100,100807,100,98923,100,100844,100,98813,100,100854,200,,
2019-06-28 09:57:40.000000000,99985,223,99897,189,100110,186,99788,186,100323,186,99573,186,100353,148,99537,100,100633,100,99338,100,100719,100,99236,100,100797,100,99033,100,100807,100,98923,100,100844,100,98813,100,100854,200,,
2019-06-28 09:57:49.389914427,99985,223,99897,189,100110,186,99788,186,100323,186,99573,186,100353,148,99537,100,100633,100,99338,100,100719,100,99236,100,100797,100,99033,100,100844,100,98956,100,100854,200,98923,100,100894,100,98813,100
2019-06-28 09:57:50.000000000,99985,186,99897,152,100110,152,99788,152,100323,152,99573,152,100353,200,99537,152,100633,152,99338,152,100719,100,99236,100,100797,100,99033,100,100844,100,98956,100,100854,200,98923,100,100894,100,98813,100
2019-06-28 09:57:51.309527175,99970,100,99897,152,99985,186,99788,152,100110,152,99573,152,100323,152,99537,152,100353,200,99338,152,100633,152,99236,100,100719,100,99033,100,100797,100,98956,100,100844,100,98923,100,100854,200,98813,100
2019-06-28 09:58:00.000000000,99970,231,99897,231,99985,265,99788,231,100110,100,99573,100,100323,100,99537,100,100353,148,99338,100,100633,100,99236,100,100719,100,99033,100,100797,100,98956,100,100844,100,98923,100,100854,200,98813,100
2019-06-28 09:58:10.000000000,99970,166,99897,166,99985,200,99788,166,100110,166,99573,166,100323,166,99537,166,100353,148,99338,100,100633,100,99236,100,100719,100,99033,100,100797,100,98956,100,100844,100,98923,100,100854,200,98813,100
2019-06-28 09:58:17.022842806,99970,266,99897,166,99985,200,99788,166,100110,166,99573,166,100323,166,99537,166,100353,148,99338,100,100633,100,99236,100,100719,100,99033,100,100797,100,98956,100,100844,100,98923,100,100854,200,98813,100
2019-06-28 09:58:20.000000000,99970,462,99897,362,99985,134,99788,100,100110,100,99573,100,100323,100,99537,100,100353,148,99338,100,100633,100,99236,100,100719,100,99033,100,100797,100,98956,100,100844,100,98923,100,100854,200,98813,100
2019-06-28 09:58:30.000000000,99970,462,99897,362,99985,134,99788,100,100110,100,99573,100,100323,100,99537,100,100353,148,99338,100,100633,100,99236,100,100719,100,99033,100,100797,100,98956,100,100844,100,98923,100,100854,200,98813,100
2019-06-28 09:58:40.000000000,99970,462,99897,362,99985,134,99788,100,100110,100,99573,100,100323,100,99537,100,100353,148,99338,100,100633,100,99236,100,100719,100,99033,100,100797,100,98956,100,100844,100,98923,100,100854,200,98813,100
2019-06-28 09:58:42.810958799,99970,462,99897,362,99985,134,99788,100,100110,100,99573,100,100323,100,99537,100,100353,148,99338,100,100633,100,99236,100,100719,100,99062,100,100797,100,99033,100,100844,100,98956,100,100854,200,98813,100
2019-06-28 09:58:50.000000000,99970,462,99897,362,99985,134,99788,100,100110,100,99573,100,100323,100,99537,100,100353,148,99338,100,100633,100,99236,100,100719,100,99062,100,100797,100,99033,100,100844,100,98956,100,100854,200,98813,100
2019-06-28 09:59:00.000000000,99970,331,99897,231,99985,265,99788,231,100110,100,99573,100,100323,100,99537,100,100353,148,99338,100,100633,100,99236,100,100719,100,99062,100,100797,100,99033,100,100844,100,98956,100,100854,200,98813,100
2019-06-28 09:59:10.000000000,99970,331,99897,231,99985,265,99788,231,100110,100,99573,100,100323,100,99537,100,100353,148,99338,100,100633,100,99236,100,100719,100,99062,100,100797,100,99033,100,100844,100,98956,100,100854,200,98813,100
2019-06-28 09:59:20.000000000,99970,289,99897,189,99985,220,99788,186,100110,186,99573,186,100323,100,99537,100,100353,148,99338,100,100633,100,99236,100,100719,100,99062,100,100797,100,99033,100,100844,100,98956,100,100854,200,98813,100
2019-06-28 09:59:30.000000000,99970,289,99897,189,99985,220,99788,186,100110,186,99573,186,100323,100,99537,100,100353,148,99338,100,100633,100,99236,100,100719,100,99062,100,100797,100,99033,100,100844,100,98956,100,100854,200,98813,100
2019-06-28 09:59:40.000000000,99970,462,99897,362,99985,134,99788,100,100110,100,99573,100,100323,100,99537,100,100353,148,99338,100,100633,100,99236,100,100719,100,99062,100,100797,100,99033,100,100844,100,98956,100,100854,200,98813,100
2019-06-28 09:59:50.000000000,99970,266,99897,166,99985,200,99788,166,100110,166,99573,166,100323,166,99537,166,100353,148,99338,100,100633,100,99236,100,100719,100,99062,100,100797,100,99033,100,100844,100,98956,100,100854,200,98813,100
2019-06-28 10:00:00.000000000,99970,266,99897,166,99985,200,99788,166,100110,166,99573,166,100323,166,99537,166,100353,148,99338,100,100633,100,99236,100,100719,100,99062,100,100797,100,99033,100,100844,100,98956,100,100854,200,98813,100
2019-06-28 10:00:10.000000000,99970,266,99897,166,99985,200,99788,166,100110,166,99573,166,100323,166,99537,166,100353,148,99338,100,100633,100,99236,100,100719,100,99062,100,100797,100,99033,100,100844,100,98956,100,100854,200,98813,100
2019-06-28 10:00:20.000000000,99970,266,99897,166,99985,200,99788,166,100110,166,99573,166,100323,166,99537,166,100353,148,99338,100,100633,100,99236,100,100719,100,99062,100,100797,100,99033,100,100844,100,98956,100,100854,200,98813,100
2019-06-28 10:00:30.000000000,99970,331,99897,231,99985,265,99788,231,100110,100,99573,100,100323,100,99537,100,100353,148,99338,100,100633,100,99236,100,100719,100,99062,100,100797,100,99033,100,100844,100,98956,100,100854,200,98813,100
2019-06-28 10:00:35.640161666,99970,331,99897,231,99985,265,99788,231,100110,100,99573,100,100323,100,99537,100,100353,148,99338,100,100633,100,99236,100,100719,100,99062,100,100797,100,99033,100,100844,100,98956,100,100854,200,98840,100
2019-06-28 10:00:40.000000000,99970,289,99897,189,99985,220,99788,186,100110,186,99573,186,100323,100,99537,100,100353,148,99338,100,100633,100,99236,100,100719,100,99062,100,100797,100,99033,100,100844,100,98956,100,100854,200,98840,100
2019-06-28 10:00:50.000000000,99970,289,99897,189,99985,220,99788,186,100110,186,99573,186,100323,100,99537,100,100353,148,99338,100,100633,100,99236,100,100719,100,99062,100,100797,100,99033,100,100844,100,98956,100,100854,200,98840,100
2019-06-28 10:01:00.000000000,99970,331,99897,231,99985,265,99788,231,100110,100,99573,100,100323,100,99537,100,100353,148,99338,100,100633,100,99236,100,100719,100,99062,100,100797,100,99033,100,100844,100,98956,100,100854,200,98840,100
2019-06-28 10:01:10.000000000,99970,266,99897,166,99985,200,99788,166,100110,166,99573,166,100323,166,99537,166,100353,148,99338,100,100633,100,99236,100,100719,100,99062,100,100797,100,99033,100,100844,100,98956,100,100854,200,98840,100
2019-06-28 10:01:12.168715006,99970,266,99897,66,99985,200,99788,166,100110,166,99573,166,100323,166,99537,66,100353,148,99338,100,100633,100,99236,100,100719,100,99062,100,100797,100,99033,100,100844,100,98956,100,100854,200,98840,100
2019-06-28 10:01:12.718842971,99897,34,99788,166,99970,266,99573,166,99985,200,99537,66,100110,166,99338,100,100323,166,99236,100,100353,148,99062,100,100633,100,99033,100,100719,100,98956,100,100797,100,98840,100,100844,100,98813,100
2019-06-28 10:01:20.000000000,99897,100,99788,166,99970,266,99573,166,99985,200,99338,166,100110,166,99236,166,100323,100,99062,100,100353,148,99033,100,100633,100,98956,100,100719,100,98840,100,100797,100,98813,100,100844,100,,
2019-06-28 10:01:25.646608083,99897,100,99788,166,99970,266,99573,166,99985,200,99338,166,100110,166,99236,166,100323,100,99062,100,100353,148,99033,100,100633,100,98998,100,100719,100,98956,100,100844,100,98840,100,100854,200,98813,100
2019-06-28 10:01:30.000000000,99897,165,99788,231,99970,331,99573,231,99985,134,99338,100,100110,100,99236,100,100323,100,99062,100,100353,148,99033,100,100633,100,98998,100,100719,100,98956,100,100844,100,98840,100,100854,200,98813,100
2019-06-28 10:01:40.000000000,99897,165,99788,231,99970,331,99573,231,99985,134,99338,100,100110,100,99236,100,100323,100,99062,100,100353,148,99033,100,100633,100,98998,100,100719,100,98956,100,100844,100,98840,100,100854,200,98813,100
2019-06-28 10:01:46.388598465,99897,165,99788,131,99970,331,99573,231,99985,134,99338,100,100110,100,99236,100,100323,100,99062,100,100353,148,99033,100,100633,100,98998,100,100719,100,98956,100,100844,100,98840,100,100854,200,98813,100
2019-06-28 10:01:50.000000000,99897,86,99573,152,99970,252,99338,152,99985,186,99236,152,100110,152,99062,152,100323,152,99033,152,100353,148,98998,100,100633,100,98956,100,100719,100,98840,100,100844,100,98813,100,100854,200,,
2019-06-28 10:02:00.000000000,99897,86,99573,152,99970,252,99338,152,99985,186,99236,152,100110,152,99062,152,100323,152,99033,152,100353,148,98998,100,100633,100,98956,100,100719,100,98840,100,100844,100,98813,100,100854,200,,
2019-06-28 10:02:10.000000000,99897,100,99573,166,99970,266,99338,166,99985,200,99236,166,100110,166,99062,166,100323,100,99033,100,100353,148,98998,100,100633,100,98956,100,100719,100,98840,100,100844,100,98813,100,100854,200,,
2019-06-28 10:02:20.000000000,99897,296,99573,362,99970,200,99338,100,99985,134,99236,100,100110,100,99062,100,100323,100,99033,100,100353,148,98998,100,100633,100,98956,100,100719,100,98840,100,100844,100,98813,100,100854,200,,
2019-06-28 10:02:30.000000000,99897,123,99573,189,99970,286,99338,186,99985,220,99236,186,100110,100,99062,100,100323,100,99033,100,100353,148,98998,100,100633,100,98956,100,100719,100,98840,100,100844,100,98813,100,100854,200,,
2019-06-28 10:02:40.000000000,99897,123,99573,189,99970,286,99338,186,99985,220,99236,186,100110,100,99062,100,100323,100,99033,100,100353,148,98998,100,100633,100,98956,100,100719,100,98840,100,100844,100,98813,100,100854,200,,
2019-06-28 10:02:50.000000000,99897,86,99573,152,99970,252,99338,152,99985,186,99236,152,100110,152,99062,152,100323,152,99033,152,100353,148,98998,100,100633,100,98956,100,100719,100,98840,100,100844,100,98813,100,100854,200,,
2019-06-28 10:02:56.790981356,99897,86,99686,100,99970,252,99573,152,99985,186,99338,152,100110,152,99236,152,100323,152,99062,152,100353,148,99033,152,100633,100,98998,100,100719,100,98956,100,100844,100,98840,100,100854,200,,
2019-06-28 10:03:00.000000000,99897,123,99686,189,99970,286,99573,186,99985,220,99338,186,100110,100,99236,100,100323,100,99062,100,100353,148,99033,100,100633,100,98998,100,100719,100,98956,100,100844,100,98840,100,100854,200,,
2019-06-28 10:03:00.696072281,99897,123,99686,189,99970,386,99573,186,99985,220,99338,186,100110,100,99236,100,100323,100,99062,100,100353,100,99033,100,100633,100,98998,100,100719,100,98956,100,100844,100,98840,100,100854,200,,
2019-06-28 10:03:05.716087116,99845,100,99686,189,99897,123,99573,186,99970,386,99338,186,99985,220,99236,100,100110,100,99062,100,100323,100,99033,100,100353,100,98998,100,100633,100,98956,100,100719,100,98840,100,100844,100,,
2019-06-28 10:03:10.000000000,99845,152,99686,152,99897,86,99573,152,99970,352,99338,152,99985,186,99236,152,100110,152,99062,152,100323,100,99033,100,100353,100,98998,100,100633,100,98956,100,100719,100,98840,100,100844,100,,
2019-06-28 10:03:20.000000000,99845,189,99686,189,99897,120,99573,186,99970,386,99338,186,99985,134,99236,100,100110,100,99062,100,100323,100,99033,100,100353,100,98998,100,100633,100,98956,100,100719,100,98840,100,100844,100,,
2019-06-28 10:03:30.000000000,99845,362,99686,362,99897,34,99573,100,99970,300,99338,100,99985,134,99236,100,100110,100,99062,100,100323,100,99033,100,100353,100,98998,100,100633,100,98956,100,100719,100,98840,100,100844,100,,
2019-06-28 10:03:40.000000000,99845,189,99686,189,99897,120,99573,186,99970,386,99338,186,99985,134,99236,100,100110,100,99062,100,100323,100,99033,100,100353,100,98998,100,100633,100,98956,100,100719,100,98840,100,100844,100,,
2019-06-28 10:03:49.079703976,99845,89,99686,189,99897,120,99573,186,99970,386,99338,186,99985,134,99236,100,100110,100,99062,100,100323,100,99033,100,100353,100,98998,100,100633,100,98956,100,100719,100,98840,100,100844,100,,
2019-06-28 10:03:50.000000000,99897,165,99686,231,99970,431,99573,231,99985,134,99338,100,100110,100,99236,100,100323,100,99062,100,100353,100,99033,100,100633,100,98998,100,100719,100,98956,100,100844,100,98840,100,100854,200,,
2019-06-28 10:04:00.000000000,99897,86,99686,152,99970,352,99573,152,99985,186,99338,152,100110,152,99236,152,100323,152,99062,152,100353,100,99033,100,100633,100,98998,100,100719,100,98956,100,100844,100,98840,100,100854,200,,
2019-06-28 10:04:10.000000000,99897,100,99686,166,99970,366,99573,166,99985,200,99338,166,100110,166,99236,166,100323,100,99062,100,100353,100,99033,100,100633,100,98998,100,100719,100,98956,100,100844,100,98840,100,100854,200,,
2019-06-28 10:04:20.000000000,99897,86,99686,152,99970,352,99573,152,99985,186,99338,152,100110,152,99236,152,100323,152,99062,152,100353,100,99033,100,100633,100,98998,100,100719,100,98956,100,100844,100,98840,100,100854,200,,
2019-06-28 10:04:23.647539798,99970,352,99897,14,99985,186,99686,152,100110,152,99573,152,100323,152,99338,152,100353,100,99236,152,100633,100,99062,152,100719,100,99033,100,100844,100,98998,100,100854,200,98956,100,100894,100,98840,100
2019-06-28 10:04:27.034717240,99970,252,99897,14,99985,186,99686,152,100110,152,99573,152,100323,152,99338,152,100353,100,99236,152,100633,100,99062,152,100719,100,99033,100,100844,100,98998,100,100854,200,98956,100,100894,100,98840,100
2019-06-28 10:04:30.000000000,99970,331,99897,145,99985,265,99686,231,100110,100,99573,100,100323,100,99338,100,100353,100,99236,100,100633,100,99062,100,100719,100,99033,100,100844,100,98998,100,100854,200,98956,100,100894,100,98840,100
2019-06-28 10:04:40.000000000,99970,331,99897,145,99985,265,99686,231,100110,100,99573,100,100323,100,99338,100,100353,100,99236,100,100633,100,99062,100,100719,100,99033,100,100844,100,98998,100,100854,200,98956,100,100894,100,98840,100
2019-06-28 10:04:48.060784281,99970,331,99897,145,99985,265,99686,231,100110,100,99573,100,100323,100,99338,100,100353,100,99236,100,100633,100,99062,100,100719,100,99033,100,100844,100,98998,100,100854,200,98956,100,100894,100,98840,100
2019-06-28 10:04:50.000000000,99970,462,99897,276,99985,134,99686,100,100110,100,99573,100,100323,100,99338,100,100353,100,99236,100,100633,100,99062,100,100719,100,99033,100,100844,100,98998,100,100854,200,98956,100,100894,100,98840,100
2019-06-28 10:05:00.000000000,99970,462,99897,276,99985,134,99686,100,100110,100,99573,100,100323,100,99338,100,100353,100,99236,100,100633,100,99062,100,100719,100,99033,100,100844,100,98998,100,100854,200,98956,100,100894,100,98840,100
2019-06-28 10:05:10.000000000,99970,331,99897,145,99985,265,99686,231,100110,100,99573,100,100323,100,99338,100,100353,100,99236,100,100633,100,99062,100,100719,100,99033,100,100844,100,98998,100,100854,200,98956,100,100894,100,98840,100
2019-06-28 10:05:20.000000000,99970,252,99897,66,99985,186,99686,152,100110,152,99573,152,100323,152,99338,152,100353,152,99236,152,100633,100,99062,100,100719,100,99033,100,100844,100,98998,100,100854,200,98956,100,100894,100,98840,100
2019-06-28 10:05:26.548759131,99970,252,99897,66,99985,186,99686,152,100110,152,99573,152,100323,152,99338,52,100353,152,99236,152,100633,100,99062,100,100719,100,99033,100,100839,100,98998,100,100844,100,98956,100,100854,200,98840,100
2019-06-28 10:05:30.000000000,99970,289,99897,103,99985,220,99686,186,100110,186,99573,186,100323,100,99236,100,100353,100,99062,100,100633,100,99033,100,100719,100,98998,100,100839,100,98956,100,100844,100,98840,100,100854,200,,
2019-06-28 10:05:40.000000000,99970,289,99897,103,99985,220,99686,186,100110,186,99573,186,100323,100,99236,100,100353,100,99062,100,100633,100,99033,100,100719,100,98998,100,100839,100,98956,100,100844,100,98840,100,100854,200,,
2019-06-28 10:05:50.000000000,99970,331,99897,145,99985,265,99686,231,100110,100,99573,100,100323,100,99236,100,100353,100,99062,100,100633,100,99033,100,100719,100,98998,100,100839,100,98956,100,100844,100,98840,100,100854,200,,
2019-06-28 10:05:51.541488021,99970,331,99897,245,99985,265,99686,231,100110,100,99573,100,100323,100,99236,100,100353,100,99062,100,100633,100,99033,100,100719,100,98998,100,100839,100,98956,100,100844,100,98840,100,100854,200,,
2019-06-28 10:06:00.000000000,99970,462,99897,376,99985,134,99686,100,100110,100,99573,100,100323,100,99236,100,100353,100,99062,100,100633,100,99033,100,100719,100,98998,100,100839,100,98956,100,100844,100,98840,100,100854,200,,
2019-06-28 10:06:00.675771277,99970,362,99897,376,99985,134,99686,100,100110,100,99573,100,100323,100,99062,100,100353,100,99033,100,100633,100,98998,100,100719,100,98956,100,100839,100,98840,100,100844,100,,,100854,200,,
2019-06-28 10:06:10.000000000,99970,231,99897,245,99985,265,99686,231,100110,100,99573,100,100323,100,99062,100,100353,100,99033,100,100633,100,98998,100,100719,100,98956,100,100839,100,98840,100,100844,100,,,100854,200,,
2019-06-28 10:06:20.000000000,99970,231,99897,245,99985,265,99686,231,100110,100,99573,100,100323,100,99062,100,100353,100,99033,100,100633,100,98998,100,100719,100,98956,100,100839,100,98840,100,100844,100,,,100854,200,,
2019-06-28 10:06:30.000000000,99970,231,99897,245,99985,265,99686,231,100110,100,99573,100,100323,100,99062,100,100353,100,99033,100,100633,100,98998,100,100719,100,98956,100,100839,100,98840,100,100844,100,,,100854,200,,
2019-06-28 10:06:40.000000000,99970,231,99897,245,99985,265,99686,231,100110,100,99573,100,100323,100,99062,100,100353,100,99033,100,100633,100,98998,100,100719,100,98956,100,100839,100,98840,100,100844,100,,,100854,200,,
2019-06-28 10:06:50.000000000,99970,166,99897,180,99985,200,99686,166,100110,166,99573,166,100323,166,99062,166,100353,100,99033,100,100633,100,98998,100,100719,100,98956,100,100839,100,98840,100,100844,100,,,100854,200,,
2019-06-28 10:06:55.189060426,99970,166,99897,180,99985,200,99686,166,100110,166,99573,166,100323,166,99062,166,100353,100,99033,100,100592,100,98998,100,100633,100,98956,100,100719,100,98840,100,100839,100,,,100844,100,,
2019-06-28 10:07:00.000000000,99970,152,99897,166,99985,186,99686,152,100110,152,99573,152,100323,152,99062,152,100353,152,99033,152,100592,100,98998,100,100633,100,98956,100,100719,100,98840,100,100839,100,,,100844,100,,
2019-06-28 10:07:10.000000000,99970,152,99897,166,99985,186,99686,152,100110,152,99573,152,100323,152,99062,152,100353,152,99033,152,100592,100,98998,100,100633,100,98956,100,100719,100,98840,100,100839,100,,,100844,100,,
2019-06-28 10:07:20.000000000,99970,231,99897,245,99985,265,99686,231,100110,100,99573,100,100323,100,99062,100,100353,100,99033,100,100592,100,98998,100,100633,100,98956,100,100719,100,98840,100,100839,100,,,100844,100,,
2019-06-28 10:07:30.000000000,99970,231,99897,245,99985,265,99686,231,100110,100,99573,100,100323,100,99062,100,100353,100,99033,100,100592,100,98998,100,100633,100,98956,100,100719,100,98840,100,100839,100,,,100844,100,,
2019-06-28 10:07:40.000000000,99970,166,99897,180,99985,200,99686,166,100110,166,99573,166,100323,166,99062,166,100353,100,99033,100,100592,100,98998,100,100633,100,98956,100,100719,100,98840,100,100839,100,,,100844,100,,
2019-06-28 10:07:40.593356138,99970,166,99897,180,99985,200,99686,166,100110,166,99573,166,100323,166,99062,166,100353,100,99033,100,100383,100,98998,100,100592,100,98956,100,100633,100,98840,100,100719,100,,,100839,100,,
2019-06-28 10:07:46.727476978,99970,66,99897,180,99985,200,99686,166,100110,166,99573,166,100323,166,99062,166,100353,100,99033,100,100383,100,98998,100,100592,100,98956,100,100633,100,98840,100,100719,100,,,100839,100,,
2019-06-28 10:07:50.000000000,99985,186,99897,166,100110,152,99686,152,100323,152,99573,152,100353,152,99062,152,100383,152,99033,152,100592,100,98998,100,100633,100,98956,100,100719,100,98840,100,100839,100,,,100844,100,,
2019-06-28 10:08:00.000000000,99985,223,99897,203,100110,186,99686,186,100323,186,99573,186,100353,100,99062,100,100383,100,99033,100,100592,100,98998,100,100633,100,98956,100,100719,100,98840,100,100839,100,,,100844,100,,
2019-06-28 10:08:00.993094593,99985,223,99897,203,100110,186,99686,186,100323,186,99573,186,100353,100,99062,100,100383,100,99033,100,100555,100,98998,100,100592,100,98956,100,100633,100,98840,100,100719,100,,,100839,100,,
2019-06-28 10:08:06.474147654,99985,223,99897,203,100110,186,99686,186,100215,100,99573,186,100323,186,99062,100,100353,100,99033,100,100383,100,98998,100,100555,100,98956,100,100592,100,98840,100,100633,100,,,100719,100,,
2019-06-28 10:08:10.000000000,99985,200,99897,180,100110,166,99686,166,100215,166,99573,166,100323,166,99062,166,100353,100,99033,100,100383,100,98998,100,100555,100,98956,100,100592,100,98840,100,100633,100,,,100719,100,,
2019-06-28 10:08:20.000000000,99985,186,99897,166,100110,152,99686,152,100215,152,99573,152,100323,152,99062,152,100353,152,99033,152,100383,100,98998,100,100555,100,98956,100,100592,100,98840,100,100633,100,,,100719,100,,
