,ask_price_1,ask_size_1,bid_price_1,bid_size_1,ask_price_2,ask_size_2,bid_price_2,bid_size_2,ask_price_3,ask_size_3,bid_price_3,bid_size_3,ask_price_4,ask_size_4,bid_price_4,bid_size_4,ask_price_5,ask_size_5,bid_price_5,bid_size_5,ask_price_6,ask_size_6,bid_price_6,bid_size_6,ask_price_7,ask_size_7,bid_price_7,bid_size_7,ask_price_8,ask_size_8,bid_price_8,bid_size_8,ask_price_9,ask_size_9,bid_price_9,bid_size_9,ask_price_10,ask_size_10,bid_price_10,bid_size_10
2019-06-28 09:30:00.000000000,100066,100,99884,100,,,,,,,,,,,,,,,,,,,,,,,,,,,,,,,,,,,,
2019-06-28 09:30:00.000000001,100066,100,99975,100,,,99884,100,,,,,,,,,,,,,,,,,,,,,,,,,,,,,,,,
2019-06-28 09:30:00.000000007,100066,100,99975,100,100068,100,99884,100,,,99778,100,,,,,,,,,,,,,,,,,,,,,,,,,,,,
2019-06-28 09:30:00.000000011,100066,100,100045,100,100068,100,99975,100,,,99884,100,,,99778,100,,,,,,,,,,,,,,,,,,,,,,,,
2019-06-28 09:30:00.000000012,100066,100,100045,100,100068,100,99975,100,,,99894,100,,,99884,100,,,99778,100,,,,,,,,,,,,,,,,,,,,
2019-06-28 09:30:00.000000013,100058,100,100045,100,100066,100,100012,100,100068,100,99975,100,,,99894,100,,,99884,100,,,99778,100,,,,,,,,,,,,,,,,
2019-06-28 09:30:00.000000014,100058,100,100045,100,100066,100,100012,100,100068,100,99991,100,,,99988,100,,,99975,100,,,99894,100,,,99884,100,,,99778,100,,,,,,,,
2019-06-28 09:30:00.000000015,100049,100,100045,100,100058,100,100012,100,100066,100,99991,100,100068,100,99988,100,,,99975,100,,,99894,100,,,99884,100,,,99778,100,,,,,,,,
2019-06-28 09:30:00.000000016,100049,100,100045,100,100058,100,100012,100,100066,100,99991,100,100068,100,99988,100,100129,100,99975,100,,,99894,100,,,99884,100,,,99839,100,,,99778,100,,,,
2019-06-28 09:30:00.000000018,100049,100,100045,100,100058,100,100012,100,100066,100,99991,100,100068,100,99988,100,100129,100,99975,100,,,99915,100,,,99894,100,,,99884,100,,,99839,100,,,99778,100
2019-06-28 09:30:00.000000020,100049,100,100012,100,100058,100,99991,100,100066,100,99988,100,100068,100,99975,100,100129,100,99939,100,,,99915,100,,,99894,100,,,99884,100,,,99839,100,,,99778,100
2019-06-28 09:30:00.000000022,100049,100,99991,100,100058,100,99988,100,100066,100,99975,100,100068,100,99939,100,100129,100,99915,100,,,99894,100,,,99884,100,,,99839,100,,,99778,100,,,,
2019-06-28 09:30:00.000000023,100049,100,99991,100,100058,100,99988,100,100066,100,99982,100,100068,100,99975,100,100129,100,99939,100,,,99915,100,,,99894,100,,,99884,100,,,99839,100,,,99778,100
2019-06-28 09:30:00.000000025,100049,100,99991,100,100058,100,99988,100,100066,100,99983,100,100068,100,99982,100,100091,100,99975,100,100129,100,99939,100,,,99915,100,,,99907,100,,,99894,100,,,99884,100
2019-06-28 09:30:00.000000027,100049,100,99988,100,100058,100,99983,100,100066,100,99982,100,100068,100,99975,100,100091,100,99939,100,100129,100,99915,100,,,99907,100,,,99894,100,,,99884,100,,,99839,100
2019-06-28 09:30:00.000000028,100041,100,99988,100,100049,100,99983,100,100058,100,99982,100,100066,100,99975,100,100068,100,99939,100,100091,100,99915,100,100129,100,99907,100,,,99894,100,,,99884,100,,,99839,100
2019-06-28 09:30:00.000000033,100041,100,99988,100,100049,100,99983,100,100058,100,99982,100,100066,100,99975,100,100068,100,99939,100,100091,100,99915,100,100129,100,99907,100,,,99894,100,,,99884,100,,,99839,100
2019-06-28 09:30:00.000000034,100041,100,99988,100,100049,100,99983,100,100058,100,99982,100,100066,100,99975,100,100068,100,99939,100,100091,100,99915,100,100095,100,99907,100,100129,100,99894,100,,,99884,100,,,99839,100
2019-06-28 09:30:00.000000037,100041,100,100018,100,100049,100,99988,100,100058,100,99983,100,100066,100,99982,100,100068,100,99975,100,100091,100,99939,100,100095,100,99915,100,100129,100,99907,100,,,99894,100,,,99884,100
2019-06-28 09:30:00.000000038,100041,100,100018,100,100049,100,99988,100,100058,100,99983,100,100066,100,99982,100,100068,100,99975,100,100091,100,99939,100,100095,100,99915,100,100129,100,99907,100,,,99897,100,,,99894,100
2019-06-28 09:30:00.000000039,100041,100,99988,100,100049,100,99983,100,100058,100,99982,100,100066,100,99975,100,100068,100,99939,100,100073,100,99915,100,100091,100,99907,100,100095,100,99897,100,100129,100,99894,100,,,99884,100
2019-06-28 09:30:00.000000040,100041,100,99988,100,100049,100,99983,100,100058,100,99982,100,100066,100,99975,100,100068,100,99939,100,100073,100,99915,100,100091,100,99909,100,100095,100,99907,100,100129,100,99897,100,,,99894,100
2019-06-28 09:30:00.000000044,100041,100,99988,100,100049,100,99983,100,100058,100,99982,100,100066,100,99976,100,100068,100,99975,100,100073,100,99939,100,100087,100,99915,100,100091,100,99909,100,100095,100,99907,100,100129,100,99897,100
2019-06-28 09:30:00.000000046,100041,100,99988,100,100049,100,99983,100,100058,100,99982,100,100066,100,99976,100,100068,100,99975,100,100073,100,99974,100,100087,100,99939,100,100091,100,99915,100,100095,100,99909,100,100129,100,99907,100
2019-06-28 09:30:00.000000048,100041,100,99988,100,100049,100,99983,100,100058,100,99982,100,100066,100,99976,100,100068,100,99975,100,100073,100,99974,100,100087,100,99939,100,100091,100,99936,100,100095,100,99915,100,100129,100,99909,100
2019-06-28 09:30:00.000000051,100018,100,99988,100,100041,100,99983,100,100049,100,99982,100,100058,100,99976,100,100066,100,99975,100,100068,100,99974,100,100073,100,99939,100,100087,100,99936,100,100091,100,99915,100,100095,100,99909,100
2019-06-28 09:30:00.000000052,100018,100,99988,100,100041,100,99983,100,100049,100,99982,100,100058,100,99976,100,100066,100,99975,100,100068,100,99974,100,100073,100,99948,100,100087,100,99939,100,100091,100,99936,100,100095,100,99915,100
2019-06-28 09:30:00.000000056,100018,100,99991,100,100041,100,99988,100,100049,100,99983,100,100058,100,99982,100,100066,100,99976,100,100068,100,99975,100,100073,100,99974,100,100087,100,99948,100,100091,100,99939,100,100095,100,99936,100
2019-06-28 09:30:00.000000057,100018,100,99991,100,100041,100,99988,100,100049,100,99983,100,100058,100,99982,100,100066,100,99976,100,100068,100,99975,100,100073,100,99974,100,100087,100,99948,100,100091,100,99939,100,100095,100,99936,100
2019-06-28 09:30:00.000000060,100018,100,99991,100,100041,100,99988,100,100042,100,99983,100,100049,100,99982,100,100058,100,99976,100,100066,100,99975,100,100068,100,99974,100,100073,100,99948,100,100087,100,99939,100,100091,100,99936,100
2019-06-28 09:30:00.000000065,100012,100,99991,100,100018,100,99988,100,100041,100,99983,100,100042,100,99982,100,100049,100,99976,100,100058,100,99975,100,100066,100,99974,100,100068,100,99948,100,100073,100,99939,100,100087,100,99936,100
2019-06-28 09:30:00.000000066,100012,100,99991,100,100018,100,99988,100,100041,100,99983,100,100042,100,99982,100,100049,100,99976,100,100058,100,99975,100,100066,100,99974,100,100068,100,99948,100,100073,100,99939,100,100087,100,99936,100
2019-06-28 09:30:00.000000068,100012,100,99991,100,100018,100,99988,100,100041,100,99983,100,100042,100,99982,100,100049,100,99976,100,100058,100,99975,100,100066,100,99974,100,100068,100,99949,100,100073,100,99948,100,100087,100,99939,100
2019-06-28 09:30:00.000000070,100012,100,99991,100,100018,200,99988,100,100041,100,99983,100,100042,100,99982,100,100049,100,99976,100,100058,100,99975,100,100066,100,99974,100,100068,100,99949,100,100073,100,99948,100,100087,100,99939,100
2019-06-28 09:30:00.000000074,100012,100,99999,100,100018,200,99991,100,100041,100,99988,100,100042,100,99983,100,100049,100,99982,100,100058,100,99976,100,100066,100,99975,100,100068,100,99974,100,100073,100,99949,100,100087,100,99948,100
2019-06-28 09:30:00.000000077,100018,200,99999,100,100041,100,99991,100,100042,100,99988,100,100049,100,99983,100,100058,100,99982,100,100066,100,99976,100,100068,100,99975,100,100073,100,99974,100,100087,100,99949,100,100091,100,99948,100
2019-06-28 09:30:00.000000079,100018,200,99999,100,100041,100,99991,100,100042,100,99988,100,100049,100,99983,100,100058,100,99982,100,100066,100,99976,100,100068,100,99975,200,100073,100,99974,100,100087,100,99949,100,100091,100,99948,100
2019-06-28 09:30:00.000000080,100018,100,99999,100,100041,100,99991,100,100042,100,99988,100,100049,100,99983,100,100058,100,99982,100,100066,100,99976,100,100068,100,99975,200,100073,100,99974,100,100087,100,99949,100,100091,100,99948,100
2019-06-28 09:30:00.000000082,100018,100,99999,100,100041,100,99991,100,100042,100,99988,100,100049,100,99983,100,100058,100,99982,100,100066,100,99976,100,100068,100,99975,200,100073,100,99974,100,100087,100,99949,100,100091,100,99948,100
2019-06-28 09:30:00.000000084,100018,100,99999,100,100041,200,99991,100,100042,100,99988,100,100049,100,99983,100,100058,100,99982,100,100066,100,99976,100,100068,100,99975,200,100073,100,99974,100,100087,100,99949,100,100091,100,99948,100
2019-06-28 09:30:00.000000088,100018,100,99999,100,100041,200,99991,100,100042,100,99988,100,100049,100,99983,100,100058,100,99982,100,100066,100,99976,100,100068,100,99975,200,100073,100,99974,100,100087,100,99949,100,100091,100,99948,100
2019-06-28 09:30:00.000000090,100018,100,99991,100,100041,200,99988,100,100042,100,99983,100,100049,100,99982,100,100058,100,99976,100,100066,100,99975,200,100068,100,99974,100,100073,100,99949,100,100087,100,99948,100,100091,100,99947,100
2019-06-28 09:30:00.000000093,100018,100,99988,100,100041,200,99983,100,100042,100,99982,100,100049,100,99976,100,100058,100,99975,200,100066,100,99974,100,100068,100,99954,100,100073,100,99949,100,100087,100,99948,100,100091,100,99947,100
2019-06-28 09:30:00.000000094,100018,100,99988,100,100041,200,99983,100,100042,100,99982,100,100049,100,99976,100,100058,100,99975,200,100066,100,99974,100,100068,100,99954,200,100073,100,99949,100,100087,100,99948,100,100091,100,99947,100
2019-06-28 09:30:00.000000099,100018,100,99988,100,100041,200,99983,100,100042,100,99982,100,100049,100,99976,100,100058,100,99975,200,100066,100,99974,100,100068,100,99954,200,100073,100,99949,100,100087,100,99948,100,100091,100,99947,100
2019-06-28 09:30:02.739306903,100018,100,99988,100,100041,100,99983,100,100042,100,99982,100,100049,100,99976,100,100058,100,99975,200,100066,100,99974,100,100068,100,99954,200,100072,100,99949,100,100073,100,99948,100,100087,100,99947,100
2019-06-28 09:30:04.118289191,100018,100,99988,100,100041,100,99983,100,100042,100,99982,100,100049,100,99976,100,100058,100,99975,200,100066,100,99974,100,100068,100,99954,200,100072,100,99949,100,100073,100,99948,100,100087,100,99939,200
2019-06-28 09:30:10.000000000,100018,586,99988,586,100041,100,99983,100,100042,100,99982,100,100049,100,99976,100,100058,100,99975,200,100066,100,99974,100,100068,100,99954,200,100072,100,99949,100,100073,100,99948,100,100087,100,99939,200
2019-06-28 09:30:10.772779255,99999,100,99988,586,100018,586,99983,100,100041,100,99982,100,100042,100,99976,100,100049,100,99975,200,100058,100,99974,100,100066,100,99954,200,100068,100,99949,100,100072,100,99948,100,100073,100,99939,200
2019-06-28 09:30:13.807690674,100018,586,99988,586,100041,100,99983,100,100042,100,99982,100,100049,100,99976,100,100058,100,99975,200,100066,100,99974,100,100068,100,99954,200,100072,100,99949,100,100073,100,99939,200,100087,100,99936,100
2019-06-28 09:30:20.000000000,100018,265,99988,265,100041,260,99983,260,100042,260,99982,260,100049,100,99976,100,100058,100,99975,200,100066,100,99974,100,100068,100,99954,200,100072,100,99949,100,100073,100,99939,200,100087,100,99936,100
2019-06-28 09:30:30.000000000,100018,265,99988,265,100041,260,99983,260,100042,260,99982,260,100049,100,99976,100,100058,100,99975,200,100066,100,99974,100,100068,100,99954,200,100072,100,99949,100,100073,100,99939,200,100087,100,99936,100
2019-06-28 09:30:35.124552644,100018,265,99988,265,100041,260,99983,260,100042,260,99982,260,100049,100,99976,100,100058,100,99975,200,100066,100,99974,100,100068,100,99954,200,100072,100,99949,100,100073,100,99939,200,100087,100,99936,100
2019-06-28 09:30:40.000000000,100018,197,99988,197,100041,197,99983,197,100042,197,99982,197,100049,197,99976,197,100058,197,99975,297,100066,100,99974,100,100068,100,99954,200,100072,100,99949,100,100073,100,99939,200,100087,100,99936,100
2019-06-28 09:30:49.513701451,100018,197,99988,197,100041,197,99983,197,100042,197,99982,197,100049,197,99976,197,100058,197,99975,297,100066,100,99974,100,100068,100,99954,200,100072,100,99949,100,100073,100,99939,200,100087,100,99936,100
2019-06-28 09:30:50.000000000,100018,343,99988,343,100041,343,99983,343,100042,100,99982,100,100049,100,99976,100,100058,100,99975,200,100066,100,99974,100,100068,100,99954,200,100072,100,99949,100,100073,100,99939,200,100087,100,99936,100
2019-06-28 09:30:54.469704922,100018,343,99988,343,100041,343,99983,343,100042,100,99982,100,100049,100,99976,100,100058,100,99975,200,100066,100,99974,100,100068,100,99954,200,100072,100,99949,100,100073,100,99939,200,100087,100,99936,100
2019-06-28 09:30:54.690863740,100018,343,99988,243,100041,343,99983,343,100042,100,99982,100,100049,100,99976,100,100058,100,99975,200,100066,100,99974,100,100068,100,99954,200,100072,100,99949,100,100073,100,99939,200,100087,100,99936,100
2019-06-28 09:30:56.814853401,100018,343,99988,143,100041,343,99983,343,100042,100,99982,100,100049,100,99976,100,100058,100,99975,200,100066,100,99974,100,100068,100,99954,200,100072,100,99949,100,100073,100,99939,200,100087,100,99936,100
2019-06-28 09:31:00.000000000,100018,343,99983,343,100041,343,99982,343,100042,100,99976,100,100049,100,99975,200,100058,100,99974,100,100066,100,99954,200,100068,100,99949,100,100072,100,99939,200,100073,100,99936,100,100087,100,99934,100
2019-06-28 09:31:10.000000000,100018,222,99983,222,100041,222,99982,222,100042,222,99976,222,100049,222,99975,322,100058,100,99974,100,100066,100,99954,200,100068,100,99949,100,100072,100,99939,200,100073,100,99936,100,100087,100,99934,100
2019-06-28 09:31:20.000000000,100018,265,99983,265,100041,260,99982,260,100042,260,99976,260,100049,100,99975,200,100058,100,99974,100,100066,100,99954,200,100068,100,99949,100,100072,100,99939,200,100073,100,99936,100,100087,100,99934,100
2019-06-28 09:31:30.000000000,100018,222,99983,222,100041,222,99982,222,100042,222,99976,222,100049,222,99975,322,100058,100,99974,100,100066,100,99954,200,100068,100,99949,100,100072,100,99939,200,100073,100,99936,100,100087,100,99934,100
2019-06-28 09:31:35.012912761,99988,100,99983,222,100018,222,99982,222,100041,222,99976,222,100042,222,99975,222,100049,222,99974,100,100058,100,99954,200,100066,100,99949,100,100068,100,99939,200,100072,100,99936,100,100073,100,99934,100
2019-06-28 09:31:40.000000000,99988,222,99983,222,100018,222,99982,222,100041,222,99976,222,100042,222,99975,222,100049,100,99974,100,100058,100,99954,200,100066,100,99949,100,100068,100,99939,200,100072,100,99936,100,100073,100,99934,100
2019-06-28 09:31:50.000000000,99988,222,99983,222,100018,222,99982,222,100041,222,99976,222,100042,222,99975,222,100049,100,99974,100,100058,100,99954,200,100066,100,99949,100,100068,100,99939,200,100072,100,99936,100,100073,100,99934,100
2019-06-28 09:32:00.000000000,99988,265,99983,265,100018,260,99982,260,100041,260,99976,260,100042,100,99975,100,100049,100,99974,100,100058,100,99954,200,100066,100,99949,100,100068,100,99939,200,100072,100,99936,100,100073,100,99934,100
2019-06-28 09:32:04.421483066,99988,265,99983,165,100018,260,99982,260,100041,260,99976,260,100042,100,99975,100,100049,100,99974,100,100058,100,99954,200,100066,100,99949,100,100068,100,99939,200,100072,100,99936,100,100073,100,99934,100
2019-06-28 09:32:06.350839541,99988,265,99983,165,100018,260,99982,260,100041,260,99976,260,100042,100,99975,100,100049,100,99974,100,100058,100,99954,200,100066,100,99949,100,100068,100,99939,200,100072,100,99936,100,100073,100,99934,100
2019-06-28 09:32:10.000000000,99988,343,99982,343,100018,343,99976,343,100041,100,99975,100,100042,100,99974,100,100049,100,99954,200,100058,100,99949,100,100066,100,99939,200,100068,100,99936,100,100072,100,99934,100,100073,100,99915,100
2019-06-28 09:32:20.000000000,99988,586,99982,586,100018,100,99976,100,100041,100,99975,100,100042,100,99974,100,100049,100,99954,200,100058,100,99949,100,100066,100,99939,200,100068,100,99936,100,100072,100,99934,100,100073,100,99915,100
2019-06-28 09:32:30.000000000,99988,343,99982,343,100018,343,99976,343,100041,100,99975,100,100042,100,99974,100,100049,100,99954,200,100058,100,99949,100,100066,100,99939,200,100068,100,99936,100,100072,100,99934,100,100073,100,99915,100
2019-06-28 09:32:37.508803728,99988,343,99982,343,100018,343,99976,343,100041,100,99974,100,100042,100,99954,200,100049,100,99949,100,100058,100,99939,200,100066,100,99936,100,100068,100,99934,100,100072,100,99915,100,100073,100,99909,100
2019-06-28 09:32:40.000000000,99988,265,99982,265,100018,260,99976,260,100041,260,99974,260,100042,100,99954,200,100049,100,99949,100,100058,100,99939,200,100066,100,99936,100,100068,100,99934,100,100072,100,99915,100,100073,100,99909,100
2019-06-28 09:32:50.000000000,99988,197,99982,197,100018,197,99976,197,100041,197,99974,197,100042,197,99954,297,100049,197,99949,197,100058,100,99939,200,100066,100,99936,100,100068,100,99934,100,100072,100,99915,100,100073,100,99909,100
2019-06-28 09:32:50.933073107,99988,97,99982,197,100018,197,99976,197,100041,197,99974,197,100042,197,99954,297,100049,197,99949,197,100058,100,99939,200,100066,100,99936,100,100068,100,99934,100,100072,100,99915,100,100073,100,99909,100
2019-06-28 09:32:59.513331482,99988,97,99982,197,100018,197,99976,197,100041,197,99974,197,100042,197,99954,297,100049,197,99949,197,100058,100,99939,200,100066,100,99936,100,100068,100,99934,100,100072,100,99915,100,100073,100,99909,100
2019-06-28 09:32:59.828855379,99988,97,99982,197,100018,197,99976,197,100041,197,99974,197,100042,197,99954,297,100049,197,99949,197,100058,100,99939,200,100066,100,99936,100,100068,100,99934,100,100072,100,99915,100,100073,100,99909,100
2019-06-28 09:33:00.000000000,100018,343,99982,343,100041,343,99976,343,100042,100,99974,100,100049,100,99954,200,100058,100,99949,100,100066,100,99939,200,100068,100,99936,100,100072,100,99934,100,100073,100,99915,100,100087,100,99909,100
2019-06-28 09:33:10.000000000,100018,222,99982,222,100041,222,99976,222,100042,222,99974,222,100049,222,99954,322,100058,100,99949,100,100066,100,99939,200,100068,100,99936,100,100072,100,99934,100,100073,100,99915,100,100087,100,99909,100
2019-06-28 09:33:20.000000000,100018,222,99982,222,100041,222,99976,222,100042,222,99974,222,100049,222,99954,322,100058,100,99949,100,100066,100,99939,200,100068,100,99936,100,100072,100,99934,100,100073,100,99915,100,100087,100,99909,100
2019-06-28 09:33:26.000391471,100018,222,99982,222,100041,222,99976,222,100042,222,99974,222,100049,222,99954,222,100058,100,99949,100,100066,100,99939,200,100068,100,99936,100,100072,100,99934,100,100073,100,99915,100,100087,100,99909,100
2019-06-28 09:33:30.000000000,100018,586,99982,586,100041,100,99976,100,100042,100,99974,100,100049,100,99954,100,100058,100,99949,100,100066,100,99939,200,100068,100,99936,100,100072,100,99934,100,100073,100,99915,100,100087,100,99909,100
2019-06-28 09:33:40.000000000,100018,197,99982,197,100041,197,99976,197,100042,197,99974,197,100049,197,99954,197,100058,197,99949,197,100066,100,99939,200,100068,100,99936,100,100072,100,99934,100,100073,100,99915,100,100087,100,99909,100
2019-06-28 09:33:42.206666858,100018,197,99982,197,100041,197,99976,197,100042,197,99974,197,100049,197,99954,197,100058,197,99949,197,100066,100,99939,200,100072,100,99936,100,100073,100,99934,100,100087,100,99915,100,100091,100,99909,100
2019-06-28 09:33:50.000000000,100018,222,99982,222,100041,222,99976,222,100042,222,99974,222,100049,222,99954,222,100058,100,99949,100,100066,100,99939,200,100072,100,99936,100,100073,100,99934,100,100087,100,99915,100,100091,100,99909,100
2019-06-28 09:34:00.000000000,100018,222,99982,222,100041,222,99976,222,100042,222,99974,222,100049,222,99954,222,100058,100,99949,100,100066,100,99939,200,100072,100,99936,100,100073,100,99934,100,100087,100,99915,100,100091,100,99909,100
2019-06-28 09:34:04.891518653,100018,222,99982,222,100041,222,99976,222,100042,222,99974,222,100049,222,99954,222,100058,100,99949,100,100066,100,99939,200,100072,100,99936,100,100073,100,99934,100,100087,100,99915,100,100091,100,99909,100
2019-06-28 09:34:10.000000000,100018,343,99982,343,100041,343,99976,343,100042,100,99974,100,100049,100,99954,100,100058,100,99949,100,100066,100,99939,200,100072,100,99936,100,100073,100,99934,100,100087,100,99915,100,100091,100,99909,100
2019-06-28 09:34:14.297316781,100018,343,99982,243,100041,343,99976,343,100042,100,99974,100,100049,100,99954,100,100058,100,99949,100,100066,100,99939,200,100072,100,99936,100,100073,100,99934,100,100087,100,99915,100,100091,100,99909,100
2019-06-28 09:34:20.000000000,100018,265,99976,265,100041,260,99974,260,100042,260,99954,260,100049,100,99949,100,100058,100,99939,200,100066,100,99936,100,100072,100,99934,100,100073,100,99915,100,100087,100,99909,100,100091,100,99894,100
2019-06-28 09:34:30.000000000,100018,343,99976,343,100041,343,99974,343,100042,100,99954,100,100049,100,99949,100,100058,100,99939,200,100066,100,99936,100,100072,100,99934,100,100073,100,99915,100,100087,100,99909,100,100091,100,99894,100
2019-06-28 09:34:40.000000000,100018,343,99976,343,100041,343,99974,343,100042,100,99954,100,100049,100,99949,100,100058,100,99939,200,100066,100,99936,100,100072,100,99934,100,100073,100,99915,100,100087,100,99909,100,100091,100,99894,100
2019-06-28 09:34:50.000000000,100018,197,99976,197,100041,197,99974,197,100042,197,99954,197,100049,197,99949,197,100058,197,99939,297,100066,100,99936,100,100072,100,99934,100,100073,100,99915,100,100087,100,99909,100,100091,100,99894,100
2019-06-28 09:35:00.000000000,100018,343,99976,343,100041,343,99974,343,100042,100,99954,100,100049,100,99949,100,100058,100,99939,200,100066,100,99936,100,100072,100,99934,100,100073,100,99915,100,100087,100,99909,100,100091,100,99894,100
2019-06-28 09:35:04.089348459,99983,100,99976,343,100018,343,99974,343,100041,343,99954,100,100042,100,99949,100,100049,100,99939,200,100058,100,99936,100,100066,100,99934,100,100072,100,99915,100,100073,100,99909,100,100087,100,99894,100
2019-06-28 09:35:10.000000000,99983,586,99976,586,100018,100,99974,100,100041,100,99954,100,100042,100,99949,100,100049,100,99939,200,100058,100,99936,100,100066,100,99934,100,100072,100,99915,100,100073,100,99909,100,100087,100,99894,100
2019-06-28 09:35:20.000000000,99983,343,99976,343,100018,343,99974,343,100041,100,99954,100,100042,100,99949,100,100049,100,99939,200,100058,100,99936,100,100066,100,99934,100,100072,100,99915,100,100073,100,99909,100,100087,100,99894,100
2019-06-28 09:35:30.000000000,99983,265,99976,265,100018,260,99974,260,100041,260,99954,260,100042,100,99949,100,100049,100,99939,200,100058,100,99936,100,100066,100,99934,100,100072,100,99915,100,100073,100,99909,100,100087,100,99894,100
2019-06-28 09:35:33.262700884,99983,265,99976,165,100018,260,99974,260,100041,260,99954,260,100042,100,99949,100,100049,100,99939,200,100058,100,99936,100,100066,100,99934,100,100072,100,99915,100,100073,100,99909,100,100087,100,99894,100
2019-06-28 09:35:40.000000000,99983,343,99974,343,100018,343,99954,343,100041,100,99949,100,100042,100,99939,200,100049,100,99936,100,100058,100,99934,100,100066,100,99915,100,100072,100,99909,100,100073,100,99894,100,100087,100,99893,100
2019-06-28 09:35:50.000000000,99983,222,99974,222,100018,222,99954,222,100041,222,99949,222,100042,222,99939,322,100049,100,99936,100,100058,100,99934,100,100066,100,99915,100,100072,100,99909,100,100073,100,99894,100,100087,100,99893,100
2019-06-28 09:35:50.304971667,99983,222,99974,222,100018,222,99954,222,100041,222,99949,222,100042,222,99939,322,100049,100,99936,100,100058,100,99934,100,100066,100,99915,100,100072,100,99909,100,100073,100,99894,100,100087,100,99893,100
2019-06-28 09:36:00.000000000,99983,265,99974,265,100018,260,99954,260,100041,260,99949,260,100042,100,99939,200,100049,100,99936,100,100058,100,99934,100,100066,100,99915,100,100072,100,99909,100,100073,100,99894,100,100087,100,99893,100
2019-06-28 09:36:10.000000000,99983,586,99974,586,100018,100,99954,100,100041,100,99949,100,100042,100,99939,200,100049,100,99936,100,100058,100,99934,100,100066,100,99915,100,100072,100,99909,100,100073,100,99894,100,100087,100,99893,100
2019-06-28 09:36:17.058415535,99983,586,99974,486,100018,100,99954,100,100041,100,99949,100,100042,100,99939,200,100049,100,99936,100,100058,100,99934,100,100066,100,99915,100,100072,100,99894,100,100073,100,99893,100,100087,100,99884,100
2019-06-28 09:36:18.777870431,99983,586,99974,386,100018,100,99954,100,100041,100,99949,100,100042,100,99939,200,100049,100,99936,100,100058,100,99934,100,100066,100,99915,100,100072,100,99894,100,100073,100,99893,100,100087,100,99884,100
2019-06-28 09:36:20.000000000,99983,265,99954,265,100018,260,99949,260,100041,260,99939,360,100042,100,99936,100,100049,100,99934,100,100058,100,99915,100,100066,100,99894,100,100072,100,99893,100,100073,100,99884,100,100087,100,99879,100
2019-06-28 09:36:30.000000000,99983,265,99954,265,100018,260,99949,260,100041,260,99939,360,100042,100,99936,100,100049,100,99934,100,100058,100,99915,100,100066,100,99894,100,100072,100,99893,100,100073,100,99884,100,100087,100,99879,100
2019-06-28 09:36:40.000000000,99983,586,99954,586,100018,100,99949,100,100041,100,99939,200,100042,100,99936,100,100049,100,99934,100,100058,100,99915,100,100066,100,99894,100,100072,100,99893,100,100073,100,99884,100,100087,100,99879,100
2019-06-28 09:36:50.000000000,99983,222,99954,222,100018,222,99949,222,100041,222,99939,322,100042,222,99936,222,100049,100,99934,100,100058,100,99915,100,100066,100,99894,100,100072,100,99893,100,100073,100,99884,100,100087,100,99879,100
2019-06-28 09:37:00.000000000,99983,343,99954,343,100018,343,99949,343,100041,100,99939,200,100042,100,99936,100,100049,100,99934,100,100058,100,99915,100,100066,100,99894,100,100072,100,99893,100,100073,100,99884,100,100087,100,99879,100
2019-06-28 09:37:10.000000000,99983,586,99954,586,100018,100,99949,100,100041,100,99939,200,100042,100,99936,100,100049,100,99934,100,100058,100,99915,100,100066,100,99894,100,100072,100,99893,100,100073,100,99884,100,100087,100,99879,100
2019-06-28 09:37:17.465954805,99974,100,99954,586,99983,586,99949,100,100018,100,99939,200,100041,100,99936,100,100042,100,99934,100,100049,100,99915,100,100058,100,99894,100,100066,100,99893,100,100072,100,99884,100,100073,100,99879,100
2019-06-28 09:37:20.000000000,99974,343,99954,343,99983,343,99949,343,100018,100,99939,200,100041,100,99936,100,100042,100,99934,100,100049,100,99915,100,100058,100,99894,100,100066,100,99893,100,100072,100,99884,100,100073,100,99879,100
2019-06-28 09:37:24.887090635,99974,343,99954,243,99983,343,99949,343,100018,100,99939,100,100041,100,99936,100,100042,100,99934,100,100049,100,99915,100,100058,100,99894,100,100066,100,99893,100,100072,100,99884,100,100073,100,99879,100
2019-06-28 09:37:30.000000000,99974,586,99949,586,99983,100,99939,100,100018,100,99936,100,100041,100,99934,100,100042,100,99915,100,100049,100,99894,100,100058,100,99893,100,100066,100,99884,100,100072,100,99879,100,100073,100,99875,100
2019-06-28 09:37:40.000000000,99974,586,99949,586,99983,100,99939,100,100018,100,99936,100,100041,100,99934,100,100042,100,99915,100,100049,100,99894,100,100058,100,99893,100,100066,100,99884,100,100072,100,99879,100,100073,100,99875,100
2019-06-28 09:37:46.526650133,99974,586,99949,486,99983,100,99939,100,100018,100,99936,100,100041,100,99934,100,100042,100,99915,100,100049,100,99894,100,100058,100,99893,100,100066,100,99884,100,100072,100,99879,100,100073,100,99875,100
2019-06-28 09:37:50.000000000,99974,343,99939,343,99983,343,99936,343,100018,100,99934,100,100041,100,99915,100,100042,100,99894,100,100049,100,99893,100,100058,100,99884,100,100066,100,99879,100,100072,100,99875,100,100073,100,99839,200
2019-06-28 09:37:55.651295387,99974,343,99939,243,99983,343,99936,343,100018,100,99934,100,100041,100,99915,100,100042,100,99894,100,100049,100,99893,100,100058,100,99884,100,100066,100,99879,100,100072,100,99875,100,100073,100,99839,200
2019-06-28 09:38:00.000000000,99974,586,99936,586,99983,100,99934,100,100018,100,99915,100,100041,100,99894,100,100042,100,99893,100,100049,100,99884,100,100058,100,99879,100,100066,100,99875,100,100072,100,99839,200,100073,100,99837,100
2019-06-28 09:38:10.000000000,99974,265,99936,265,99983,260,99934,260,100018,260,99915,260,100041,100,99894,100,100042,100,99893,100,100049,100,99884,100,100058,100,99879,100,100066,100,99875,100,100072,100,99839,200,100073,100,99837,100
2019-06-28 09:38:20.000000000,99974,586,99936,586,99983,100,99934,100,100018,100,99915,100,100041,100,99894,100,100042,100,99893,100,100049,100,99884,100,100058,100,99879,100,100066,100,99875,100,100072,100,99839,200,100073,100,99837,100
2019-06-28 09:38:26.252806929,99974,586,99936,586,99983,100,99934,100,100018,100,99915,100,100041,100,99894,100,100042,100,99893,100,100049,100,99884,100,100058,100,99879,100,100066,100,99875,100,100072,100,99839,200,100073,100,99837,100
2019-06-28 09:38:30.000000000,99974,265,99936,265,99983,260,99934,260,100018,260,99915,260,100041,100,99894,100,100042,100,99893,100,100049,100,99884,100,100058,100,99879,100,100066,100,99875,100,100072,100,99839,200,100073,100,99837,100
2019-06-28 09:38:33.433091297,99974,165,99936,265,99983,260,99934,260,100018,260,99915,260,100041,100,99894,100,100042,100,99893,100,100049,100,99884,100,100058,100,99879,100,100066,100,99875,100,100072,100,99839,200,100073,100,99837,100
2019-06-28 09:38:40.000000000,99983,586,99936,586,100018,100,99934,100,100041,100,99915,100,100042,100,99894,100,100049,100,99893,100,100058,100,99884,100,100066,100,99879,100,100072,100,99875,100,100073,100,99839,200,100087,100,99837,100
2019-06-28 09:38:50.000000000,99983,265,99936,265,100018,260,99934,260,100041,260,99915,260,100042,100,99894,100,100049,100,99893,100,100058,100,99884,100,100066,100,99879,100,100072,100,99875,100,100073,100,99839,200,100087,100,99837,100
2019-06-28 09:39:00.000000000,99983,586,99936,586,100018,100,99934,100,100041,100,99915,100,100042,100,99894,100,100049,100,99893,100,100058,100,99884,100,100066,100,99879,100,100072,100,99875,100,100073,100,99839,200,100087,100,99837,100
2019-06-28 09:39:01.087072559,99983,586,99936,486,100018,100,99934,100,100041,100,99915,100,100042,100,99894,100,100049,100,99893,100,100058,100,99884,100,100066,100,99879,100,100072,100,99875,100,100073,100,99839,100,100087,100,99837,100
2019-06-28 09:39:08.159371945,99983,586,99936,386,100018,100,99934,100,100041,100,99915,100,100042,100,99894,100,100049,100,99893,100,100058,100,99884,100,100066,100,99879,100,100072,100,99875,100,100073,100,99839,100,100087,100,99837,100
2019-06-28 09:39:10.000000000,99983,586,99934,586,100018,100,99915,100,100041,100,99894,100,100042,100,99893,100,100049,100,99884,100,100058,100,99879,100,100066,100,99875,100,100072,100,99839,100,100073,100,99837,100,100087,100,99811,100
2019-06-28 09:39:20.000000000,99983,222,99934,222,100018,222,99915,222,100041,222,99894,222,100042,222,99893,222,100049,100,99884,100,100058,100,99879,100,100066,100,99875,100,100072,100,99839,100,100073,100,99837,100,100087,100,99811,100
2019-06-28 09:39:27.190429575,99983,222,99934,122,100018,222,99915,222,100041,222,99894,222,100042,222,99893,222,100049,100,99884,100,100058,100,99879,100,100066,100,99875,100,100072,100,99839,100,100073,100,99837,100,100087,100,99811,100
2019-06-28 09:39:30.000000000,99983,222,99915,222,100018,222,99894,222,100041,222,99893,222,100042,222,99884,222,100049,100,99879,100,100058,100,99875,100,100066,100,99839,100,100072,100,99837,100,100073,100,99811,100,100087,100,99618,100
2019-06-28 09:39:40.000000000,99983,222,99915,222,100018,222,99894,222,100041,222,99893,222,100042,222,99884,222,100049,100,99879,100,100058,100,99875,100,100066,100,99839,100,100072,100,99837,100,100073,100,99811,100,100087,100,99618,100
2019-06-28 09:39:44.211407150,99983,222,99915,122,100018,222,99894,222,100041,222,99893,222,100042,222,99884,222,100049,100,99879,100,100058,100,99875,100,100066,100,99839,100,100072,100,99837,100,100073,100,99811,100,100087,100,99618,100
2019-06-28 09:39:50.000000000,99983,197,99894,197,100018,197,99893,197,100041,197,99884,197,100042,197,99879,197,100049,197,99875,197,100058,100,99839,100,100066,100,99837,100,100072,100,99811,100,100073,100,99618,100,100087,100,99485,100
2019-06-28 09:40:00.000000000,99983,265,99894,265,100018,260,99893,260,100041,260,99884,260,100042,100,99879,100,100049,100,99875,100,100058,100,99839,100,100066,100,99837,100,100072,100,99811,100,100073,100,99618,100,100087,100,99485,100
2019-06-28 09:40:10.000000000,99983,222,99894,222,100018,222,99893,222,100041,222,99884,222,100042,222,99879,222,100049,100,99875,100,100058,100,99839,100,100066,100,99837,100,100072,100,99811,100,100073,100,99618,100,100087,100,99485,100
2019-06-28 09:40:20.000000000,99983,197,99894,197,100018,197,99893,197,100041,197,99884,197,100042,197,99879,197,100049,197,99875,197,100058,100,99839,100,100066,100,99837,100,100072,100,99811,100,100073,100,99618,100,100087,100,99485,100
2019-06-28 09:40:22.883316106,99983,197,99894,97,100018,197,99893,197,100041,197,99884,197,100042,197,99879,197,100049,97,99875,197,100058,100,99839,100,100066,100,99837,100,100072,100,99811,100,100073,100,99618,100,100087,100,99485,100
2019-06-28 09:40:30.000000000,99983,586,99893,586,100018,100,99884,100,100041,100,99879,100,100042,100,99875,100,100058,100,99839,100,100066,100,99837,100,100072,100,99811,100,100073,100,99618,100,100087,100,99485,100,100095,100,99418,100
2019-06-28 09:40:40.000000000,99983,343,99893,343,100018,343,99884,343,100041,100,99879,100,100042,100,99875,100,100058,100,99839,100,100066,100,99837,100,100072,100,99811,100,100073,100,99618,100,100087,100,99485,100,100095,100,99418,100
2019-06-28 09:40:50.000000000,99983,222,99893,222,100018,222,99884,222,100041,222,99879,222,100042,222,99875,222,100058,100,99839,100,100066,100,99837,100,100072,100,99811,100,100073,100,99618,100,100087,100,99485,100,100095,100,99418,100
2019-06-28 09:40:50.455000333,99983,222,99893,122,100018,222,99884,222,100041,222,99879,222,100042,222,99875,222,100058,100,99837,100,100066,100,99811,100,100072,100,99618,100,100073,100,99485,100,100087,100,99418,100,100095,100,99337,100
2019-06-28 09:40:51.267522791,99983,222,99893,122,100018,222,99884,222,100041,222,99879,222,100042,222,99875,222,100058,100,99837,100,100066,100,99811,100,100072,100,99618,100,100073,100,99555,100,100087,100,99485,100,100095,100,99418,100
2019-06-28 09:40:54.247085909,99983,222,99893,122,100018,222,99884,222,100041,222,99879,222,100042,222,99875,222,100058,100,99837,100,100066,100,99811,100,100072,100,99618,100,100073,100,99555,100,100087,100,99485,100,100095,100,99418,100
2019-06-28 09:40:54.509925077,99983,222,99893,122,100018,222,99884,222,100041,222,99879,222,100042,222,99875,222,100058,100,99837,100,100066,100,99811,100,100072,100,99618,100,100073,100,99555,100,100087,100,99529,100,100129,100,99485,100
2019-06-28 09:41:00.000000000,99983,586,99884,586,100018,100,99879,100,100041,100,99875,100,100042,100,99837,100,100058,100,99811,100,100066,100,99618,100,100072,100,99555,100,100073,100,99529,100,100087,100,99485,100,100129,100,99418,100
2019-06-28 09:41:09.905266002,99983,586,99884,486,100018,100,99879,100,100041,100,99875,100,100042,100,99837,100,100058,100,99811,100,100066,100,99618,100,100072,100,99555,100,100073,100,99529,100,100087,100,99485,100,100129,100,99418,100
2019-06-28 09:41:10.000000000,99983,222,99879,222,100018,222,99875,222,100041,222,99837,222,100042,222,99811,222,100058,100,99618,100,100066,100,99555,100,100072,100,99529,100,100073,100,99485,100,100087,100,99418,100,100129,100,99391,100
2019-06-28 09:41:20.000000000,99983,197,99879,197,100018,197,99875,197,100041,197,99837,197,100042,197,99811,197,100058,197,99618,197,100066,100,99555,100,100072,100,99529,100,100073,100,99485,100,100087,100,99418,100,100129,100,99391,100
2019-06-28 09:41:30.000000000,99983,586,99879,586,100018,100,99875,100,100041,100,99837,100,100042,100,99811,100,100058,100,99618,100,100066,100,99555,100,100072,100,99529,100,100073,100,99485,100,100087,100,99418,100,100129,100,99391,100
2019-06-28 09:41:32.064840098,99983,586,99879,586,100018,100,99875,100,100041,100,99837,100,100042,100,99811,100,100058,100,99618,100,100066,100,99555,100,100072,100,99529,100,100073,100,99485,100,100087,100,99418,100,100129,100,99391,100
2019-06-28 09:41:40.000000000,99983,343,99879,343,100018,343,99875,343,100041,100,99837,100,100042,100,99811,100,100058,100,99618,100,100066,100,99555,100,100072,100,99529,100,100073,100,99485,100,100087,100,99418,100,100129,100,99391,100
2019-06-28 09:41:50.000000000,99983,586,99879,586,100018,100,99875,100,100041,100,99837,100,100042,100,99811,100,100058,100,99618,100,100066,100,99555,100,100072,100,99529,100,100073,100,99485,100,100087,100,99418,100,100129,100,99391,100
2019-06-28 09:42:00.000000000,99983,343,99879,343,100018,343,99875,343,100041,100,99837,100,100042,100,99811,100,100058,100,99618,100,100066,100,99555,100,100072,100,99529,100,100073,100,99485,100,100087,100,99418,100,100129,100,99391,100
2019-06-28 09:42:10.000000000,99983,197,99879,197,100018,197,99875,197,100041,197,99837,197,100042,197,99811,197,100058,197,99618,197,100066,100,99555,100,100072,100,99529,100,100073,100,99485,100,100087,100,99418,100,100129,100,99391,100
2019-06-28 09:42:20.000000000,99983,197,99879,197,100018,197,99875,197,100041,197,99837,197,100042,197,99811,197,100058,197,99618,197,100066,100,99555,100,100072,100,99529,100,100073,100,99485,100,100087,100,99418,100,100129,100,99391,100
2019-06-28 09:42:25.086281939,99983,197,99879,197,100018,197,99875,197,100041,197,99837,197,100042,197,99811,197,100058,197,99618,197,100066,100,99555,100,100072,100,99529,100,100073,100,99485,100,100087,100,99418,100,100129,100,99391,100
2019-06-28 09:42:28.105890703,99983,197,99879,197,100018,197,99875,197,100041,197,99837,197,100042,197,99811,197,100058,197,99618,197,100066,100,99555,100,100072,100,99529,100,100073,100,99485,100,100087,100,99418,100,100129,100,99391,100
2019-06-28 09:42:29.164858711,99893,100,99879,197,99983,197,99875,197,100018,197,99837,197,100041,197,99811,197,100042,197,99618,197,100058,97,99555,100,100066,100,99529,100,100072,100,99485,100,100073,100,99418,100,100087,100,99391,100
2019-06-28 09:42:30.000000000,99893,222,99879,222,99983,222,99875,222,100018,222,99837,222,100041,222,99811,222,100042,100,99618,100,100066,100,99555,100,100072,100,99529,100,100073,100,99485,100,100087,100,99418,100,100129,100,99391,100
2019-06-28 09:42:32.310015669,99893,322,99879,222,99983,222,99875,222,100018,222,99837,222,100041,222,99811,222,100042,100,99618,100,100066,100,99555,100,100072,100,99529,100,100073,100,99485,100,100087,100,99418,100,100129,100,99391,100
2019-06-28 09:42:33.876526413,99893,322,99879,222,99983,222,99875,222,100018,222,99837,222,100041,222,99811,222,100042,100,99618,100,100066,100,99555,100,100072,100,99529,100,100073,100,99485,100,100087,100,99418,100,100129,100,99391,100
2019-06-28 09:42:36.050037292,99893,322,99879,222,99983,222,99875,222,100018,222,99837,222,100041,222,99811,222,100042,100,99618,100,100066,100,99555,100,100073,100,99529,100,100087,100,99485,100,100129,100,99418,100,100244,100,99391,100
2019-06-28 09:42:39.342407366,99893,322,99879,122,99983,222,99875,222,100018,222,99837,222,100041,222,99811,222,100042,100,99618,100,100066,100,99555,100,100073,100,99529,100,100087,100,99485,100,100129,100,99418,100,100244,100,99391,100
2019-06-28 09:42:40.000000000,99893,365,99875,265,99983,260,99837,260,100018,260,99811,260,100041,100,99618,100,100042,100,99555,100,100066,100,99529,100,100073,100,99485,100,100087,100,99418,100,100129,100,99391,100,100244,100,99366,100
2019-06-28 09:42:45.507891554,99893,365,99875,265,99983,260,99837,260,100018,260,99811,260,100041,100,99618,100,100042,100,99555,100,100066,100,99529,100,100073,100,99485,100,100087,100,99418,100,100129,100,99366,100,100244,100,99331,100
2019-06-28 09:42:50.000000000,99893,443,99875,343,99983,343,99837,343,100018,100,99811,100,100041,100,99618,100,100042,100,99555,100,100066,100,99529,100,100073,100,99485,100,100087,100,99418,100,100129,100,99366,100,100244,100,99331,100
2019-06-28 09:42:56.409940072,99893,443,99875,243,99983,343,99837,343,100018,100,99811,100,100041,100,99618,100,100042,100,99555,100,100066,100,99529,100,100073,100,99485,100,100087,100,99418,100,100129,100,99366,100,100244,100,99331,100
2019-06-28 09:43:00.000000000,99893,365,99837,265,99983,260,99811,260,100018,260,99618,260,100041,100,99555,100,100042,100,99529,100,100066,100,99485,100,100073,100,99418,100,100087,100,99366,100,100129,100,99331,100,100244,100,99249,100
2019-06-28 09:43:05.988217671,99879,100,99837,265,99893,365,99811,260,99983,260,99618,260,100018,260,99555,100,100041,100,99529,100,100042,100,99485,100,100066,100,99418,100,100073,100,99366,100,100087,100,99331,100,100129,100,99249,100
2019-06-28 09:43:10.000000000,99879,343,99837,343,99893,443,99811,343,99983,100,99618,100,100018,100,99555,100,100041,100,99529,100,100042,100,99485,100,100066,100,99418,100,100073,100,99366,100,100087,100,99331,100,100129,100,99249,100
2019-06-28 09:43:20.000000000,99879,222,99837,222,99893,322,99811,222,99983,222,99618,222,100018,222,99555,222,100041,100,99529,100,100042,100,99485,100,100066,100,99418,100,100073,100,99366,100,100087,100,99331,100,100129,100,99249,100
2019-06-28 09:43:30.000000000,99879,197,99837,197,99893,297,99811,197,99983,197,99618,197,100018,197,99555,197,100041,197,99529,197,100042,100,99485,100,100066,100,99418,100,100073,100,99366,100,100087,100,99331,100,100129,100,99249,100
2019-06-28 09:43:40.000000000,99879,343,99837,343,99893,443,99811,343,99983,100,99618,100,100018,100,99555,100,100041,100,99529,100,100042,100,99485,100,100066,100,99418,100,100073,100,99366,100,100087,100,99331,100,100129,100,99249,100
2019-06-28 09:43:50.000000000,99879,197,99837,197,99893,297,99811,197,99983,197,99618,197,100018,197,99555,197,100041,197,99529,197,100042,100,99485,100,100066,100,99418,100,100073,100,99366,100,100087,100,99331,100,100129,100,99249,100
2019-06-28 09:44:00.000000000,99879,222,99837,222,99893,322,99811,222,99983,222,99618,222,100018,222,99555,222,100041,100,99529,100,100042,100,99485,100,100066,100,99418,100,100073,100,99366,100,100087,100,99331,100,100129,100,99249,100
2019-06-28 09:44:09.994224599,99879,222,99837,122,99893,322,99811,122,99983,222,99618,222,100018,222,99555,222,100041,100,99529,100,100042,100,99485,100,100066,100,99418,100,100073,100,99366,100,100087,100,99331,100,100129,100,99249,100
2019-06-28 09:44:10.000000000,99879,265,99618,265,99893,360,99555,260,99983,260,99529,260,100018,100,99485,100,100041,100,99418,100,100042,100,99366,100,100066,100,99331,100,100073,100,99249,100,100087,100,99228,100,100129,100,99197,100
2019-06-28 09:44:20.000000000,99879,222,99618,222,99893,322,99555,222,99983,222,99529,222,100018,222,99485,222,100041,100,99418,100,100042,100,99366,100,100066,100,99331,100,100073,100,99249,100,100087,100,99228,100,100129,100,99197,100
2019-06-28 09:44:26.468742000,99879,222,99618,222,99893,322,99555,222,99983,222,99529,222,100018,222,99485,222,100041,100,99418,100,100042,100,99366,100,100066,100,99331,100,100087,100,99249,100,100129,100,99228,100,100244,100,99197,100
2019-06-28 09:44:30.000000000,99879,265,99618,265,99893,360,99555,260,99983,260,99529,260,100018,100,99485,100,100041,100,99418,100,100042,100,99366,100,100066,100,99331,100,100087,100,99249,100,100129,100,99228,100,100244,100,99197,100
2019-06-28 09:44:40.000000000,99879,586,99618,586,99893,200,99555,100,99983,100,99529,100,100018,100,99485,100,100041,100,99418,100,100042,100,99366,100,100066,100,99331,100,100087,100,99249,100,100129,100,99228,100,100244,100,99197,100
2019-06-28 09:44:50.000000000,99879,265,99618,265,99893,360,99555,260,99983,260,99529,260,100018,100,99485,100,100041,100,99418,100,100042,100,99366,100,100066,100,99331,100,100087,100,99249,100,100129,100,99228,100,100244,100,99197,100
2019-06-28 09:45:00.000000000,99879,265,99618,265,99893,360,99555,260,99983,260,99529,260,100018,100,99485,100,100041,100,99418,100,100042,100,99366,100,100066,100,99331,100,100087,100,99249,100,100129,100,99228,100,100244,100,99197,100
2019-06-28 09:45:03.005591027,99875,100,99618,265,99879,265,99555,260,99893,360,99529,260,99983,260,99485,100,100018,100,99418,100,100041,100,99366,100,100042,100,99331,100,100066,100,99249,100,100087,100,99228,100,100129,100,99197,100
2019-06-28 09:45:10.000000000,99875,197,99618,197,99879,197,99555,197,99893,297,99529,197,99983,197,99485,197,100018,197,99418,197,100041,100,99366,100,100042,100,99331,100,100066,100,99249,100,100087,100,99228,100,100129,100,99197,100
2019-06-28 09:45:20.000000000,99875,343,99618,343,99879,343,99555,343,99893,200,99529,100,99983,100,99485,100,100018,100,99418,100,100041,100,99366,100,100042,100,99331,100,100066,100,99249,100,100087,100,99228,100,100129,100,99197,100
2019-06-28 09:45:30.000000000,99875,265,99618,265,99879,260,99555,260,99893,360,99529,260,99983,100,99485,100,100018,100,99418,100,100041,100,99366,100,100042,100,99331,100,100066,100,99249,100,100087,100,99228,100,100129,100,99197,100
2019-06-28 09:45:35.250477182,99875,265,99618,265,99879,260,99555,260,99893,360,99529,260,99983,100,99485,100,100018,100,99418,100,100041,100,99366,100,100042,100,99331,100,100066,100,99249,100,100129,100,99228,100,100244,100,99197,100
2019-06-28 09:45:36.333147794,99875,265,99618,165,99879,260,99555,260,99893,360,99529,260,99983,100,99485,100,100018,100,99418,100,100041,100,99366,100,100042,100,99331,100,100066,100,99249,100,100129,100,99228,100,100244,100,99197,100
2019-06-28 09:45:40.000000000,99875,586,99555,586,99879,100,99529,100,99893,200,99485,100,99983,100,99418,100,100018,100,99366,100,100041,100,99331,100,100042,100,99249,100,100066,100,99228,100,100129,100,99197,100,100244,100,99084,100
2019-06-28 09:45:50.000000000,99875,343,99555,343,99879,343,99529,343,99893,200,99485,100,99983,100,99418,100,100018,100,99366,100,100041,100,99331,100,100042,100,99249,100,100066,100,99228,100,100129,100,99197,100,100244,100,99084,100
2019-06-28 09:45:57.926992048,99875,343,99555,243,99879,343,99529,343,99893,200,99485,100,99983,100,99418,100,100018,100,99366,100,100041,100,99331,100,100042,100,99249,100,100066,100,99228,100,100129,100,99197,100,100244,100,99084,100
2019-06-28 09:46:00.000000000,99875,222,99529,222,99879,222,99485,222,99893,322,99418,222,99983,222,99366,222,100018,100,99331,100,100041,100,99249,100,100042,100,99228,100,100066,100,99197,100,100129,100,99084,100,100244,100,98892,100
2019-06-28 09:46:10.000000000,99875,197,99529,197,99879,197,99485,197,99893,297,99418,197,99983,197,99366,197,100018,197,99331,197,100041,100,99249,100,100042,100,99228,100,100066,100,99197,100,100129,100,99084,100,100244,100,98892,100
2019-06-28 09:46:10.353283437,99618,100,99529,197,99875,197,99485,197,99879,197,99418,197,99893,297,99366,197,99983,197,99331,197,100018,197,99249,100,100041,100,99228,100,100042,100,99197,100,100066,100,99084,100,100129,100,98892,100
2019-06-28 09:46:20.000000000,99618,222,99529,222,99875,222,99485,222,99879,222,99418,222,99893,322,99366,222,99983,100,99331,100,100018,100,99249,100,100041,100,99228,100,100042,100,99197,100,100066,100,99084,100,100129,100,98892,100
2019-06-28 09:46:22.010793572,99618,222,99529,122,99875,222,99485,222,99879,222,99418,222,99893,322,99366,222,99983,100,99331,100,100018,100,99249,100,100041,100,99228,100,100042,100,99197,100,100066,100,99084,100,100129,100,98892,100
2019-06-28 09:46:29.815877736,99618,222,99529,122,99875,222,99485,222,99879,222,99418,222,99893,322,99366,222,99983,100,99331,100,100018,100,99249,100,100042,100,99228,100,100066,100,99197,100,100129,100,99084,100,100244,100,98892,100
2019-06-28 09:46:30.000000000,99618,222,99485,222,99875,222,99418,222,99879,222,99366,222,99893,322,99331,222,99983,100,99249,100,100018,100,99228,100,100042,100,99197,100,100066,100,99084,100,100129,100,98892,100,100244,100,98748,100
2019-06-28 09:46:40.000000000,99618,586,99485,586,99875,100,99418,100,99879,100,99366,100,99893,200,99331,100,99983,100,99249,100,100018,100,99228,100,100042,100,99197,100,100066,100,99084,100,100129,100,98892,100,100244,100,98748,100
2019-06-28 09:46:50.000000000,99618,343,99485,343,99875,343,99418,343,99879,100,99366,100,99893,200,99331,100,99983,100,99249,100,100018,100,99228,100,100042,100,99197,100,100066,100,99084,100,100129,100,98892,100,100244,100,98748,100
2019-06-28 09:46:56.986841879,99555,100,99485,343,99618,343,99418,343,99875,343,99366,100,99879,100,99331,100,99893,200,99249,100,99983,100,99228,100,100018,100,99197,100,100042,100,99084,100,100066,100,98892,100,100129,100,98748,100
2019-06-28 09:46:57.601145273,99555,100,99485,343,99618,343,99418,343,99875,343,99366,100,99879,100,99331,100,99893,200,99249,100,99983,100,99228,100,100018,100,99197,100,100042,100,99084,100,100066,100,98892,100,100129,100,98748,100
2019-06-28 09:47:00.000000000,99555,265,99485,265,99618,260,99418,260,99875,260,99366,260,99879,100,99331,100,99893,200,99249,100,99983,100,99228,100,100018,100,99197,100,100042,100,99084,100,100066,100,98892,100,100129,100,98748,100
2019-06-28 09:47:09.937775684,99555,265,99485,165,99618,260,99418,260,99875,260,99366,260,99879,100,99331,100,99893,200,99249,100,99983,100,99228,100,100018,100,99197,100,100042,100,99084,100,100066,100,98892,100,100129,100,98748,100
2019-06-28 09:47:10.000000000,99555,343,99418,343,99618,343,99366,343,99875,100,99331,100,99879,100,99249,100,99893,200,99228,100,99983,100,99197,100,100018,100,99084,100,100042,100,98892,100,100066,100,98748,100,100129,100,98317,100
2019-06-28 09:47:11.190096772,99555,343,99418,343,99618,343,99366,343,99875,100,99331,100,99879,100,99249,100,99893,200,99228,100,99983,100,99197,100,100018,100,99084,100,100042,100,98892,100,100066,100,98748,100,100129,100,98317,100
2019-06-28 09:47:15.037603844,99555,343,99418,243,99618,343,99366,343,99875,100,99331,100,99879,100,99228,100,99893,200,99197,100,99983,100,99084,100,100018,100,98892,100,100042,100,98748,100,100066,100,98317,100,100129,100,97962,100
2019-06-28 09:47:20.000000000,99555,222,99366,222,99618,222,99331,222,99875,222,99228,222,99879,222,99197,222,99893,200,99084,100,99983,100,98892,100,100018,100,98748,100,100042,100,98317,100,100066,100,97962,100,100129,100,97870,100
2019-06-28 09:47:30.000000000,99555,343,99366,343,99618,343,99331,343,99875,100,99228,100,99879,100,99197,100,99893,200,99084,100,99983,100,98892,100,100018,100,98748,100,100042,100,98317,100,100066,100,97962,100,100129,100,97870,100
2019-06-28 09:47:40.000000000,99555,343,99366,343,99618,343,99331,343,99875,100,99228,100,99879,100,99197,100,99893,200,99084,100,99983,100,98892,100,100018,100,98748,100,100042,100,98317,100,100066,100,97962,100,100129,100,97870,100
2019-06-28 09:47:50.000000000,99555,343,99366,343,99618,343,99331,343,99875,100,99228,100,99879,100,99197,100,99893,200,99084,100,99983,100,98892,100,100018,100,98748,100,100042,100,98317,100,100066,100,97962,100,100129,100,97870,100
2019-06-28 09:48:00.000000000,99555,222,99366,222,99618,222,99331,222,99875,222,99228,222,99879,222,99197,222,99893,200,99084,100,99983,100,98892,100,100018,100,98748,100,100042,100,98317,100,100066,100,97962,100,100129,100,97870,100
2019-06-28 09:48:03.598274710,99555,222,99366,122,99618,222,99331,222,99875,222,99228,222,99879,222,99197,222,99893,200,99084,100,99983,100,98892,100,100018,100,98748,100,100042,100,98317,100,100066,100,97962,100,100129,100,97870,100
2019-06-28 09:48:10.000000000,99555,197,99331,197,99618,197,99228,197,99875,197,99197,197,99879,197,99084,197,99893,297,98892,197,99983,100,98748,100,100018,100,98317,100,100042,100,97962,100,100066,100,97870,100,100129,100,97791,100
2019-06-28 09:48:10.490406902,99418,100,99331,197,99555,197,99228,197,99618,197,99197,197,99875,197,99084,197,99879,197,98892,197,99893,297,98748,100,99983,100,98317,100,100018,100,97962,100,100042,100,97870,100,100066,100,97791,100
2019-06-28 09:48:20.000000000,99418,343,99331,343,99555,343,99228,343,99618,100,99197,100,99875,100,99084,100,99879,100,98892,100,99893,200,98748,100,99983,100,98317,100,100018,100,97962,100,100042,100,97870,100,100066,100,97791,100
2019-06-28 09:48:30.000000000,99418,343,99331,343,99555,343,99228,343,99618,100,99197,100,99875,100,99084,100,99879,100,98892,100,99893,200,98748,100,99983,100,98317,100,100018,100,97962,100,100042,100,97870,100,100066,100,97791,100
2019-06-28 09:48:34.510062884,99418,343,99331,343,99555,343,99228,343,99618,100,99197,100,99875,100,99084,100,99879,100,98892,100,99893,200,98748,100,99983,100,98317,100,100018,100,97962,100,100042,100,97870,100,100066,100,97791,100
2019-06-28 09:48:40.000000000,99418,265,99331,265,99555,260,99228,260,99618,260,99197,260,99875,100,99084,100,99879,100,98892,100,99893,200,98748,100,99983,100,98317,100,100018,100,97962,100,100042,100,97870,100,100066,100,97791,100
2019-06-28 09:48:49.302487442,99418,265,99331,265,99555,260,99228,260,99618,260,99197,260,99875,100,99084,100,99879,100,98892,100,99893,200,98748,100,99983,100,98317,100,100018,100,97962,100,100042,100,97870,100,100066,100,97791,100
2019-06-28 09:48:50.000000000,99418,265,99331,265,99555,260,99228,260,99618,260,99197,260,99875,100,99084,100,99879,100,98892,100,99893,200,98748,100,99983,100,98317,100,100018,100,97962,100,100042,100,97870,100,100066,100,97791,100
2019-06-28 09:49:00.000000000,99418,265,99331,265,99555,260,99228,260,99618,260,99197,260,99875,100,99084,100,99879,100,98892,100,99893,200,98748,100,99983,100,98317,100,100018,100,97962,100,100042,100,97870,100,100066,100,97791,100
2019-06-28 09:49:05.589204038,99418,265,99331,165,99555,260,99228,260,99618,260,99197,260,99875,100,99084,100,99879,100,98892,100,99893,200,98748,100,99983,100,98317,100,100018,100,97962,100,100042,100,97870,100,100066,100,97791,100
2019-06-28 09:49:10.000000000,99418,197,99228,197,99555,197,99197,197,99618,197,99084,197,99875,197,98892,197,99879,197,98748,197,99893,200,98317,100,99983,100,97962,100,100018,100,97870,100,100042,100,97791,100,100066,100,97764,100
2019-06-28 09:49:20.000000000,99418,222,99228,222,99555,222,99197,222,99618,222,99084,222,99875,222,98892,222,99879,100,98748,100,99893,200,98317,100,99983,100,97962,100,100018,100,97870,100,100042,100,97791,100,100066,100,97764,100
2019-06-28 09:49:30.000000000,99418,197,99228,197,99555,197,99197,197,99618,197,99084,197,99875,197,98892,197,99879,197,98748,197,99893,200,98317,100,99983,100,97962,100,100018,100,97870,100,100042,100,97791,100,100066,100,97764,100
2019-06-28 09:49:40.000000000,99418,265,99228,265,99555,260,99197,260,99618,260,99084,260,99875,100,98892,100,99879,100,98748,100,99893,200,98317,100,99983,100,97962,100,100018,100,97870,100,100042,100,97791,100,100066,100,97764,100
2019-06-28 09:49:50.000000000,99418,265,99228,265,99555,260,99197,260,99618,260,99084,260,99875,100,98892,100,99879,100,98748,100,99893,200,98317,100,99983,100,97962,100,100018,100,97870,100,100042,100,97791,100,100066,100,97764,100
2019-06-28 09:49:54.715050854,99418,265,99228,165,99555,260,99197,260,99618,260,99084,260,99875,100,98892,100,99879,100,98748,100,99893,200,98317,100,99983,100,97962,100,100018,100,97870,100,100042,100,97791,100,100066,100,97764,100
2019-06-28 09:50:00.000000000,99418,222,99197,222,99555,222,99084,222,99618,222,98892,222,99875,222,98748,222,99879,100,98317,100,99893,200,97962,100,99983,100,97870,100,100018,100,97791,100,100042,100,97764,100,100066,100,,
2019-06-28 09:50:01.553718835,99418,222,99197,122,99555,222,99084,222,99618,222,98892,222,99875,222,98748,222,99879,100,98317,100,99893,200,97962,100,99983,100,97870,100,100018,100,97791,100,100042,100,97764,100,100066,100,,
2019-06-28 09:50:10.000000000,99418,343,99084,343,99555,343,98892,343,99618,100,98748,100,99875,100,98317,100,99879,100,97962,100,99893,200,97870,100,99983,100,97791,100,100018,100,97764,100,100042,100,,,100066,100,,
2019-06-28 09:50:20.000000000,99418,265,99084,265,99555,260,98892,260,99618,260,98748,260,99875,100,98317,100,99879,100,97962,100,99893,200,97870,100,99983,100,97791,100,100018,100,97764,100,100042,100,,,100066,100,,
2019-06-28 09:50:24.534974556,99418,265,99084,265,99555,260,98892,260,99618,260,98748,260,99875,100,98695,100,99879,100,98317,100,99893,200,97962,100,99983,100,97870,100,100018,100,97791,100,100042,100,97764,100,100066,100,,
2019-06-28 09:50:30.000000000,99418,197,99084,197,99555,197,98892,197,99618,197,98748,197,99875,197,98695,197,99879,197,98317,197,99893,200,97962,100,99983,100,97870,100,100018,100,97791,100,100042,100,97764,100,100066,100,,
2019-06-28 09:50:40.000000000,99418,586,99084,586,99555,100,98892,100,99618,100,98748,100,99875,100,98695,100,99879,100,98317,100,99893,200,97962,100,99983,100,97870,100,100018,100,97791,100,100042,100,97764,100,100066,100,,
2019-06-28 09:50:50.000000000,99418,586,99084,586,99555,100,98892,100,99618,100,98748,100,99875,100,98695,100,99879,100,98317,100,99893,200,97962,100,99983,100,97870,100,100018,100,97791,100,100042,100,97764,100,100066,100,,
2019-06-28 09:50:55.693159797,99228,100,99084,586,99418,586,98892,100,99555,100,98748,100,99618,100,98695,100,99875,100,98317,100,99879,100,97962,100,99893,200,97870,100,99983,100,97791,100,100018,100,97764,100,100042,100,,
2019-06-28 09:51:00.000000000,99228,343,99084,343,99418,343,98892,343,99555,100,98748,100,99618,100,98695,100,99875,100,98317,100,99879,100,97962,100,99893,200,97870,100,99983,100,97791,100,100018,100,97764,100,100042,100,,
2019-06-28 09:51:02.598618964,99228,343,99084,343,99418,343,98892,343,99555,100,98748,100,99618,100,98695,100,99875,100,98635,100,99879,100,98317,100,99893,200,97962,100,99983,100,97870,100,100018,100,97791,100,100042,100,97764,100
2019-06-28 09:51:08.477423818,99228,343,99084,343,99418,343,98892,343,99555,100,98748,100,99618,100,98695,100,99875,100,98635,100,99879,100,98507,100,99893,200,98317,100,99983,100,97962,100,100018,100,97870,100,100042,100,97791,100
2019-06-28 09:51:10.000000000,99228,197,99084,197,99418,197,98892,197,99555,197,98748,197,99618,197,98695,197,99875,197,98635,197,99879,100,98507,100,99893,200,98317,100,99983,100,97962,100,100018,100,97870,100,100042,100,97791,100
2019-06-28 09:51:14.377405551,99228,197,99084,197,99418,197,98892,197,99555,197,98748,197,99618,197,98695,197,99875,197,98635,197,99893,200,98507,100,99983,100,98317,100,100018,100,97962,100,100042,100,97870,100,100066,100,97791,100
2019-06-28 09:51:20.000000000,99228,222,99084,222,99418,222,98892,222,99555,222,98748,222,99618,222,98695,222,99875,100,98635,100,99893,200,98507,100,99983,100,98317,100,100018,100,97962,100,100042,100,97870,100,100066,100,97791,100
2019-06-28 09:51:21.737707405,99228,322,99084,222,99418,222,98892,222,99555,222,98748,222,99618,122,98695,222,99875,100,98635,100,99893,200,98507,100,99983,100,98317,100,100018,100,97962,100,100042,100,97870,100,100066,100,97791,100
2019-06-28 09:51:30.000000000,99228,322,99084,222,99418,222,98892,222,99555,222,98748,222,99875,222,98695,222,99893,200,98635,100,99983,100,98507,100,100018,100,98317,100,100042,100,97962,100,100066,100,97870,100,100129,100,97791,100
2019-06-28 09:51:40.000000000,99228,686,99084,586,99418,100,98892,100,99555,100,98748,100,99875,100,98695,100,99893,200,98635,100,99983,100,98507,100,100018,100,98317,100,100042,100,97962,100,100066,100,97870,100,100129,100,97791,100
2019-06-28 09:51:46.272726350,99228,586,99084,586,99418,100,98892,100,99555,100,98748,100,99875,100,98695,100,99893,200,98635,100,99983,100,98507,100,100018,100,98317,100,100042,100,97962,100,100066,100,97870,100,100129,100,97791,100
2019-06-28 09:51:49.094245646,99210,100,99084,586,99228,586,98892,100,99418,100,98748,100,99555,100,98695,100,99875,100,98635,100,99893,200,98507,100,99983,100,98317,100,100018,100,97962,100,100042,100,97870,100,100066,100,97791,100
2019-06-28 09:51:50.000000000,99210,222,99084,222,99228,222,98892,222,99418,222,98748,222,99555,222,98695,222,99875,100,98635,100,99893,200,98507,100,99983,100,98317,100,100018,100,97962,100,100042,100,97870,100,100066,100,97791,100
2019-06-28 09:51:50.321725582,99210,222,99084,222,99228,222,98892,222,99395,100,98748,222,99418,222,98695,222,99555,222,98635,100,99875,100,98507,100,99893,200,98317,100,99983,100,97962,100,100018,100,97870,100,100042,100,97791,100
2019-06-28 09:51:51.879721213,99210,222,99084,222,99228,222,98892,222,99273,100,98748,222,99395,100,98695,222,99418,222,98635,100,99555,222,98507,100,99875,100,98317,100,99893,200,97962,100,99983,100,97870,100,100018,100,97791,100
2019-06-28 09:52:00.000000000,99210,586,99084,586,99228,100,98892,100,99273,100,98748,100,99395,100,98695,100,99418,100,98635,100,99555,100,98507,100,99875,100,98317,100,99893,200,97962,100,99983,100,97870,100,100018,100,97791,100
2019-06-28 09:52:10.000000000,99210,343,99084,343,99228,343,98892,343,99273,100,98748,100,99395,100,98695,100,99418,100,98635,100,99555,100,98507,100,99875,100,98317,100,99893,200,97962,100,99983,100,97870,100,100018,100,97791,100
2019-06-28 09:52:20.000000000,99210,586,99084,586,99228,100,98892,100,99273,100,98748,100,99395,100,98695,100,99418,100,98635,100,99555,100,98507,100,99875,100,98317,100,99893,200,97962,100,99983,100,97870,100,100018,100,97791,100
2019-06-28 09:52:20.878057257,99210,586,99084,586,99228,100,98939,100,99273,100,98892,100,99395,100,98748,100,99418,100,98695,100,99555,100,98635,100,99875,100,98507,100,99893,200,98317,100,99983,100,97962,100,100018,100,97870,100
2019-06-28 09:52:30.000000000,99210,586,99084,586,99228,100,98939,100,99273,100,98892,100,99395,100,98748,100,99418,100,98695,100,99555,100,98635,100,99875,100,98507,100,99893,200,98317,100,99983,100,97962,100,100018,100,97870,100
2019-06-28 09:52:35.253919224,99210,586,99084,586,99228,100,98990,100,99273,100,98939,100,99395,100,98892,100,99418,100,98748,100,99555,100,98695,100,99875,100,98635,100,99893,200,98507,100,99983,100,98317,100,100018,100,97962,100
2019-06-28 09:52:36.702929028,99210,586,99084,586,99228,100,98990,100,99273,100,98939,100,99395,100,98892,100,99418,100,98769,100,99555,100,98695,100,99875,100,98635,100,99893,200,98507,100,99983,100,98317,100,100018,100,97962,100
2019-06-28 09:52:37.428274588,99192,100,99084,586,99210,586,98990,100,99228,100,98939,100,99273,100,98892,100,99395,100,98769,100,99418,100,98695,100,99555,100,98635,100,99875,100,98507,100,99893,200,98317,100,99983,100,97962,100
2019-06-28 09:52:40.000000000,99192,197,99084,197,99210,197,98990,197,99228,197,98939,197,99273,197,98892,197,99395,197,98769,197,99418,100,98695,100,99555,100,98635,100,99875,100,98507,100,99893,200,98317,100,99983,100,97962,100
2019-06-28 09:52:48.435218721,99192,197,99084,97,99210,197,98990,197,99228,197,98939,197,99273,197,98892,197,99395,197,98769,197,99418,100,98695,100,99555,100,98635,100,99875,100,98507,100,99893,200,98317,100,99983,100,97962,100
2019-06-28 09:52:50.000000000,99192,265,98990,265,99210,260,98939,260,99228,260,98892,260,99273,100,98769,100,99395,100,98695,100,99418,100,98635,100,99555,100,98507,100,99875,100,98317,100,99893,200,97962,100,99983,100,97870,100
2019-06-28 09:52:59.065981478,99191,100,98990,265,99192,265,98939,260,99210,260,98892,260,99228,260,98769,100,99273,100,98695,100,99395,100,98635,100,99418,100,98507,100,99555,100,98317,100,99875,100,97962,100,99893,200,97870,100
2019-06-28 09:53:00.000000000,99191,343,98990,343,99192,343,98939,343,99210,100,98892,100,99228,100,98769,100,99273,100,98695,100,99395,100,98635,100,99418,100,98507,100,99555,100,98317,100,99875,100,97962,100,99893,200,97870,100
2019-06-28 09:53:10.000000000,99191,222,98990,222,99192,222,98939,222,99210,222,98892,222,99228,222,98769,222,99273,100,98695,100,99395,100,98635,100,99418,100,98507,100,99555,100,98317,100,99875,100,97962,100,99893,200,97870,100
2019-06-28 09:53:19.497412791,99191,322,98990,222,99192,222,98939,222,99210,222,98892,222,99228,222,98769,222,99273,100,98695,100,99395,100,98635,100,99418,100,98507,100,99555,100,98317,100,99875,100,97962,100,99893,200,97870,100
2019-06-28 09:53:20.000000000,99191,297,98990,197,99192,197,98939,197,99210,197,98892,197,99228,197,98769,197,99273,197,98695,197,99395,100,98635,100,99418,100,98507,100,99555,100,98317,100,99875,100,97962,100,99893,200,97870,100
2019-06-28 09:53:30.000000000,99191,322,98990,222,99192,222,98939,222,99210,222,98892,222,99228,222,98769,222,99273,100,98695,100,99395,100,98635,100,99418,100,98507,100,99555,100,98317,100,99875,100,97962,100,99893,200,97870,100
2019-06-28 09:53:40.000000000,99191,443,98990,343,99192,343,98939,343,99210,100,98892,100,99228,100,98769,100,99273,100,98695,100,99395,100,98635,100,99418,100,98507,100,99555,100,98317,100,99875,100,97962,100,99893,200,97870,100
2019-06-28 09:53:50.000000000,99191,322,98990,222,99192,222,98939,222,99210,222,98892,222,99228,222,98769,222,99273,100,98695,100,99395,100,98635,100,99418,100,98507,100,99555,100,98317,100,99875,100,97962,100,99893,200,97870,100
2019-06-28 09:54:00.000000000,99191,365,98990,265,99192,260,98939,260,99210,260,98892,260,99228,100,98769,100,99273,100,98695,100,99395,100,98635,100,99418,100,98507,100,99555,100,98317,100,99875,100,97962,100,99893,200,97870,100
2019-06-28 09:54:07.190409301,99191,365,98990,265,99192,260,98939,260,99210,260,98892,260,99273,100,98769,100,99395,100,98695,100,99418,100,98635,100,99555,100,98507,100,99875,100,98317,100,99893,200,97962,100,99983,100,97870,100
2019-06-28 09:54:09.291333031,99191,365,98990,165,99192,260,98939,260,99210,260,98892,260,99273,100,98769,100,99395,100,98695,100,99418,100,98635,100,99555,100,98507,100,99875,100,98317,100,99893,200,97962,100,99983,100,97870,100
2019-06-28 09:54:10.000000000,99191,443,98939,343,99192,343,98892,343,99210,100,98769,100,99273,100,98695,100,99395,100,98635,100,99418,100,98507,100,99555,100,98317,100,99875,100,97962,100,99893,200,97870,100,99983,100,97791,100
2019-06-28 09:54:10.486818159,99191,443,98939,243,99192,343,98892,343,99210,100,98769,100,99273,100,98695,100,99395,100,98635,100,99418,100,98507,100,99555,100,98317,100,99875,100,97962,100,99893,200,97870,100,99983,100,97791,100
2019-06-28 09:54:20.000000000,99191,365,98892,265,99192,260,98769,260,99210,260,98695,260,99273,100,98635,100,99395,100,98507,100,99418,100,98317,100,99555,100,97962,100,99875,100,97870,100,99893,200,97791,100,99983,100,97764,100
2019-06-28 09:54:30.000000000,99191,322,98892,222,99192,222,98769,222,99210,222,98695,222,99273,222,98635,222,99395,100,98507,100,99418,100,98317,100,99555,100,97962,100,99875,100,97870,100,99893,200,97791,100,99983,100,97764,100
2019-06-28 09:54:40.000000000,99191,297,98892,197,99192,197,98769,197,99210,197,98695,197,99273,197,98635,197,99395,197,98507,197,99418,100,98317,100,99555,100,97962,100,99875,100,97870,100,99893,200,97791,100,99983,100,97764,100
2019-06-28 09:54:50.000000000,99191,297,98892,197,99192,197,98769,197,99210,197,98695,197,99273,197,98635,197,99395,197,98507,197,99418,100,98317,100,99555,100,97962,100,99875,100,97870,100,99893,200,97791,100,99983,100,97764,100
2019-06-28 09:55:00.000000000,99191,297,98892,197,99192,197,98769,197,99210,197,98695,197,99273,197,98635,197,99395,197,98507,197,99418,100,98317,100,99555,100,97962,100,99875,100,97870,100,99893,200,97791,100,99983,100,97764,100
2019-06-28 09:55:03.920230945,99191,297,98892,197,99192,197,98769,197,99210,197,98695,197,99273,197,98635,197,99395,197,98507,197,99418,100,98317,100,99555,100,97962,100,99875,100,97870,100,99893,200,97791,100,99983,100,97764,100
2019-06-28 09:55:10.000000000,99191,297,98892,197,99192,197,98769,197,99210,197,98695,197,99273,197,98635,197,99395,197,98507,197,99418,100,98317,100,99555,100,97962,100,99875,100,97870,100,99893,200,97791,100,99983,100,97764,100
2019-06-28 09:55:18.091556508,99191,297,98892,197,99192,197,98769,197,99210,197,98695,197,99273,197,98635,197,99395,197,98507,197,99418,100,98317,100,99555,100,97962,100,99875,100,97870,100,99893,200,97791,100,99983,100,97764,100
2019-06-28 09:55:20.000000000,99191,365,98892,265,99192,260,98769,260,99210,260,98695,260,99273,100,98635,100,99395,100,98507,100,99418,100,98317,100,99555,100,97962,100,99875,100,97870,100,99893,200,97791,100,99983,100,97764,100
2019-06-28 09:55:30.000000000,99191,322,98892,222,99192,222,98769,222,99210,222,98695,222,99273,222,98635,222,99395,100,98507,100,99418,100,98317,100,99555,100,97962,100,99875,100,97870,100,99893,200,97791,100,99983,100,97764,100
2019-06-28 09:55:40.000000000,99191,322,98892,222,99192,222,98769,222,99210,222,98695,222,99273,222,98635,222,99395,100,98507,100,99418,100,98317,100,99555,100,97962,100,99875,100,97870,100,99893,200,97791,100,99983,100,97764,100
2019-06-28 09:55:50.000000000,99191,322,98892,222,99192,222,98769,222,99210,222,98695,222,99273,222,98635,222,99395,100,98507,100,99418,100,98317,100,99555,100,97962,100,99875,100,97870,100,99893,200,97791,100,99983,100,97764,100
2019-06-28 09:55:51.660330412,99191,322,98892,122,99192,222,98769,222,99210,222,98695,222,99273,222,98635,222,99395,100,98507,100,99418,100,98317,100,99555,100,97962,100,99875,100,97870,100,99893,200,97791,100,99983,100,97764,100
2019-06-28 09:55:55.650270137,99191,322,98892,22,99192,222,98769,222,99210,222,98695,222,99273,222,98635,222,99395,100,98507,100,99418,100,98317,100,99555,100,97962,100,99875,100,97870,100,99893,200,97791,100,99983,100,97764,100
2019-06-28 09:55:58.338872514,99191,322,98892,22,99192,222,98769,222,99210,222,98695,222,99273,222,98635,222,99395,100,98559,100,99418,100,98507,100,99555,100,98317,100,99875,100,97962,100,99893,200,97870,100,99983,100,97791,100
2019-06-28 09:56:00.000000000,99191,443,98769,343,99192,343,98695,343,99210,100,98635,100,99273,100,98559,100,99395,100,98507,100,99418,100,98317,100,99555,100,97962,100,99875,100,97870,100,99893,200,97791,100,99983,100,97764,100
2019-06-28 09:56:10.000000000,99191,322,98769,222,99192,222,98695,222,99210,222,98635,222,99273,222,98559,222,99395,100,98507,100,99418,100,98317,100,99555,100,97962,100,99875,100,97870,100,99893,200,97791,100,99983,100,97764,100
2019-06-28 09:56:14.122313914,99191,322,98769,222,99192,222,98695,222,99210,222,98635,222,99273,222,98607,100,99395,100,98559,222,99418,100,98507,100,99555,100,98317,100,99875,100,97962,100,99893,200,97870,100,99983,100,97791,100
2019-06-28 09:56:20.000000000,99191,297,98769,197,99192,197,98695,197,99210,197,98635,197,99273,197,98607,197,99395,197,98559,197,99418,100,98507,100,99555,100,98317,100,99875,100,97962,100,99893,200,97870,100,99983,100,97791,100
2019-06-28 09:56:30.000000000,99191,443,98769,343,99192,343,98695,343,99210,100,98635,100,99273,100,98607,100,99395,100,98559,100,99418,100,98507,100,99555,100,98317,100,99875,100,97962,100,99893,200,97870,100,99983,100,97791,100
2019-06-28 09:56:40.000000000,99191,443,98769,343,99192,343,98695,343,99210,100,98635,100,99273,100,98607,100,99395,100,98559,100,99418,100,98507,100,99555,100,98317,100,99875,100,97962,100,99893,200,97870,100,99983,100,97791,100
2019-06-28 09:56:50.000000000,99191,365,98769,265,99192,260,98695,260,99210,260,98635,260,99273,100,98607,100,99395,100,98559,100,99418,100,98507,100,99555,100,98317,100,99875,100,97962,100,99893,200,97870,100,99983,100,97791,100
2019-06-28 09:57:00.000000000,99191,297,98769,197,99192,197,98695,197,99210,197,98635,197,99273,197,98607,197,99395,197,98559,197,99418,100,98507,100,99555,100,98317,100,99875,100,97962,100,99893,200,97870,100,99983,100,97791,100
2019-06-28 09:57:10.000000000,99191,686,98769,586,99192,100,98695,100,99210,100,98635,100,99273,100,98607,100,99395,100,98559,100,99418,100,98507,100,99555,100,98317,100,99875,100,97962,100,99893,200,97870,100,99983,100,97791,100
2019-06-28 09:57:14.977647275,99191,686,99059,100,99192,100,98769,586,99210,100,98695,100,99273,100,98635,100,99395,100,98607,100,99418,100,98559,100,99555,100,98507,100,99875,100,98317,100,99893,200,97962,100,99983,100,97870,100
2019-06-28 09:57:18.259883945,99191,686,99059,100,99192,100,98998,100,99210,100,98769,586,99273,100,98695,100,99395,100,98635,100,99418,100,98607,100,99555,100,98507,100,99875,100,98317,100,99893,200,97962,100,99983,100,97870,100
2019-06-28 09:57:20.000000000,99191,322,99059,222,99192,222,98998,222,99210,222,98769,222,99273,222,98695,222,99395,100,98635,100,99418,100,98607,100,99555,100,98507,100,99875,100,98317,100,99893,200,97962,100,99983,100,97870,100
2019-06-28 09:57:25.732012967,99191,322,99064,100,99192,222,99059,222,99210,222,98998,222,99273,222,98769,222,99395,100,98695,222,99418,100,98635,100,99555,100,98607,100,99875,100,98507,100,99893,200,98317,100,99983,100,97962,100
2019-06-28 09:57:30.000000000,99191,322,99064,222,99192,222,99059,222,99210,222,98998,222,99273,222,98769,222,99395,100,98695,100,99418,100,98635,100,99555,100,98607,100,99875,100,98507,100,99893,200,98317,100,99983,100,97962,100
2019-06-28 09:57:40.000000000,99191,365,99064,265,99192,260,99059,260,99210,260,98998,260,99273,100,98769,100,99395,100,98695,100,99418,100,98635,100,99555,100,98607,100,99875,100,98507,100,99893,200,98317,100,99983,100,97962,100
2019-06-28 09:57:43.525066508,99191,365,99064,265,99192,260,99059,260,99210,260,98998,260,99273,100,98769,100,99395,100,98695,100,99418,100,98635,100,99469,100,98607,100,99555,100,98507,100,99875,100,98317,100,99893,200,97962,100
2019-06-28 09:57:43.967441769,99191,365,99064,265,99192,260,99059,260,99210,260,98998,260,99273,100,98893,100,99395,100,98769,100,99418,100,98695,100,99469,100,98635,100,99555,100,98607,100,99893,200,98507,100,99983,100,98317,100
2019-06-28 09:57:50.000000000,99191,443,99064,343,99192,343,99059,343,99210,100,98998,100,99273,100,98893,100,99395,100,98769,100,99418,100,98695,100,99469,100,98635,100,99555,100,98607,100,99893,200,98507,100,99983,100,98317,100
2019-06-28 09:57:50.260019691,99191,443,99064,343,99192,343,99059,343,99210,100,98998,100,99273,100,98893,100,99312,100,98769,100,99395,100,98695,100,99418,100,98635,100,99469,100,98607,100,99555,100,98507,100,99893,200,98317,100
2019-06-28 09:58:00.000000000,99191,686,99064,586,99192,100,99059,100,99210,100,98998,100,99273,100,98893,100,99312,100,98769,100,99395,100,98695,100,99418,100,98635,100,99469,100,98607,100,99555,100,98507,100,99893,200,98317,100
2019-06-28 09:58:02.889330446,99191,686,99133,100,99192,100,99064,586,99210,100,99059,100,99273,100,98998,100,99312,100,98893,100,99395,100,98769,100,99418,100,98695,100,99469,100,98635,100,99555,100,98607,100,99893,200,98507,100
2019-06-28 09:58:10.000000000,99191,443,99133,343,99192,343,99064,343,99210,100,99059,100,99273,100,98998,100,99312,100,98893,100,99395,100,98769,100,99418,100,98695,100,99469,100,98635,100,99555,100,98607,100,99893,200,98507,100
2019-06-28 09:58:20.000000000,99191,322,99133,222,99192,222,99064,222,99210,222,99059,222,99273,222,98998,222,99312,100,98893,100,99395,100,98769,100,99418,100,98695,100,99469,100,98635,100,99555,100,98607,100,99893,200,98507,100
2019-06-28 09:58:30.000000000,99191,322,99133,222,99192,222,99064,222,99210,222,99059,222,99273,222,98998,222,99312,100,98893,100,99395,100,98769,100,99418,100,98695,100,99469,100,98635,100,99555,100,98607,100,99893,200,98507,100
2019-06-28 09:58:40.000000000,99191,322,99133,222,99192,222,99064,222,99210,222,99059,222,99273,222,98998,222,99312,100,98893,100,99395,100,98769,100,99418,100,98695,100,99469,100,98635,100,99555,100,98607,100,99893,200,98507,100
2019-06-28 09:58:45.009942525,99191,322,99133,222,99192,222,99064,222,99210,222,99059,222,99273,222,98998,222,99312,100,98893,100,99395,100,98769,100,99418,100,98695,100,99469,100,98635,100,99487,100,98607,100,99555,100,98507,100
2019-06-28 09:58:50.000000000,99191,365,99133,265,99192,260,99064,260,99210,260,99059,260,99273,100,98998,100,99312,100,98893,100,99395,100,98769,100,99418,100,98695,100,99469,100,98635,100,99487,100,98607,100,99555,100,98507,100
2019-06-28 09:58:56.832323266,99191,365,99133,265,99192,260,99064,160,99210,260,99059,260,99273,100,98998,100,99312,100,98893,100,99395,100,98769,100,99418,100,98695,100,99469,100,98635,100,99487,100,98607,100,99555,100,98507,100
2019-06-28 09:59:00.000000000,99191,297,99133,197,99192,197,99059,197,99210,197,98998,197,99273,197,98893,197,99312,197,98769,197,99395,100,98695,100,99418,100,98635,100,99469,100,98607,100,99487,100,98507,100,99555,100,98317,100
2019-06-28 09:59:10.000000000,99191,443,99133,343,99192,343,99059,343,99210,100,98998,100,99273,100,98893,100,99312,100,98769,100,99395,100,98695,100,99418,100,98635,100,99469,100,98607,100,99487,100,98507,100,99555,100,98317,100
2019-06-28 09:59:20.000000000,99191,322,99133,222,99192,222,99059,222,99210,222,98998,222,99273,222,98893,222,99312,100,98769,100,99395,100,98695,100,99418,100,98635,100,99469,100,98607,100,99487,100,98507,100,99555,100,98317,100
2019-06-28 09:59:30.000000000,99191,297,99133,197,99192,197,99059,197,99210,197,98998,197,99273,197,98893,197,99312,197,98769,197,99395,100,98695,100,99418,100,98635,100,99469,100,98607,100,99487,100,98507,100,99555,100,98317,100
2019-06-28 09:59:40.000000000,99191,686,99133,586,99192,100,99059,100,99210,100,98998,100,99273,100,98893,100,99312,100,98769,100,99395,100,98695,100,99418,100,98635,100,99469,100,98607,100,99487,100,98507,100,99555,100,98317,100
2019-06-28 09:59:50.000000000,99191,297,99133,197,99192,197,99059,197,99210,197,98998,197,99273,197,98893,197,99312,197,98769,197,99395,100,98695,100,99418,100,98635,100,99469,100,98607,100,99487,100,98507,100,99555,100,98317,100
2019-06-28 10:00:00.000000000,99191,443,99133,343,99192,343,99059,343,99210,100,98998,100,99273,100,98893,100,99312,100,98769,100,99395,100,98695,100,99418,100,98635,100,99469,100,98607,100,99487,100,98507,100,99555,100,98317,100
2019-06-28 10:00:10.000000000,99191,686,99133,586,99192,100,99059,100,99210,100,98998,100,99273,100,98893,100,99312,100,98769,100,99395,100,98695,100,99418,100,98635,100,99469,100,98607,100,99487,100,98507,100,99555,100,98317,100
2019-06-28 10:00:17.807661448,99191,686,99133,486,99192,100,99059,100,99210,100,98998,100,99273,100,98893,100,99312,100,98769,100,99395,100,98695,100,99418,100,98635,100,99469,100,98607,100,99487,100,98507,100,99555,100,98317,100
2019-06-28 10:00:20.000000000,99191,365,99059,265,99192,260,98998,260,99210,260,98893,260,99273,100,98769,100,99312,100,98695,100,99395,100,98635,100,99418,100,98607,100,99469,100,98507,100,99487,100,98317,100,99555,100,97962,100
2019-06-28 10:00:30.000000000,99191,443,99059,343,99192,343,98998,343,99210,100,98893,100,99273,100,98769,100,99312,100,98695,100,99395,100,98635,100,99418,100,98607,100,99469,100,98507,100,99487,100,98317,100,99555,100,97962,100
2019-06-28 10:00:34.120697857,99133,100,99059,343,99191,443,98998,343,99192,343,98893,100,99210,100,98769,100,99273,100,98695,100,99312,100,98635,100,99395,100,98607,100,99418,100,98507,100,99469,100,98317,100,99487,100,97962,100
2019-06-28 10:00:40.000000000,99133,222,99059,222,99191,322,98998,222,99192,222,98893,222,99210,222,98769,222,99273,100,98695,100,99312,100,98635,100,99395,100,98607,100,99418,100,98507,100,99469,100,98317,100,99487,100,97962,100
2019-06-28 10:00:50.000000000,99133,222,99059,222,99191,322,98998,222,99192,222,98893,222,99210,222,98769,222,99273,100,98695,100,99312,100,98635,100,99395,100,98607,100,99418,100,98507,100,99469,100,98317,100,99487,100,97962,100
2019-06-28 10:00:56.430182090,99133,322,99059,222,99191,222,98998,222,99192,222,98893,222,99210,222,98769,222,99273,100,98695,100,99312,100,98635,100,99395,100,98607,100,99418,100,98507,100,99469,100,98317,100,99487,100,97962,100
2019-06-28 10:01:00.000000000,99133,443,99059,343,99191,343,98998,343,99192,100,98893,100,99210,100,98769,100,99273,100,98695,100,99312,100,98635,100,99395,100,98607,100,99418,100,98507,100,99469,100,98317,100,99487,100,97962,100
2019-06-28 10:01:08.782383447,99133,443,99059,243,99191,343,98998,343,99192,100,98893,100,99210,100,98769,100,99273,100,98695,100,99312,100,98635,100,99395,100,98607,100,99418,100,98507,100,99469,100,98317,100,99487,100,97962,100
2019-06-28 10:01:10.000000000,99133,365,98998,265,99191,260,98893,260,99192,260,98769,260,99210,100,98695,100,99273,100,98635,100,99312,100,98607,100,99395,100,98507,100,99418,100,98317,100,99469,100,97962,100,99487,100,97870,100
2019-06-28 10:01:19.968447588,99133,365,99015,100,99191,260,98998,265,99192,260,98893,260,99210,100,98769,260,99273,100,98695,100,99312,100,98635,100,99395,100,98607,100,99418,100,98507,100,99469,100,98317,100,99555,100,97962,100
2019-06-28 10:01:20.000000000,99133,322,99015,222,99191,222,98998,222,99192,222,98893,222,99210,222,98769,222,99273,100,98695,100,99312,100,98635,100,99395,100,98607,100,99418,100,98507,100,99469,100,98317,100,99555,100,97962,100
2019-06-28 10:01:30.000000000,99133,686,99015,586,99191,100,98998,100,99192,100,98893,100,99210,100,98769,100,99273,100,98695,100,99312,100,98635,100,99395,100,98607,100,99418,100,98507,100,99469,100,98317,100,99555,100,97962,100
2019-06-28 10:01:40.000000000,99133,297,99015,197,99191,197,98998,197,99192,197,98893,197,99210,197,98769,197,99273,197,98695,197,99312,100,98635,100,99395,100,98607,100,99418,100,98507,100,99469,100,98317,100,99555,100,97962,100
2019-06-28 10:01:43.729445819,99132,100,99015,197,99133,297,98998,197,99191,197,98893,197,99192,197,98769,197,99210,197,98695,197,99273,197,98635,100,99312,100,98607,100,99395,100,98507,100,99418,100,98317,100,99469,100,97962,100
2019-06-28 10:01:50.000000000,99132,343,99015,343,99133,443,98998,343,99191,100,98893,100,99192,100,98769,100,99210,100,98695,100,99273,100,98635,100,99312,100,98607,100,99395,100,98507,100,99418,100,98317,100,99469,100,97962,100
2019-06-28 10:02:00.000000000,99132,586,99015,586,99133,200,98998,100,99191,100,98893,100,99192,100,98769,100,99210,100,98695,100,99273,100,98635,100,99312,100,98607,100,99395,100,98507,100,99418,100,98317,100,99469,100,97962,100
2019-06-28 10:02:10.000000000,99132,222,99015,222,99133,322,98998,222,99191,222,98893,222,99192,222,98769,222,99210,100,98695,100,99273,100,98635,100,99312,100,98607,100,99395,100,98507,100,99418,100,98317,100,99469,100,97962,100
2019-06-28 10:02:20.000000000,99132,265,99015,265,99133,360,98998,260,99191,260,98893,260,99192,100,98769,100,99210,100,98695,100,99273,100,98635,100,99312,100,98607,100,99395,100,98507,100,99418,100,98317,100,99469,100,97962,100
2019-06-28 10:02:30.000000000,99132,265,99015,265,99133,360,98998,260,99191,260,98893,260,99192,100,98769,100,99210,100,98695,100,99273,100,98635,100,99312,100,98607,100,99395,100,98507,100,99418,100,98317,100,99469,100,97962,100
2019-06-28 10:02:38.746130458,99132,265,99015,265,99133,360,98998,260,99191,260,98893,260,99192,100,98769,100,99210,100,98695,100,99273,100,98635,100,99312,100,98607,100,99395,100,98507,100,99418,100,98317,100,99469,100,97962,100
2019-06-28 10:02:40.000000000,99132,586,99015,586,99133,200,98998,100,99191,100,98893,100,99192,100,98769,100,99210,100,98695,100,99273,100,98635,100,99312,100,98607,100,99395,100,98507,100,99418,100,98317,100,99469,100,97962,100
2019-06-28 10:02:50.000000000,99132,265,99015,265,99133,360,98998,260,99191,260,98893,260,99192,100,98769,100,99210,100,98695,100,99273,100,98635,100,99312,100,98607,100,99395,100,98507,100,99418,100,98317,100,99469,100,97962,100
2019-06-28 10:03:00.000000000,99132,197,99015,197,99133,297,98998,197,99191,197,98893,197,99192,197,98769,197,99210,197,98695,197,99273,100,98635,100,99312,100,98607,100,99395,100,98507,100,99418,100,98317,100,99469,100,97962,100
2019-06-28 10:03:02.390105385,99132,97,99015,197,99133,297,98998,197,99191,197,98893,197,99192,197,98769,197,99210,197,98695,197,99273,100,98635,100,99312,100,98607,100,99395,100,98507,100,99418,100,98317,100,99469,100,97962,100
2019-06-28 10:03:10.000000000,99133,443,99015,343,99191,343,98998,343,99192,100,98893,100,99210,100,98769,100,99273,100,98695,100,99312,100,98635,100,99395,100,98607,100,99418,100,98507,100,99469,100,98317,100,99555,100,97962,100
2019-06-28 10:03:20.000000000,99133,686,99015,586,99191,100,98998,100,99192,100,98893,100,99210,100,98769,100,99273,100,98695,100,99312,100,98635,100,99395,100,98607,100,99418,100,98507,100,99469,100,98317,100,99555,100,97962,100
2019-06-28 10:03:29.459628513,99133,586,99015,586,99191,100,98998,100,99192,100,98893,100,99210,100,98769,100,99273,100,98695,100,99312,100,98635,100,99395,100,98607,100,99418,100,98507,100,99469,100,98317,100,99555,100,97962,100
2019-06-28 10:03:30.000000000,99133,265,99015,265,99191,260,98998,260,99192,260,98893,260,99210,100,98769,100,99273,100,98695,100,99312,100,98635,100,99395,100,98607,100,99418,100,98507,100,99469,100,98317,100,99555,100,97962,100
2019-06-28 10:03:40.000000000,99133,586,99015,586,99191,100,98998,100,99192,100,98893,100,99210,100,98769,100,99273,100,98695,100,99312,100,98635,100,99395,100,98607,100,99418,100,98507,100,99469,100,98317,100,99555,100,97962,100
2019-06-28 10:03:50.000000000,99133,197,99015,197,99191,197,98998,197,99192,197,98893,197,99210,197,98769,197,99273,197,98695,197,99312,100,98635,100,99395,100,98607,100,99418,100,98507,100,99469,100,98317,100,99555,100,97962,100
2019-06-28 10:04:00.000000000,99133,265,99015,265,99191,260,98998,260,99192,260,98893,260,99210,100,98769,100,99273,100,98695,100,99312,100,98635,100,99395,100,98607,100,99418,100,98507,100,99469,100,98317,100,99555,100,97962,100
2019-06-28 10:04:06.014203218,99133,165,99015,265,99191,260,98998,260,99192,260,98893,260,99210,100,98769,100,99273,100,98695,100,99312,100,98635,100,99395,100,98607,100,99418,100,98507,100,99469,100,98317,100,99555,100,97962,100
2019-06-28 10:04:10.000000000,99191,265,99015,265,99192,260,98998,260,99210,260,98893,260,99273,100,98769,100,99312,100,98695,100,99395,100,98635,100,99418,100,98607,100,99469,100,98507,100,99555,100,98317,100,99601,100,97962,100
2019-06-28 10:04:20.000000000,99191,265,99015,265,99192,260,98998,260,99210,260,98893,260,99273,100,98769,100,99312,100,98695,100,99395,100,98635,100,99418,100,98607,100,99469,100,98507,100,99555,100,98317,100,99601,100,97962,100
2019-06-28 10:04:30.000000000,99191,343,99015,343,99192,343,98998,343,99210,100,98893,100,99273,100,98769,100,99312,100,98695,100,99395,100,98635,100,99418,100,98607,100,99469,100,98507,100,99555,100,98317,100,99601,100,97962,100
2019-06-28 10:04:40.000000000,99191,222,99015,222,99192,222,98998,222,99210,222,98893,222,99273,222,98769,222,99312,100,98695,100,99395,100,98635,100,99418,100,98607,100,99469,100,98507,100,99555,100,98317,100,99601,100,97962,100
2019-06-28 10:04:50.000000000,99191,197,99015,197,99192,197,98998,197,99210,197,98893,197,99273,197,98769,197,99312,197,98695,197,99395,100,98635,100,99418,100,98607,100,99469,100,98507,100,99555,100,98317,100,99601,100,97962,100
2019-06-28 10:05:00.000000000,99191,586,99015,586,99192,100,98998,100,99210,100,98893,100,99273,100,98769,100,99312,100,98695,100,99395,100,98635,100,99418,100,98607,100,99469,100,98507,100,99555,100,98317,100,99601,100,97962,100
2019-06-28 10:05:02.635276052,99191,486,99015,586,99192,100,98998,100,99210,100,98893,100,99273,100,98769,100,99312,100,98695,100,99395,100,98635,100,99418,100,98607,100,99469,100,98507,100,99555,100,98317,100,99601,100,97962,100
2019-06-28 10:05:10.000000000,99192,586,99015,586,99210,100,98998,100,99273,100,98893,100,99312,100,98769,100,99395,100,98695,100,99418,100,98635,100,99469,100,98607,100,99555,100,98507,100,99601,100,98317,100,99893,100,97962,100
2019-06-28 10:05:20.000000000,99192,222,99015,222,99210,222,98998,222,99273,222,98893,222,99312,222,98769,222,99395,100,98695,100,99418,100,98635,100,99469,100,98607,100,99555,100,98507,100,99601,100,98317,100,99893,100,97962,100
2019-06-28 10:05:30.000000000,99192,343,99015,343,99210,343,98998,343,99273,100,98893,100,99312,100,98769,100,99395,100,98695,100,99418,100,98635,100,99469,100,98607,100,99555,100,98507,100,99601,100,98317,100,99893,100,97962,100
2019-06-28 10:05:40.000000000,99192,265,99015,265,99210,260,98998,260,99273,260,98893,260,99312,100,98769,100,99395,100,98695,100,99418,100,98635,100,99469,100,98607,100,99555,100,98507,100,99601,100,98317,100,99893,100,97962,100
2019-06-28 10:05:42.460735935,99144,100,99015,265,99192,265,98998,260,99210,260,98893,260,99273,260,98769,100,99312,100,98695,100,99395,100,98635,100,99418,100,98607,100,99469,100,98507,100,99555,100,98317,100,99601,100,97962,100
2019-06-28 10:05:50.000000000,99144,197,99015,197,99192,197,98998,197,99210,197,98893,197,99273,197,98769,197,99312,197,98695,197,99395,100,98635,100,99418,100,98607,100,99469,100,98507,100,99555,100,98317,100,99601,100,97962,100
2019-06-28 10:06:00.000000000,99144,197,99015,197,99192,197,98998,197,99210,197,98893,197,99273,197,98769,197,99312,197,98695,197,99395,100,98635,100,99418,100,98607,100,99469,100,98507,100,99555,100,98317,100,99601,100,97962,100
2019-06-28 10:06:01.492246335,99132,100,99015,197,99144,197,98998,197,99192,197,98893,197,99210,197,98769,197,99273,197,98695,197,99312,197,98635,100,99395,100,98607,100,99418,100,98507,100,99469,100,98317,100,99555,100,97962,100
2019-06-28 10:06:10.000000000,99132,343,99015,343,99144,343,98998,343,99192,100,98893,100,99210,100,98769,100,99273,100,98695,100,99312,100,98635,100,99395,100,98607,100,99418,100,98507,100,99469,100,98317,100,99555,100,97962,100
2019-06-28 10:06:20.000000000,99132,197,99015,197,99144,197,98998,197,99192,197,98893,197,99210,197,98769,197,99273,197,98695,197,99312,100,98635,100,99395,100,98607,100,99418,100,98507,100,99469,100,98317,100,99555,100,97962,100
2019-06-28 10:06:30.000000000,99132,343,99015,343,99144,343,98998,343,99192,100,98893,100,99210,100,98769,100,99273,100,98695,100,99312,100,98635,100,99395,100,98607,100,99418,100,98507,100,99469,100,98317,100,99555,100,97962,100
2019-06-28 10:06:33.932966551,99038,100,99015,343,99132,343,98998,343,99144,343,98893,100,99192,100,98769,100,99210,100,98695,100,99273,100,98635,100,99312,100,98607,100,99395,100,98507,100,99418,100,98317,100,99469,100,97870,100
2019-06-28 10:06:40.000000000,99038,222,99015,222,99132,222,98998,222,99144,222,98893,222,99192,222,98769,222,99210,100,98695,100,99273,100,98635,100,99312,100,98607,100,99395,100,98507,100,99418,100,98317,100,99469,100,97870,100
2019-06-28 10:06:50.000000000,99038,197,99015,197,99132,197,98998,197,99144,197,98893,197,99192,197,98769,197,99210,197,98695,197,99273,100,98635,100,99312,100,98607,100,99395,100,98507,100,99418,100,98317,100,99469,100,97870,100
2019-06-28 10:07:00.000000000,99038,586,99015,586,99132,100,98998,100,99144,100,98893,100,99192,100,98769,100,99210,100,98695,100,99273,100,98635,100,99312,100,98607,100,99395,100,98507,100,99418,100,98317,100,99469,100,97870,100
2019-06-28 10:07:10.000000000,99038,222,99015,222,99132,222,98998,222,99144,222,98893,222,99192,222,98769,222,99210,100,98695,100,99273,100,98635,100,99312,100,98607,100,99395,100,98507,100,99418,100,98317,100,99469,100,97870,100
2019-06-28 10:07:16.962352514,99038,222,99015,222,99132,222,98998,222,99144,222,98893,222,99192,222,98828,100,99210,100,98769,222,99273,100,98695,100,99312,100,98635,100,99395,100,98607,100,99418,100,98507,100,99469,100,98317,100
2019-06-28 10:07:20.000000000,99038,265,99015,265,99132,260,98998,260,99144,260,98893,260,99192,100,98828,100,99210,100,98769,100,99273,100,98695,100,99312,100,98635,100,99395,100,98607,100,99418,100,98507,100,99469,100,98317,100
2019-06-28 10:07:20.745768759,99038,165,99015,265,99132,260,98998,260,99144,260,98893,260,99192,100,98828,100,99210,100,98769,100,99273,100,98695,100,99312,100,98635,100,99395,100,98607,100,99418,100,98507,100,99469,100,98317,100
2019-06-28 10:07:29.135380670,99038,65,99015,265,99132,260,98998,260,99144,260,98893,260,99192,100,98828,100,99210,100,98769,100,99273,100,98695,100,99312,100,98635,100,99395,100,98607,100,99418,100,98507,100,99469,100,98317,100
2019-06-28 10:07:30.000000000,99132,222,99015,222,99144,222,98998,222,99192,222,98893,222,99210,222,98828,222,99273,100,98769,100,99312,100,98695,100,99395,100,98635,100,99418,100,98607,100,99469,100,98507,100,99555,100,98317,100
2019-06-28 10:07:40.000000000,99132,343,99015,343,99144,343,98998,343,99192,100,98893,100,99210,100,98828,100,99273,100,98769,100,99312,100,98695,100,99395,100,98635,100,99418,100,98607,100,99469,100,98507,100,99555,100,98317,100
2019-06-28 10:07:50.000000000,99132,586,99015,586,99144,100,98998,100,99192,100,98893,100,99210,100,98828,100,99273,100,98769,100,99312,100,98695,100,99395,100,98635,100,99418,100,98607,100,99469,100,98507,100,99555,100,98317,100
2019-06-28 10:08:00.000000000,99132,197,99015,197,99144,197,98998,197,99192,197,98893,197,99210,197,98828,197,99273,197,98769,197,99312,100,98695,100,99395,100,98635,100,99418,100,98607,100,99469,100,98507,100,99555,100,98317,100
2019-06-28 10:08:05.001978183,99132,197,99015,197,99144,197,98998,197,99159,100,98893,197,99192,197,98828,197,99210,197,98769,197,99273,197,98695,100,99312,100,98635,100,99395,100,98607,100,99418,100,98507,100,99469,100,98317,100
2019-06-28 10:08:05.937764068,99132,197,99038,100,99144,197,99015,197,99159,100,98998,197,99192,197,98893,197,99210,197,98828,197,99273,197,98769,197,99312,100,98695,100,99395,100,98635,100,99418,100,98607,100,99469,100,98507,100
2019-06-28 10:08:10.000000000,99132,265,99038,265,99144,260,99015,260,99159,260,98998,260,99192,100,98893,100,99210,100,98828,100,99273,100,98769,100,99312,100,98695,100,99395,100,98635,100,99418,100,98607,100,99469,100,98507,100
2019-06-28 10:08:20.000000000,99132,265,99038,265,99144,260,99015,260,99159,260,98998,260,99192,100,98893,100,99210,100,98828,100,99273,100,98769,100,99312,100,98695,100,99395,100,98635,100,99418,100,98607,100,99469,100,98507,100
2019-06-28 10:08:30.000000000,99132,586,99038,586,99144,100,99015,100,99159,100,98998,100,99192,100,98893,100,99210,100,98828,100,99273,100,98769,100,99312,100,98695,100,99395,100,98635,100,99418,100,98607,100,99469,100,98507,100
2019-06-28 10:08:40.000000000,99132,265,99038,265,99144,260,99015,260,99159,260,98998,260,99192,100,98893,100,99210,100,98828,100,99273,100,98769,100,99312,100,98695,100,99395,100,98635,100,99418,100,98607,100,99469,100,98507,100
2019-06-28 10:08:50.000000000,99132,343,99038,343,99144,343,99015,343,99159,100,98998,100,99192,100,98893,100,99210,100,98828,100,99273,100,98769,100,99312,100,98695,100,99395,100,98635,100,99418,100,98607,100,99469,100,98507,100
2019-06-28 10:08:50.605357699,99132,343,99038,343,99144,343,99015,343,99159,100,98998,100,99192,100,98893,100,99210,100,98828,100,99273,100,98769,100,99312,100,98695,100,99395,100,98635,100,99418,100,98607,100,99469,100,98507,100
2019-06-28 10:08:53.442466058,99132,243,99038,343,99144,343,99015,343,99159,100,98998,100,99192,100,98893,100,99210,100,98828,100,99273,100,98769,100,99312,100,98695,100,99395,100,98635,100,99418,100,98607,100,99469,100,98507,100
2019-06-28 10:08:54.861332341,99132,243,99039,100,99144,343,99038,343,99159,100,99015,343,99192,100,98998,100,99210,100,98893,100,99273,100,98828,100,99312,100,98769,100,99395,100,98695,100,99418,100,98635,100,99469,100,98607,100
2019-06-28 10:09:00.000000000,99144,586,99039,586,99159,100,99038,100,99192,100,99015,100,99210,100,98998,100,99273,100,98893,100,99312,100,98828,100,99395,100,98769,100,99418,100,98695,100,99469,100,98635,100,99555,100,98607,100
2019-06-28 10:09:10.000000000,99144,222,99039,222,99159,222,99038,222,99192,222,99015,222,99210,222,98998,222,99273,100,98893,100,99312,100,98828,100,99395,100,98769,100,99418,100,98695,100,99469,100,98635,100,99555,100,98607,100
2019-06-28 10:09:20.000000000,99144,586,99039,586,99159,100,99038,100,99192,100,99015,100,99210,100,98998,100,99273,100,98893,100,99312,100,98828,100,99395,100,98769,100,99418,100,98695,100,99469,100,98635,100,99555,100,98607,100
2019-06-28 10:09:26.482568926,99144,586,99039,586,99159,100,99038,100,99192,100,99015,100,99210,100,98998,100,99273,100,98893,100,99312,100,98828,100,99395,100,98769,100,99418,100,98695,100,99469,100,98635,100,99555,100,98607,100
2019-06-28 10:09:30.000000000,99144,343,99039,343,99159,343,99038,343,99192,100,99015,100,99210,100,98998,100,99273,100,98893,100,99312,100,98828,100,99395,100,98769,100,99418,100,98695,100,99469,100,98635,100,99555,100,98607,100
2019-06-28 10:09:40.000000000,99144,343,99039,343,99159,343,99038,343,99192,100,99015,100,99210,100,98998,100,99273,100,98893,100,99312,100,98828,100,99395,100,98769,100,99418,100,98695,100,99469,100,98635,100,99555,100,98607,100
2019-06-28 10:09:50.000000000,99144,222,99039,222,99159,222,99038,222,99192,222,99015,222,99210,222,98998,222,99273,100,98893,100,99312,100,98828,100,99395,100,98769,100,99418,100,98695,100,99469,100,98635,100,99555,100,98607,100
2019-06-28 10:10:00.000000000,99144,586,99039,586,99159,100,99038,100,99192,100,99015,100,99210,100,98998,100,99273,100,98893,100,99312,100,98828,100,99395,100,98769,100,99418,100,98695,100,99469,100,98635,100,99555,100,98607,100
2019-06-28 10:10:10.000000000,99144,343,99039,343,99159,343,99038,343,99192,100,99015,100,99210,100,98998,100,99273,100,98893,100,99312,100,98828,100,99395,100,98769,100,99418,100,98695,100,99469,100,98635,100,99555,100,98607,100
2019-06-28 10:10:16.216836628,99131,100,99039,343,99144,343,99038,343,99159,343,99015,100,99192,100,98998,100,99210,100,98893,100,99273,100,98828,100,99312,100,98769,100,99395,100,98695,100,99418,100,98635,100,99469,100,98607,100
2019-06-28 10:10:20.000000000,99131,586,99039,586,99144,100,99038,100,99159,100,99015,100,99192,100,98998,100,99210,100,98893,100,99273,100,98828,100,99312,100,98769,100,99395,100,98695,100,99418,100,98635,100,99469,100,98607,100
2019-06-28 10:10:30.000000000,99131,197,99039,197,99144,197,99038,197,99159,197,99015,197,99192,197,98998,197,99210,197,98893,197,99273,100,98828,100,99312,100,98769,100,99395,100,98695,100,99418,100,98635,100,99469,100,98607,100
2019-06-28 10:10:33.118677214,99131,197,99039,197,99144,197,99038,197,99159,197,99015,197,99192,197,98998,197,99210,97,98893,197,99273,100,98828,100,99312,100,98769,100,99395,100,98695,100,99418,100,98676,100,99469,100,98635,100
2019-06-28 10:10:40.000000000,99131,222,99039,222,99144,222,99038,222,99159,222,99015,222,99192,222,98998,222,99273,100,98893,100,99312,100,98828,100,99395,100,98769,100,99418,100,98695,100,99469,100,98676,100,99555,100,98635,100
2019-06-28 10:10:50.000000000,99131,586,99039,586,99144,100,99038,100,99159,100,99015,100,99192,100,98998,100,99273,100,98893,100,99312,100,98828,100,99395,100,98769,100,99418,100,98695,100,99469,100,98676,100,99555,100,98635,100
2019-06-28 10:11:00.000000000,99131,343,99039,343,99144,343,99038,343,99159,100,99015,100,99192,100,98998,100,99273,100,98893,100,99312,100,98828,100,99395,100,98769,100,99418,100,98695,100,99469,100,98676,100,99555,100,98635,100
2019-06-28 10:11:04.709871880,99131,343,99039,343,99144,343,99038,343,99159,100,99015,100,99192,100,98998,100,99273,100,98893,100,99312,100,98828,100,99395,100,98824,100,99418,100,98769,100,99469,100,98695,100,99555,100,98676,100
2019-06-28 10:11:10.000000000,99131,222,99039,222,99144,222,99038,222,99159,222,99015,222,99192,222,98998,222,99273,100,98893,100,99312,100,98828,100,99395,100,98824,100,99418,100,98769,100,99469,100,98695,100,99555,100,98676,100
2019-06-28 10:11:20.000000000,99131,265,99039,265,99144,260,99038,260,99159,260,99015,260,99192,100,98998,100,99273,100,98893,100,99312,100,98828,100,99395,100,98824,100,99418,100,98769,100,99469,100,98695,100,99555,100,98676,100
2019-06-28 10:11:20.247724148,99131,365,99039,265,99144,260,99038,260,99159,260,99015,260,99192,100,98998,100,99273,100,98893,100,99312,100,98828,100,99395,100,98824,100,99418,100,98769,100,99469,100,98695,100,99555,100,98676,100
2019-06-28 10:11:23.797682231,99131,365,99039,265,99144,260,99038,260,99159,260,99015,260,99192,100,98998,100,99312,100,98893,100,99395,100,98828,100,99418,100,98824,100,99469,100,98769,100,99555,100,98695,100,99901,100,98676,100
2019-06-28 10:11:28.477102104,99131,365,99039,165,99144,260,99038,260,99159,260,99015,260,99192,100,98998,100,99312,100,98893,100,99395,100,98828,100,99418,100,98824,100,99469,100,98769,100,99555,100,98695,100,99901,100,98676,100
