,ask_price_1,ask_size_1,bid_price_1,bid_size_1,ask_price_2,ask_size_2,bid_price_2,bid_size_2,ask_price_3,ask_size_3,bid_price_3,bid_size_3,ask_price_4,ask_size_4,bid_price_4,bid_size_4,ask_price_5,ask_size_5,bid_price_5,bid_size_5,ask_price_6,ask_size_6,bid_price_6,bid_size_6,ask_price_7,ask_size_7,bid_price_7,bid_size_7,ask_price_8,ask_size_8,bid_price_8,bid_size_8,ask_price_9,ask_size_9,bid_price_9,bid_size_9,ask_price_10,ask_size_10,bid_price_10,bid_size_10
2019-06-28 09:30:00.000000002,,,99944,100,,,,,,,,,,,,,,,,,,,,,,,,,,,,,,,,,,,,
2019-06-28 09:30:00.000000003,100007,100,99944,100,,,,,,,,,,,,,,,,,,,,,,,,,,,,,,,,,,,,
2019-06-28 09:30:00.000000004,100007,100,99944,100,100113,100,,,,,,,,,,,,,,,,,,,,,,,,,,,,,,,,,,
2019-06-28 09:30:00.000000005,100007,100,99944,100,100113,100,99888,100,100229,100,,,,,,,,,,,,,,,,,,,,,,,,,,,,,,
2019-06-28 09:30:00.000000006,100007,100,99944,100,100022,100,99888,100,100113,100,99828,100,100229,100,,,,,,,,,,,,,,,,,,,,,,,,,,
2019-06-28 09:30:00.000000008,100022,100,99944,100,100113,100,99888,100,100229,100,99828,100,,,,,,,,,,,,,,,,,,,,,,,,,,,,
2019-06-28 09:30:00.000000009,100022,100,99944,100,100029,100,99888,100,100038,100,99828,100,100113,100,,,100229,100,,,,,,,,,,,,,,,,,,,,,,
2019-06-28 09:30:00.000000010,100029,100,100006,100,100038,100,99944,100,100113,100,99888,100,100229,100,99828,100,,,,,,,,,,,,,,,,,,,,,,,,
2019-06-28 09:30:00.000000014,100029,100,100006,100,100038,100,99944,100,100113,100,99913,100,100229,100,99888,100,,,99828,100,,,,,,,,,,,,,,,,,,,,
2019-06-28 09:30:00.000000015,100022,100,100006,100,100029,100,99944,100,100038,100,99913,100,100113,100,99888,100,100229,100,99828,100,,,,,,,,,,,,,,,,,,,,
2019-06-28 09:30:00.000000016,100022,100,100006,100,100029,100,99999,100,100038,100,99944,100,100113,100,99913,100,100229,100,99888,100,,,99828,100,,,,,,,,,,,,,,,,
2019-06-28 09:30:00.000000017,100022,100,100006,100,100029,100,99999,100,100038,100,99961,100,100113,100,99944,100,100229,100,99913,100,,,99888,100,,,99828,100,,,,,,,,,,,,
2019-06-28 09:30:00.000000020,100022,100,99999,100,100029,100,99961,100,100038,100,99944,100,100113,100,99913,100,100229,100,99888,100,,,99828,100,,,,,,,,,,,,,,,,
2019-06-28 09:30:00.000000022,100022,100,99999,100,100029,100,99961,100,100038,100,99944,100,100113,100,99913,100,100229,100,99897,100,,,99888,100,,,99828,100,,,,,,,,,,,,
2019-06-28 09:30:00.000000023,100022,100,100006,100,100029,100,99999,100,100038,100,99961,100,100113,100,99944,100,100229,100,99916,100,,,99913,100,,,99897,100,,,99888,100,,,99828,100,,,,
2019-06-28 09:30:00.000000025,100022,100,99999,100,100029,100,99961,100,100038,100,99944,100,100113,100,99916,100,100229,100,99913,100,,,99897,100,,,99889,100,,,99888,100,,,99828,100,,,,
2019-06-28 09:30:00.000000026,100022,100,99999,100,100029,100,99961,100,100038,100,99944,100,100113,100,99916,100,100229,100,99913,100,,,99897,100,,,99889,100,,,99888,100,,,99828,100,,,99819,100
2019-06-28 09:30:00.000000027,100015,100,99999,100,100022,100,99961,100,100029,100,99944,100,100038,100,99916,100,100113,100,99913,100,100229,100,99897,100,,,99889,100,,,99888,100,,,99828,100,,,99819,100
2019-06-28 09:30:00.000000030,100015,100,99999,100,100022,100,99961,100,100029,100,99944,100,100038,100,99916,100,100113,100,99913,100,100229,100,99897,100,,,99889,100,,,99888,100,,,99864,100,,,99828,100
2019-06-28 09:30:00.000000040,100015,100,99961,100,100022,100,99944,100,100029,100,99916,100,100038,100,99913,100,100113,100,99897,100,100229,100,99889,100,,,99888,100,,,99864,100,,,99828,100,,,99819,100
2019-06-28 09:30:00.000000042,100015,100,99961,100,100022,100,99944,100,100029,100,99927,100,100038,100,99916,100,100077,100,99913,100,100113,100,99897,100,100229,100,99889,100,,,99888,100,,,99864,100,,,99828,100
2019-06-28 09:30:00.000000045,100015,100,99961,100,100022,100,99944,100,100029,100,99927,100,100038,100,99916,100,100077,100,99913,100,100113,100,99897,100,100229,100,99894,100,,,99889,100,,,99888,100,,,99864,100
2019-06-28 09:30:00.000000046,100022,100,99961,100,100029,100,99944,100,100038,100,99927,100,100077,100,99916,100,100113,100,99913,100,100229,100,99897,100,,,99894,100,,,99889,100,,,99888,100,,,99879,100
2019-06-28 09:30:00.000000047,100022,100,99977,100,100029,100,99961,100,100038,100,99944,100,100077,100,99927,100,100113,100,99916,100,100122,100,99913,100,100229,100,99897,100,,,99894,100,,,99889,100,,,99888,100
2019-06-28 09:30:00.000000048,100022,100,99977,100,100029,100,99961,100,100038,100,99944,100,100077,100,99927,100,100113,100,99916,100,100122,100,99913,100,100229,100,99897,100,,,99894,100,,,99889,100,,,99888,100
2019-06-28 09:30:00.000000051,100022,100,99999,200,100029,100,99977,100,100038,100,99961,100,100077,100,99944,100,100113,100,99927,100,100122,100,99916,100,100229,100,99913,100,,,99897,100,,,99894,100,,,99889,100
2019-06-28 09:30:00.000000053,100022,100,99999,200,100029,100,99977,100,100038,100,99961,100,100077,100,99944,100,100113,100,99927,100,100122,100,99916,100,100229,100,99913,100,,,99897,100,,,99894,100,,,99889,100
2019-06-28 09:30:00.000000056,100022,100,99999,200,100029,100,99977,100,100038,100,99961,100,100077,100,99944,100,100113,100,99927,100,100122,100,99916,100,100229,100,99913,100,,,99897,100,,,99894,100,,,99889,100
2019-06-28 09:30:00.000000058,100022,100,99999,200,100029,100,99977,100,100038,100,99961,100,100077,100,99944,100,100113,200,99927,100,100122,100,99916,100,100229,100,99913,100,,,99897,100,,,99894,100,,,99889,100
2019-06-28 09:30:00.000000061,100022,100,99999,200,100029,100,99977,100,100038,100,99961,100,100077,100,99944,100,100113,200,99927,100,100122,100,99916,100,100229,100,99913,100,,,99897,100,,,99894,100,,,99889,100
2019-06-28 09:30:00.000000063,100029,100,99999,200,100038,100,99977,100,100077,100,99961,100,100113,200,99944,100,100122,100,99927,100,100229,100,99916,100,,,99913,100,,,99897,100,,,99894,100,,,99889,100
2019-06-28 09:30:00.000000064,100029,100,100008,100,100038,100,99999,200,100077,100,99977,100,100113,200,99961,100,100122,100,99944,100,100153,100,99927,100,100229,100,99916,100,,,99913,100,,,99897,100,,,99894,100
2019-06-28 09:30:00.000000067,100022,100,100008,100,100029,100,99999,200,100038,100,99977,100,100077,100,99961,100,100113,200,99944,100,100122,100,99927,100,100153,100,99916,100,100229,100,99913,100,,,99897,100,,,99894,100
2019-06-28 09:30:00.000000068,100022,100,100008,100,100029,100,99999,200,100038,100,99977,100,100077,100,99961,100,100113,200,99944,100,100122,100,99927,100,100153,100,99916,100,100229,100,99913,100,,,99897,100,,,99894,100
2019-06-28 09:30:00.000000074,100022,100,100008,200,100029,100,99999,200,100038,100,99977,100,100077,100,99961,100,100113,200,99944,100,100122,100,99927,100,100153,100,99916,100,100229,100,99913,100,,,99897,100,,,99894,100
2019-06-28 09:30:00.000000077,100029,100,100008,100,100038,100,99999,300,100077,100,99977,100,100113,200,99961,100,100122,100,99944,100,100153,100,99927,100,100229,100,99916,100,,,99913,100,,,99897,100,,,99894,100
2019-06-28 09:30:00.000000078,100029,100,100008,100,100038,100,99999,300,100077,100,99977,100,100113,200,99961,100,100118,100,99944,100,100122,100,99927,100,100153,100,99916,100,100229,100,99913,100,,,99897,100,,,99894,100
2019-06-28 09:30:00.000000079,100029,100,100008,100,100038,100,99999,300,100077,100,99977,100,100097,100,99961,100,100113,200,99944,100,100118,100,99927,100,100122,100,99916,100,100153,100,99913,100,100229,100,99897,100,,,99894,100
2019-06-28 09:30:00.000000086,100029,100,100008,100,100038,100,99999,300,100077,100,99977,100,100097,100,99961,100,100113,200,99944,100,100118,100,99934,100,100122,100,99927,100,100153,100,99916,100,100229,100,99913,100,,,99905,100
2019-06-28 09:30:00.000000087,100029,100,99999,300,100038,100,99977,100,100077,100,99961,100,100097,100,99944,100,100113,200,99934,100,100118,100,99927,100,100122,100,99916,100,100153,100,99913,100,100229,100,99905,100,,,99897,100
2019-06-28 09:30:00.000000088,100029,100,99999,300,100038,100,99977,100,100077,100,99961,100,100097,100,99944,100,100113,200,99934,100,100118,100,99927,100,100122,100,99916,100,100153,100,99913,100,100178,100,99905,100,100229,100,99897,100
2019-06-28 09:30:00.000000089,100029,100,99999,300,100038,100,99977,100,100077,100,99961,100,100097,100,99944,100,100113,200,99934,100,100118,100,99927,100,100122,100,99916,100,100142,100,99913,100,100153,100,99905,100,100178,100,99897,100
2019-06-28 09:30:00.000000092,100008,100,99999,300,100029,100,99977,100,100038,100,99961,100,100077,100,99944,100,100097,100,99934,100,100113,200,99927,100,100118,100,99916,100,100122,100,99913,100,100142,100,99905,100,100153,100,99897,100
2019-06-28 09:30:00.000000093,100008,100,99999,300,100029,100,99977,100,100038,100,99961,100,100077,100,99944,100,100097,100,99934,100,100113,200,99927,100,100118,100,99916,100,100122,100,99913,100,100138,100,99905,100,100142,100,99897,100
2019-06-28 09:30:00.000000095,100008,100,100000,100,100029,100,99999,200,100038,100,99977,100,100077,100,99961,100,100097,100,99944,100,100113,200,99934,100,100118,100,99927,100,100122,100,99916,100,100138,100,99913,100,100142,100,99905,100
2019-06-28 09:30:00.000000098,100007,100,100000,200,100008,100,99999,200,100029,100,99977,100,100038,100,99961,100,100077,100,99944,100,100097,100,99934,100,100113,200,99927,100,100118,100,99916,100,100122,100,99913,100,100138,100,99905,100
2019-06-28 09:30:00.000000099,100007,100,100000,200,100008,100,99999,200,100029,100,99977,100,100038,100,99961,100,100077,100,99944,100,100097,100,99934,100,100113,200,99927,100,100118,100,99916,100,100122,100,99913,100,100138,100,99905,100
2019-06-28 09:30:10.000000000,100007,202,100000,302,100008,202,99999,302,100029,202,99977,202,100038,202,99961,202,100077,100,99944,100,100097,100,99934,100,100113,200,99927,100,100118,100,99916,100,100122,100,99913,100,100138,100,99905,100
2019-06-28 09:30:20.000000000,100007,304,100000,404,100008,304,99999,404,100029,100,99977,100,100038,100,99961,100,100077,100,99944,100,100097,100,99934,100,100113,200,99927,100,100118,100,99916,100,100122,100,99913,100,100138,100,99905,100
2019-06-28 09:30:22.007515197,100007,304,100000,404,100008,304,99999,404,100029,100,99977,100,100038,100,99961,100,100077,100,99944,100,100097,100,99934,100,100113,200,99927,100,100118,100,99916,100,100122,100,99913,100,100138,100,99905,100
2019-06-28 09:30:30.000000000,100007,507,100000,607,100008,100,99999,200,100029,100,99977,100,100038,100,99961,100,100077,100,99944,100,100097,100,99934,100,100113,200,99927,100,100118,100,99916,100,100122,100,99913,100,100138,100,99905,100
2019-06-28 09:30:40.000000000,100007,181,100000,281,100008,181,99999,281,100029,181,99977,181,100038,181,99961,181,100077,181,99944,181,100097,100,99934,100,100113,200,99927,100,100118,100,99916,100,100122,100,99913,100,100138,100,99905,100
2019-06-28 09:30:50.000000000,100007,202,100000,302,100008,202,99999,302,100029,202,99977,202,100038,202,99961,202,100077,100,99944,100,100097,100,99934,100,100113,200,99927,100,100118,100,99916,100,100122,100,99913,100,100138,100,99905,100
2019-06-28 09:31:00.000000000,100007,238,100000,338,100008,234,99999,334,100029,234,99977,234,100038,100,99961,100,100077,100,99944,100,100097,100,99934,100,100113,200,99927,100,100118,100,99916,100,100122,100,99913,100,100138,100,99905,100
2019-06-28 09:31:10.000000000,100007,238,100000,338,100008,234,99999,334,100029,234,99977,234,100038,100,99961,100,100077,100,99944,100,100097,100,99934,100,100113,200,99927,100,100118,100,99916,100,100122,100,99913,100,100138,100,99905,100
2019-06-28 09:31:11.368477662,100007,238,100000,338,100008,234,99999,334,100029,234,99977,234,100038,100,99961,100,100077,100,99944,100,100097,100,99934,100,100113,200,99927,100,100118,100,99916,100,100122,100,99913,100,100138,100,99905,100
2019-06-28 09:31:20.000000000,100007,304,100000,404,100008,304,99999,404,100029,100,99977,100,100038,100,99961,100,100077,100,99944,100,100097,100,99934,100,100113,200,99927,100,100118,100,99916,100,100122,100,99913,100,100138,100,99905,100
2019-06-28 09:31:25.486185417,100007,304,100000,204,100008,304,99999,404,100029,100,99977,100,100038,100,99961,100,100077,100,99944,100,100097,100,99934,100,100113,200,99927,100,100118,100,99916,100,100122,100,99913,100,100138,100,99905,100
2019-06-28 09:31:30.000000000,100007,181,99999,281,100008,181,99977,181,100029,181,99961,181,100038,181,99944,181,100077,181,99934,181,100097,100,99927,100,100113,200,99916,100,100118,100,99913,100,100122,100,99905,100,100138,100,99897,100
2019-06-28 09:31:40.000000000,100007,238,99999,338,100008,234,99977,234,100029,234,99961,234,100038,100,99944,100,100077,100,99934,100,100097,100,99927,100,100113,200,99916,100,100118,100,99913,100,100122,100,99905,100,100138,100,99897,100
2019-06-28 09:31:50.000000000,100007,238,99999,338,100008,234,99977,234,100029,234,99961,234,100038,100,99944,100,100077,100,99934,100,100097,100,99927,100,100113,200,99916,100,100118,100,99913,100,100122,100,99905,100,100138,100,99897,100
2019-06-28 09:32:00.000000000,100007,181,99999,281,100008,181,99977,181,100029,181,99961,181,100038,181,99944,181,100077,181,99934,181,100097,100,99927,100,100113,200,99916,100,100118,100,99913,100,100122,100,99905,100,100138,100,99897,100
2019-06-28 09:32:00.558109495,100007,181,99999,181,100008,181,99977,181,100029,181,99961,181,100038,181,99944,181,100077,181,99934,181,100097,100,99927,100,100113,200,99916,100,100118,100,99913,100,100122,100,99905,100,100138,100,99897,100
2019-06-28 09:32:00.999762386,100007,181,99999,181,100008,181,99977,181,100029,181,99961,181,100038,181,99944,181,100077,181,99934,181,100097,100,99927,100,100113,200,99916,100,100118,100,99913,100,100122,100,99905,100,100138,100,99897,100
2019-06-28 09:32:08.630885458,100007,181,99999,81,100008,181,99977,181,100029,181,99961,181,100038,181,99944,181,100077,181,99934,181,100097,100,99927,100,100113,200,99916,100,100118,100,99913,100,100122,100,99905,100,100138,100,99897,100
2019-06-28 09:32:10.000000000,100007,507,99977,507,100008,100,99961,100,100029,100,99944,100,100038,100,99934,100,100077,100,99927,100,100097,100,99916,100,100113,200,99913,100,100118,100,99905,100,100122,100,99897,100,100138,100,99889,100
2019-06-28 09:32:20.000000000,100007,304,99977,304,100008,304,99961,304,100029,100,99944,100,100038,100,99934,100,100077,100,99927,100,100097,100,99916,100,100113,200,99913,100,100118,100,99905,100,100122,100,99897,100,100138,100,99889,100
2019-06-28 09:32:28.941671681,100007,304,99977,204,100008,304,99961,304,100029,100,99944,100,100038,100,99934,100,100077,100,99927,100,100097,100,99916,100,100113,100,99913,100,100118,100,99905,100,100122,100,99897,100,100138,100,99889,100
2019-06-28 09:32:30.000000000,100007,202,99961,202,100008,202,99944,202,100029,202,99934,202,100038,202,99927,202,100077,100,99916,100,100097,100,99913,100,100113,100,99905,100,100118,100,99897,100,100122,100,99889,100,100138,100,99888,100
2019-06-28 09:32:40.000000000,100007,507,99961,507,100008,100,99944,100,100029,100,99934,100,100038,100,99927,100,100077,100,99916,100,100097,100,99913,100,100113,100,99905,100,100118,100,99897,100,100122,100,99889,100,100138,100,99888,100
2019-06-28 09:32:50.000000000,100007,202,99961,202,100008,202,99944,202,100029,202,99934,202,100038,202,99927,202,100077,100,99916,100,100097,100,99913,100,100113,100,99905,100,100118,100,99897,100,100122,100,99889,100,100138,100,99888,100
2019-06-28 09:33:00.000000000,100007,507,99961,507,100008,100,99944,100,100029,100,99934,100,100038,100,99927,100,100077,100,99916,100,100097,100,99913,100,100113,100,99905,100,100118,100,99897,100,100122,100,99889,100,100138,100,99888,100
2019-06-28 09:33:10.000000000,100007,304,99961,304,100008,304,99944,304,100029,100,99934,100,100038,100,99927,100,100077,100,99916,100,100097,100,99913,100,100113,100,99905,100,100118,100,99897,100,100122,100,99889,100,100138,100,99888,100
2019-06-28 09:33:20.000000000,100007,238,99961,238,100008,234,99944,234,100029,234,99934,234,100038,100,99927,100,100077,100,99916,100,100097,100,99913,100,100113,100,99905,100,100118,100,99897,100,100122,100,99889,100,100138,100,99888,100
2019-06-28 09:33:29.316526203,100007,238,99961,238,100008,234,99944,234,100029,234,99934,234,100038,100,99927,100,100077,100,99916,100,100097,100,99913,100,100113,100,99905,100,100118,100,99897,100,100122,100,99889,100,100138,100,99888,100
2019-06-28 09:33:30.000000000,100007,238,99961,238,100008,234,99944,234,100029,234,99934,234,100038,100,99927,100,100077,100,99916,100,100097,100,99913,100,100113,100,99905,100,100118,100,99897,100,100122,100,99889,100,100138,100,99888,100
2019-06-28 09:33:35.785897684,100007,238,99961,238,100008,234,99944,234,100029,234,99934,234,100038,100,99927,100,100077,100,99916,100,100097,100,99913,100,100113,100,99905,100,100118,100,99897,100,100122,100,99889,100,100138,100,99888,100
2019-06-28 09:33:40.000000000,100007,202,99961,202,100008,202,99944,202,100029,202,99934,202,100038,202,99927,202,100077,100,99916,100,100097,100,99913,100,100113,100,99905,100,100118,100,99897,100,100122,100,99889,100,100138,100,99888,100
2019-06-28 09:33:50.000000000,100007,507,99961,507,100008,100,99944,100,100029,100,99934,100,100038,100,99927,100,100077,100,99916,100,100097,100,99913,100,100113,100,99905,100,100118,100,99897,100,100122,100,99889,100,100138,100,99888,100
2019-06-28 09:33:59.441693188,100007,507,99961,407,100008,100,99944,100,100029,100,99934,100,100038,100,99927,100,100077,100,99916,100,100097,100,99913,100,100113,100,99905,100,100118,100,99897,100,100122,100,99889,100,100138,100,99888,100
2019-06-28 09:34:00.000000000,100007,202,99944,202,100008,202,99934,202,100029,202,99927,202,100038,202,99916,202,100077,100,99913,100,100097,100,99905,100,100113,100,99897,100,100118,100,99889,100,100122,100,99888,100,100138,100,99881,100
2019-06-28 09:34:10.000000000,100007,202,99944,202,100008,202,99934,202,100029,202,99927,202,100038,202,99916,202,100077,100,99913,100,100097,100,99905,100,100113,100,99897,100,100118,100,99889,100,100122,100,99888,100,100138,100,99881,100
2019-06-28 09:34:16.580438928,100007,202,99944,202,100008,202,99934,202,100029,202,99927,202,100038,202,99916,202,100077,100,99913,100,100097,100,99905,100,100113,100,99897,100,100118,100,99889,100,100122,100,99888,100,100138,100,99881,100
2019-06-28 09:34:20.000000000,100007,181,99944,181,100008,181,99934,181,100029,181,99927,181,100038,181,99916,181,100077,181,99913,181,100097,100,99905,100,100113,100,99897,100,100118,100,99889,100,100122,100,99888,100,100138,100,99881,100
2019-06-28 09:34:30.000000000,100007,202,99944,202,100008,202,99934,202,100029,202,99927,202,100038,202,99916,202,100077,100,99913,100,100097,100,99905,100,100113,100,99897,100,100118,100,99889,100,100122,100,99888,100,100138,100,99881,100
2019-06-28 09:34:36.524816864,99977,100,99944,202,100007,202,99934,202,100008,202,99927,202,100029,202,99916,202,100038,202,99913,100,100077,100,99905,100,100097,100,99897,100,100113,100,99889,100,100118,100,99888,100,100122,100,99881,100
2019-06-28 09:34:40.000000000,99977,202,99944,202,100007,202,99934,202,100008,202,99927,202,100029,202,99916,202,100038,100,99913,100,100077,100,99905,100,100097,100,99897,100,100113,100,99889,100,100118,100,99888,100,100122,100,99881,100
2019-06-28 09:34:50.000000000,99977,304,99944,304,100007,304,99934,304,100008,100,99927,100,100029,100,99916,100,100038,100,99913,100,100077,100,99905,100,100097,100,99897,100,100113,100,99889,100,100118,100,99888,100,100122,100,99881,100
2019-06-28 09:35:00.000000000,99977,304,99944,304,100007,304,99934,304,100008,100,99927,100,100029,100,99916,100,100038,100,99913,100,100077,100,99905,100,100097,100,99897,100,100113,100,99889,100,100118,100,99888,100,100122,100,99881,100
2019-06-28 09:35:02.216559471,99977,304,99944,204,100007,304,99934,304,100008,100,99927,100,100029,100,99916,100,100038,100,99913,100,100077,100,99905,100,100097,100,99897,100,100113,100,99889,100,100118,100,99888,100,100122,100,99881,100
2019-06-28 09:35:06.412727013,99977,304,99944,204,100007,304,99934,304,100008,100,99927,100,100029,100,99916,100,100038,100,99913,100,100077,100,99905,100,100097,100,99897,100,100113,100,99889,100,100118,100,99888,100,100122,100,99881,100
2019-06-28 09:35:10.000000000,99977,181,99934,181,100007,181,99927,181,100008,181,99916,181,100029,181,99913,181,100038,181,99905,181,100077,100,99897,100,100097,100,99889,100,100113,100,99888,100,100118,100,99881,100,100122,100,99879,100
2019-06-28 09:35:13.510210600,99961,100,99934,181,99977,181,99927,181,100007,181,99916,181,100008,181,99913,181,100029,181,99905,181,100038,181,99897,100,100077,100,99889,100,100097,100,99888,100,100118,100,99881,100,100122,100,99879,100
2019-06-28 09:35:20.000000000,99961,181,99934,181,99977,181,99927,181,100007,181,99916,181,100008,181,99913,181,100029,181,99905,181,100038,100,99897,100,100077,100,99889,100,100097,100,99888,100,100118,100,99881,100,100122,100,99879,100
2019-06-28 09:35:30.000000000,99961,238,99934,238,99977,234,99927,234,100007,234,99916,234,100008,100,99913,100,100029,100,99905,100,100038,100,99897,100,100077,100,99889,100,100097,100,99888,100,100118,100,99881,100,100122,100,99879,100
2019-06-28 09:35:40.000000000,99961,181,99934,181,99977,181,99927,181,100007,181,99916,181,100008,181,99913,181,100029,181,99905,181,100038,100,99897,100,100077,100,99889,100,100097,100,99888,100,100118,100,99881,100,100122,100,99879,100
2019-06-28 09:35:50.000000000,99961,181,99934,181,99977,181,99927,181,100007,181,99916,181,100008,181,99913,181,100029,181,99905,181,100038,100,99897,100,100077,100,99889,100,100097,100,99888,100,100118,100,99881,100,100122,100,99879,100
2019-06-28 09:35:55.338278187,99961,181,99934,81,99977,181,99927,181,100007,181,99916,181,100008,181,99913,181,100029,181,99905,181,100038,100,99897,100,100077,100,99889,100,100097,100,99888,100,100118,100,99881,100,100122,100,99879,100
2019-06-28 09:36:00.000000000,99961,181,99927,181,99977,181,99916,181,100007,181,99913,181,100008,181,99905,181,100029,181,99897,181,100038,100,99889,100,100077,100,99888,100,100097,100,99881,100,100118,100,99879,100,100122,100,99865,100
2019-06-28 09:36:10.000000000,99961,238,99927,238,99977,234,99916,234,100007,234,99913,234,100008,100,99905,100,100029,100,99897,100,100038,100,99889,100,100077,100,99888,100,100097,100,99881,100,100118,100,99879,100,100122,100,99865,100
2019-06-28 09:36:20.000000000,99961,238,99927,238,99977,234,99916,234,100007,234,99913,234,100008,100,99905,100,100029,100,99897,100,100038,100,99889,100,100077,100,99888,100,100097,100,99881,100,100118,100,99879,100,100122,100,99865,100
2019-06-28 09:36:24.733389885,99961,238,99927,238,99977,234,99916,234,100007,234,99913,234,100008,100,99905,100,100029,100,99897,100,100038,100,99889,100,100077,100,99888,100,100097,100,99881,100,100118,100,99879,100,100122,100,99865,100
2019-06-28 09:36:30.000000000,99961,181,99927,181,99977,181,99916,181,100007,181,99913,181,100008,181,99905,181,100029,181,99897,181,100038,100,99889,100,100077,100,99888,100,100097,100,99881,100,100118,100,99879,100,100122,100,99865,100
2019-06-28 09:36:40.000000000,99961,181,99927,181,99977,181,99916,181,100007,181,99913,181,100008,181,99905,181,100029,181,99897,181,100038,100,99889,100,100077,100,99888,100,100097,100,99881,100,100118,100,99879,100,100122,100,99865,100
2019-06-28 09:36:50.000000000,99961,304,99927,304,99977,304,99916,304,100007,100,99913,100,100008,100,99905,100,100029,100,99897,100,100038,100,99889,100,100077,100,99888,100,100097,100,99881,100,100118,100,99879,100,100122,100,99865,100
2019-06-28 09:37:00.000000000,99961,238,99927,238,99977,234,99916,234,100007,234,99913,234,100008,100,99905,100,100029,100,99897,100,100038,100,99889,100,100077,100,99888,100,100097,100,99881,100,100118,100,99879,100,100122,100,99865,100
2019-06-28 09:37:10.000000000,99961,202,99927,202,99977,202,99916,202,100007,202,99913,202,100008,202,99905,202,100029,100,99897,100,100038,100,99889,100,100077,100,99888,100,100097,100,99881,100,100118,100,99879,100,100122,100,99865,100
2019-06-28 09:37:20.000000000,99961,304,99927,304,99977,304,99916,304,100007,100,99913,100,100008,100,99905,100,100029,100,99897,100,100038,100,99889,100,100077,100,99888,100,100097,100,99881,100,100118,100,99879,100,100122,100,99865,100
2019-06-28 09:37:25.127922309,99961,304,99927,204,99977,304,99916,304,100007,100,99913,100,100008,100,99905,100,100029,100,99897,100,100038,100,99889,100,100077,100,99888,100,100097,100,99881,100,100118,100,99879,100,100122,100,99865,100
2019-06-28 09:37:26.096461709,99961,304,99927,104,99977,304,99916,304,100007,100,99913,100,100008,100,99905,100,100029,100,99897,100,100038,100,99889,100,100097,100,99888,100,100118,100,99881,100,100122,100,99879,100,100138,100,99865,100
2019-06-28 09:37:30.000000000,99961,304,99916,304,99977,304,99913,304,100007,100,99905,100,100008,100,99897,100,100029,100,99889,100,100038,100,99888,100,100097,100,99881,100,100118,100,99879,100,100122,100,99865,100,100138,100,99864,100
2019-06-28 09:37:33.328305181,99961,304,99916,204,99977,304,99913,304,100007,100,99905,100,100008,100,99897,100,100038,100,99889,100,100097,100,99888,100,100118,100,99881,100,100122,100,99879,100,100138,100,99865,100,100153,100,99864,100
2019-06-28 09:37:40.000000000,99961,304,99913,304,99977,304,99905,304,100007,100,99897,100,100008,100,99889,100,100038,100,99888,100,100097,100,99881,100,100118,100,99879,100,100122,100,99865,100,100138,100,99864,100,100153,100,99856,100
2019-06-28 09:37:50.000000000,99961,304,99913,304,99977,304,99905,304,100007,100,99897,100,100008,100,99889,100,100038,100,99888,100,100097,100,99881,100,100118,100,99879,100,100122,100,99865,100,100138,100,99864,100,100153,100,99856,100
2019-06-28 09:38:00.000000000,99961,238,99913,238,99977,234,99905,234,100007,234,99897,234,100008,100,99889,100,100038,100,99888,100,100097,100,99881,100,100118,100,99879,100,100122,100,99865,100,100138,100,99864,100,100153,100,99856,100
2019-06-28 09:38:10.000000000,99961,507,99913,507,99977,100,99905,100,100007,100,99897,100,100008,100,99889,100,100038,100,99888,100,100097,100,99881,100,100118,100,99879,100,100122,100,99865,100,100138,100,99864,100,100153,100,99856,100
2019-06-28 09:38:11.716105701,99927,100,99913,507,99961,507,99905,100,99977,100,99897,100,100007,100,99889,100,100038,100,99888,100,100097,100,99881,100,100118,100,99879,100,100122,100,99865,100,100138,100,99864,100,100153,100,99856,100
2019-06-28 09:38:18.910342718,99927,100,99913,407,99961,507,99905,100,99977,100,99897,100,100007,100,99889,100,100038,100,99888,100,100097,100,99881,100,100118,100,99879,100,100122,100,99865,100,100138,100,99864,100,100153,100,99856,100
2019-06-28 09:38:20.000000000,99927,238,99905,238,99961,234,99897,234,99977,234,99889,234,100007,100,99888,100,100038,100,99881,100,100097,100,99879,100,100118,100,99865,100,100122,100,99864,100,100138,100,99856,100,100153,100,99839,100
2019-06-28 09:38:30.000000000,99927,202,99905,202,99961,202,99897,202,99977,202,99889,202,100007,202,99888,202,100038,100,99881,100,100097,100,99879,100,100118,100,99865,100,100122,100,99864,100,100138,100,99856,100,100153,100,99839,100
2019-06-28 09:38:36.250828462,99927,202,99905,102,99961,202,99897,202,99977,202,99889,202,100007,202,99888,202,100038,100,99881,100,100097,100,99879,100,100118,100,99865,100,100122,100,99864,100,100138,100,99856,100,100153,100,99839,100
2019-06-28 09:38:40.000000000,99927,238,99897,238,99961,234,99889,234,99977,234,99888,234,100007,100,99881,100,100038,100,99879,100,100097,100,99865,100,100118,100,99864,100,100122,100,99856,100,100138,100,99839,100,100153,100,99828,100
2019-06-28 09:38:50.000000000,99927,238,99897,238,99961,234,99889,234,99977,234,99888,234,100007,100,99881,100,100038,100,99879,100,100097,100,99865,100,100118,100,99864,100,100122,100,99856,100,100138,100,99839,100,100153,100,99828,100
2019-06-28 09:38:53.571201903,99927,238,99897,238,99961,134,99889,234,99977,234,99888,234,100007,100,99881,100,100038,100,99879,100,100097,100,99865,100,100118,100,99864,100,100122,100,99856,100,100138,100,99839,100,100153,100,99828,100
2019-06-28 09:39:00.000000000,99927,181,99897,181,99977,181,99889,181,100007,181,99888,181,100038,181,99881,181,100097,181,99879,181,100118,100,99865,100,100122,100,99864,100,100138,100,99856,100,100153,100,99839,100,100229,100,99828,100
2019-06-28 09:39:10.000000000,99927,181,99897,181,99977,181,99889,181,100007,181,99888,181,100038,181,99881,181,100097,181,99879,181,100118,100,99865,100,100122,100,99864,100,100138,100,99856,100,100153,100,99839,100,100229,100,99828,100
2019-06-28 09:39:20.000000000,99927,202,99897,202,99977,202,99889,202,100007,202,99888,202,100038,202,99881,202,100097,100,99879,100,100118,100,99865,100,100122,100,99864,100,100138,100,99856,100,100153,100,99839,100,100229,100,99828,100
2019-06-28 09:39:30.000000000,99927,202,99897,202,99977,202,99889,202,100007,202,99888,202,100038,202,99881,202,100097,100,99879,100,100118,100,99865,100,100122,100,99864,100,100138,100,99856,100,100153,100,99839,100,100229,100,99828,100
2019-06-28 09:39:40.000000000,99927,181,99897,181,99977,181,99889,181,100007,181,99888,181,100038,181,99881,181,100097,181,99879,181,100118,100,99865,100,100122,100,99864,100,100138,100,99856,100,100153,100,99839,100,100229,100,99828,100
2019-06-28 09:39:50.000000000,99927,507,99897,507,99977,100,99889,100,100007,100,99888,100,100038,100,99881,100,100097,100,99879,100,100118,100,99865,100,100122,100,99864,100,100138,100,99856,100,100153,100,99839,100,100229,100,99828,100
2019-06-28 09:40:00.000000000,99927,181,99897,181,99977,181,99889,181,100007,181,99888,181,100038,181,99881,181,100097,181,99879,181,100118,100,99865,100,100122,100,99864,100,100138,100,99856,100,100153,100,99839,100,100229,100,99828,100
2019-06-28 09:40:10.000000000,99927,304,99897,304,99977,304,99889,304,100007,100,99888,100,100038,100,99881,100,100097,100,99879,100,100118,100,99865,100,100122,100,99864,100,100138,100,99856,100,100153,100,99839,100,100229,100,99828,100
2019-06-28 09:40:13.512614936,99927,304,99897,304,99977,304,99889,304,100007,100,99888,100,100038,100,99881,100,100097,100,99879,100,100118,100,99865,100,100122,100,99864,100,100138,100,99856,100,100153,100,99839,100,100229,100,99828,100
2019-06-28 09:40:20.000000000,99927,202,99897,202,99977,202,99889,202,100007,202,99888,202,100038,202,99881,202,100097,100,99879,100,100118,100,99865,100,100122,100,99864,100,100138,100,99856,100,100153,100,99839,100,100229,100,99828,100
2019-06-28 09:40:30.000000000,99927,238,99897,238,99977,234,99889,234,100007,234,99888,234,100038,100,99881,100,100097,100,99879,100,100118,100,99865,100,100122,100,99864,100,100138,100,99856,100,100153,100,99839,100,100229,100,99828,100
2019-06-28 09:40:33.460039514,99913,100,99897,238,99927,238,99889,234,99977,234,99888,234,100007,234,99881,100,100038,100,99879,100,100097,100,99865,100,100118,100,99864,100,100122,100,99856,100,100138,100,99839,100,100153,100,99828,100
2019-06-28 09:40:40.000000000,99913,181,99897,181,99927,181,99889,181,99977,181,99888,181,100007,181,99881,181,100038,181,99879,181,100097,100,99865,100,100118,100,99864,100,100122,100,99856,100,100138,100,99839,100,100153,100,99828,100
2019-06-28 09:40:47.196977074,99913,181,99897,81,99927,181,99889,181,99977,181,99888,181,100007,181,99881,181,100038,181,99879,181,100118,100,99865,100,100122,100,99864,100,100138,100,99856,100,100153,100,99839,100,100229,100,99828,100
2019-06-28 09:40:50.000000000,99913,202,99889,202,99927,202,99888,202,99977,202,99881,202,100007,202,99879,202,100038,100,99865,100,100118,100,99864,100,100122,100,99856,100,100138,100,99839,100,100153,100,99828,100,100229,100,99819,100
2019-06-28 09:41:00.000000000,99913,507,99889,507,99927,100,99888,100,99977,100,99881,100,100007,100,99879,100,100038,100,99865,100,100118,100,99864,100,100122,100,99856,100,100138,100,99839,100,100153,100,99828,100,100229,100,99819,100
2019-06-28 09:41:10.000000000,99913,181,99889,181,99927,181,99888,181,99977,181,99881,181,100007,181,99879,181,100038,181,99865,181,100118,100,99864,100,100122,100,99856,100,100138,100,99839,100,100153,100,99828,100,100229,100,99819,100
2019-06-28 09:41:13.212177245,99905,100,99889,181,99913,181,99888,181,99927,181,99881,181,99977,181,99879,181,100007,181,99865,181,100038,181,99864,100,100118,100,99856,100,100122,100,99839,100,100138,100,99828,100,100153,100,99819,100
2019-06-28 09:41:20.000000000,99905,202,99889,202,99913,202,99888,202,99927,202,99881,202,99977,202,99879,202,100007,100,99865,100,100038,100,99864,100,100118,100,99856,100,100122,100,99839,100,100138,100,99828,100,100153,100,99819,100
2019-06-28 09:41:24.568991597,99905,202,99889,102,99913,202,99888,202,99927,202,99881,202,99977,202,99879,202,100007,100,99865,100,100038,100,99864,100,100118,100,99856,100,100122,100,99839,100,100138,100,99828,100,100153,100,99819,100
2019-06-28 09:41:30.000000000,99905,507,99888,507,99913,100,99881,100,99927,100,99879,100,99977,100,99865,100,100007,100,99864,100,100038,100,99856,100,100118,100,99839,100,100122,100,99828,100,100138,100,99819,100,100153,100,99762,100
2019-06-28 09:41:40.000000000,99905,202,99888,202,99913,202,99881,202,99927,202,99879,202,99977,202,99865,202,100007,100,99864,100,100038,100,99856,100,100118,100,99839,100,100122,100,99828,100,100138,100,99819,100,100153,100,99762,100
2019-06-28 09:41:43.451064942,99905,202,99888,102,99913,202,99881,202,99927,202,99879,202,99977,202,99865,202,100007,100,99864,100,100038,100,99856,100,100118,100,99839,100,100122,100,99828,100,100138,100,99819,100,100153,100,99762,100
2019-06-28 09:41:50.000000000,99905,507,99881,507,99913,100,99879,100,99927,100,99865,100,99977,100,99864,100,100007,100,99856,100,100038,100,99839,100,100118,100,99828,100,100122,100,99819,100,100138,100,99762,100,100153,100,99200,100
2019-06-28 09:41:50.481146335,99905,507,99881,407,99913,100,99879,100,99927,100,99865,100,99977,100,99864,100,100007,100,99856,100,100038,100,99839,100,100118,100,99828,100,100122,100,99819,100,100138,100,99762,100,100153,100,99200,100
2019-06-28 09:41:53.854344922,99905,507,99881,407,99913,100,99879,100,99927,100,99865,100,99977,100,99864,100,100007,100,99856,100,100118,100,99839,100,100122,100,99828,100,100138,100,99819,100,100153,100,99762,100,100229,100,99341,100
2019-06-28 09:41:55.082657565,99888,100,99881,407,99905,507,99879,100,99913,100,99865,100,99927,100,99864,100,99977,100,99856,100,100007,100,99839,100,100118,100,99828,100,100122,100,99819,100,100138,100,99762,100,100153,100,99341,100
2019-06-28 09:42:00.000000000,99888,507,99879,507,99905,100,99865,100,99913,100,99864,100,99927,100,99856,100,99977,100,99839,100,100007,100,99828,100,100118,100,99819,100,100122,100,99762,100,100138,100,99341,100,100153,100,99200,100
2019-06-28 09:42:10.000000000,99888,238,99879,238,99905,234,99865,234,99913,234,99864,234,99927,100,99856,100,99977,100,99839,100,100007,100,99828,100,100118,100,99819,100,100122,100,99762,100,100138,100,99341,100,100153,100,99200,100
2019-06-28 09:42:20.000000000,99888,304,99879,304,99905,304,99865,304,99913,100,99864,100,99927,100,99856,100,99977,100,99839,100,100007,100,99828,100,100118,100,99819,100,100122,100,99762,100,100138,100,99341,100,100153,100,99200,100
2019-06-28 09:42:29.085420226,99888,204,99879,304,99905,304,99865,304,99913,100,99864,100,99927,100,99856,100,99977,100,99839,100,100007,100,99828,100,100118,100,99819,100,100122,100,99762,100,100138,100,99341,100,100153,100,99200,100
2019-06-28 09:42:29.427754446,99888,204,99879,204,99905,304,99865,304,99913,100,99864,100,99927,100,99856,100,99977,100,99839,100,100007,100,99828,100,100118,100,99762,100,100122,100,99341,100,100138,100,99200,100,100153,100,99001,100
2019-06-28 09:42:30.000000000,99905,238,99865,238,99913,234,99864,234,99927,234,99856,234,99977,100,99839,100,100007,100,99828,100,100118,100,99762,100,100122,100,99341,100,100138,100,99200,100,100153,100,99001,100,100229,100,98869,100
2019-06-28 09:42:40.000000000,99905,304,99865,304,99913,304,99864,304,99927,100,99856,100,99977,100,99839,100,100007,100,99828,100,100118,100,99762,100,100122,100,99341,100,100138,100,99200,100,100153,100,99001,100,100229,100,98869,100
2019-06-28 09:42:50.000000000,99905,238,99865,238,99913,234,99864,234,99927,234,99856,234,99977,100,99839,100,100007,100,99828,100,100118,100,99762,100,100122,100,99341,100,100138,100,99200,100,100153,100,99001,100,100229,100,98869,100
2019-06-28 09:43:00.000000000,99905,181,99865,181,99913,181,99864,181,99927,181,99856,181,99977,181,99839,181,100007,181,99828,181,100118,100,99762,100,100122,100,99341,100,100138,100,99200,100,100153,100,99001,100,100229,100,98869,100
2019-06-28 09:43:05.448617783,99905,81,99865,181,99913,181,99864,181,99927,181,99856,181,99977,181,99839,181,100007,181,99828,181,100122,100,99762,100,100138,100,99341,100,100153,100,99200,100,100229,100,99001,100,,,98869,100
2019-06-28 09:43:10.000000000,99913,181,99865,181,99927,181,99864,181,99977,181,99856,181,100007,181,99839,181,100122,181,99828,181,100138,100,99762,100,100153,100,99341,100,100229,100,99200,100,,,99001,100,,,98869,100
2019-06-28 09:43:20.000000000,99913,238,99865,238,99927,234,99864,234,99977,234,99856,234,100007,100,99839,100,100122,100,99828,100,100138,100,99762,100,100153,100,99341,100,100229,100,99200,100,,,99001,100,,,98869,100
2019-06-28 09:43:30.000000000,99913,238,99865,238,99927,234,99864,234,99977,234,99856,234,100007,100,99839,100,100122,100,99828,100,100138,100,99762,100,100153,100,99341,100,100229,100,99200,100,,,99001,100,,,98869,100
2019-06-28 09:43:40.000000000,99913,202,99865,202,99927,202,99864,202,99977,202,99856,202,100007,202,99839,202,100122,100,99828,100,100138,100,99762,100,100153,100,99341,100,100229,100,99200,100,,,99001,100,,,98869,100
2019-06-28 09:43:50.000000000,99913,181,99865,181,99927,181,99864,181,99977,181,99856,181,100007,181,99839,181,100122,181,99828,181,100138,100,99762,100,100153,100,99341,100,100229,100,99200,100,,,99001,100,,,98869,100
2019-06-28 09:44:00.000000000,99913,202,99865,202,99927,202,99864,202,99977,202,99856,202,100007,202,99839,202,100122,100,99828,100,100138,100,99762,100,100153,100,99341,100,100229,100,99200,100,,,99001,100,,,98869,100
2019-06-28 09:44:08.865160695,99913,202,99879,100,99927,202,99865,202,99977,202,99864,202,100007,202,99856,202,100122,100,99839,202,100138,100,99828,100,100153,100,99762,100,100229,100,99341,100,,,99200,100,,,99001,100
2019-06-28 09:44:10.000000000,99913,181,99879,181,99927,181,99865,181,99977,181,99864,181,100007,181,99856,181,100122,181,99839,181,100138,100,99828,100,100153,100,99762,100,100229,100,99341,100,,,99200,100,,,99001,100
2019-06-28 09:44:20.000000000,99913,181,99879,181,99927,181,99865,181,99977,181,99864,181,100007,181,99856,181,100122,181,99839,181,100138,100,99828,100,100153,100,99762,100,100229,100,99341,100,,,99200,100,,,99001,100
2019-06-28 09:44:30.000000000,99913,202,99879,202,99927,202,99865,202,99977,202,99864,202,100007,202,99856,202,100122,100,99839,100,100138,100,99828,100,100153,100,99762,100,100229,100,99341,100,,,99200,100,,,99001,100
2019-06-28 09:44:40.000000000,99913,507,99879,507,99927,100,99865,100,99977,100,99864,100,100007,100,99856,100,100122,100,99839,100,100138,100,99828,100,100153,100,99762,100,100229,100,99341,100,,,99200,100,,,99001,100
2019-06-28 09:44:46.027614901,99913,507,99879,507,99927,100,99864,100,99977,100,99856,100,100007,100,99839,100,100122,100,99828,100,100138,100,99762,100,100153,100,99341,100,100229,100,99200,100,100321,100,99001,100,,,98869,100
2019-06-28 09:44:50.000000000,99913,507,99879,507,99927,100,99864,100,99977,100,99856,100,100007,100,99839,100,100122,100,99828,100,100138,100,99762,100,100153,100,99341,100,100229,100,99200,100,100321,100,99001,100,,,98869,100
2019-06-28 09:44:54.094211884,99913,507,99879,507,99927,100,99864,100,99977,100,99856,100,100007,100,99839,100,100122,100,99828,100,100138,100,99762,100,100153,100,99341,100,100158,100,99200,100,100229,100,99001,100,100321,100,98869,100
2019-06-28 09:44:58.493569815,99913,407,99879,507,99927,100,99864,100,99977,100,99856,100,100007,100,99839,100,100122,100,99828,100,100138,100,99762,100,100153,100,99341,100,100158,100,99200,100,100229,100,99001,100,100321,100,98869,100
2019-06-28 09:45:00.000000000,99927,507,99879,507,99977,100,99864,100,100007,100,99856,100,100122,100,99839,100,100138,100,99828,100,100153,100,99762,100,100158,100,99341,100,100229,100,99200,100,100321,100,99001,100,,,98869,100
2019-06-28 09:45:04.046618860,99927,507,99879,507,99977,100,99864,100,100007,100,99856,100,100122,100,99839,100,100138,100,99828,100,100153,100,99762,100,100155,100,99341,100,100158,100,99200,100,100229,100,99001,100,100321,100,98869,100
2019-06-28 09:45:08.231052527,99927,507,99879,507,99977,100,99864,100,100007,100,99856,100,100117,100,99839,100,100122,100,99828,100,100138,100,99762,100,100153,100,99341,100,100155,100,99001,100,100158,100,98869,100,100229,100,98713,100
2019-06-28 09:45:10.000000000,99927,181,99879,181,99977,181,99864,181,100007,181,99856,181,100117,181,99839,181,100122,181,99828,181,100138,100,99762,100,100153,100,99341,100,100155,100,99001,100,100158,100,98869,100,100229,100,98713,100
2019-06-28 09:45:15.055891149,99927,181,99879,181,99977,181,99864,181,100007,181,99856,181,100117,181,99839,181,100122,181,99828,181,100138,100,99762,100,100153,100,99341,100,100155,100,99001,100,100158,100,98869,100,100229,100,98713,100
2019-06-28 09:45:20.000000000,99927,238,99879,238,99977,234,99864,234,100007,234,99856,234,100117,100,99839,100,100122,100,99828,100,100138,100,99762,100,100153,100,99341,100,100155,100,99001,100,100158,100,98869,100,100229,100,98713,100
2019-06-28 09:45:30.000000000,99927,507,99879,507,99977,100,99864,100,100007,100,99856,100,100117,100,99839,100,100122,100,99828,100,100138,100,99762,100,100153,100,99341,100,100155,100,99001,100,100158,100,98869,100,100229,100,98713,100
2019-06-28 09:45:40.000000000,99927,507,99879,507,99977,100,99864,100,100007,100,99856,100,100117,100,99839,100,100122,100,99828,100,100138,100,99762,100,100153,100,99341,100,100155,100,99001,100,100158,100,98869,100,100229,100,98713,100
2019-06-28 09:45:50.000000000,99927,181,99879,181,99977,181,99864,181,100007,181,99856,181,100117,181,99839,181,100122,181,99828,181,100138,100,99762,100,100153,100,99341,100,100155,100,99001,100,100158,100,98869,100,100229,100,98713,100
2019-06-28 09:45:53.464771093,99927,181,99879,181,99977,181,99864,181,100007,181,99856,181,100117,181,99839,181,100122,181,99828,181,100138,100,99762,100,100153,100,99341,100,100155,100,99001,100,100158,100,98869,100,100229,100,98713,100
2019-06-28 09:46:00.000000000,99927,507,99879,507,99977,100,99864,100,100007,100,99856,100,100117,100,99839,100,100122,100,99828,100,100138,100,99762,100,100153,100,99341,100,100155,100,99001,100,100158,100,98869,100,100229,100,98713,100
2019-06-28 09:46:10.000000000,99927,238,99879,238,99977,234,99864,234,100007,234,99856,234,100117,100,99839,100,100122,100,99828,100,100138,100,99762,100,100153,100,99341,100,100155,100,99001,100,100158,100,98869,100,100229,100,98713,100
2019-06-28 09:46:14.952452419,99927,238,99905,100,99977,234,99879,238,100007,234,99864,234,100117,100,99856,234,100122,100,99839,100,100138,100,99828,100,100153,100,99762,100,100155,100,99341,100,100158,100,99001,100,100229,100,98869,100
2019-06-28 09:46:20.000000000,99927,304,99905,304,99977,304,99879,304,100007,100,99864,100,100117,100,99856,100,100122,100,99839,100,100138,100,99828,100,100153,100,99762,100,100155,100,99341,100,100158,100,99001,100,100229,100,98869,100
2019-06-28 09:46:23.846407696,99927,304,99905,304,99977,304,99879,304,100007,100,99864,100,100122,100,99856,100,100138,100,99839,100,100153,100,99828,100,100155,100,99762,100,100158,100,99341,100,100229,100,99001,100,100284,100,98869,100
2019-06-28 09:46:30.000000000,99927,202,99905,202,99977,202,99879,202,100007,202,99864,202,100122,202,99856,202,100138,100,99839,100,100153,100,99828,100,100155,100,99762,100,100158,100,99341,100,100229,100,99001,100,100284,100,98869,100
2019-06-28 09:46:39.528988071,99927,102,99905,202,99977,202,99879,202,100007,202,99864,202,100122,202,99856,202,100138,100,99839,100,100153,100,99828,100,100155,100,99762,100,100158,100,99341,100,100229,100,99001,100,100284,100,98869,100
2019-06-28 09:46:39.822325992,99927,102,99913,100,99977,202,99905,202,100007,202,99879,202,100122,202,99864,202,100138,100,99856,202,100153,100,99839,100,100155,100,99828,100,100158,100,99762,100,100229,100,99341,100,100284,100,99001,100
2019-06-28 09:46:40.000000000,99977,238,99913,238,100007,234,99905,234,100122,234,99879,234,100138,100,99864,100,100153,100,99856,100,100155,100,99839,100,100158,100,99828,100,100229,100,99762,100,100284,100,99341,100,100289,100,99001,100
2019-06-28 09:46:50.000000000,99977,181,99913,181,100007,181,99905,181,100122,181,99879,181,100138,181,99864,181,100153,181,99856,181,100155,100,99839,100,100158,100,99828,100,100229,100,99762,100,100284,100,99341,100,100289,100,99001,100
2019-06-28 09:47:00.000000000,99977,304,99913,304,100007,304,99905,304,100122,100,99879,100,100138,100,99864,100,100153,100,99856,100,100155,100,99839,100,100158,100,99828,100,100229,100,99762,100,100284,100,99341,100,100289,100,99001,100
2019-06-28 09:47:10.000000000,99977,304,99913,304,100007,304,99905,304,100122,100,99879,100,100138,100,99864,100,100153,100,99856,100,100155,100,99839,100,100158,100,99828,100,100229,100,99762,100,100284,100,99341,100,100289,100,99001,100
2019-06-28 09:47:20.000000000,99977,507,99913,507,100007,100,99905,100,100122,100,99879,100,100138,100,99864,100,100153,100,99856,100,100155,100,99839,100,100158,100,99828,100,100229,100,99762,100,100284,100,99341,100,100289,100,99001,100
2019-06-28 09:47:23.580241543,99977,407,99913,507,100007,100,99905,100,100122,100,99879,100,100138,100,99864,100,100153,100,99856,100,100155,100,99839,100,100158,100,99828,100,100229,100,99762,100,100284,100,99341,100,100289,100,99001,100
2019-06-28 09:47:28.015519109,99977,407,99913,507,100007,100,99905,100,100122,100,99879,100,100138,100,99864,100,100153,100,99856,100,100155,100,99839,100,100158,100,99828,100,100229,100,99762,100,100284,100,99341,100,100289,100,99001,100
2019-06-28 09:47:30.000000000,100007,202,99913,202,100122,202,99905,202,100138,202,99879,202,100153,202,99864,202,100155,100,99856,100,100158,100,99839,100,100229,100,99828,100,100284,100,99762,100,100289,100,99341,100,100321,100,99001,100
2019-06-28 09:47:33.382737400,100007,202,99913,202,100122,202,99905,202,100138,202,99879,202,100153,202,99864,202,100155,100,99856,100,100229,100,99839,100,100284,100,99828,100,100289,100,99762,100,100321,100,99341,100,100414,100,99001,100
2019-06-28 09:47:40.000000000,100007,507,99913,507,100122,100,99905,100,100138,100,99879,100,100153,100,99864,100,100155,100,99856,100,100229,100,99839,100,100284,100,99828,100,100289,100,99762,100,100321,100,99341,100,100414,100,99001,100
2019-06-28 09:47:43.707705132,100007,507,99913,507,100122,100,99905,100,100138,100,99879,100,100153,100,99864,100,100155,100,99856,100,100229,100,99839,100,100284,100,99828,100,100289,100,99762,100,100321,100,99341,100,100414,100,99001,100
2019-06-28 09:47:48.344828597,100007,507,99913,507,100122,100,99905,100,100138,100,99879,100,100153,100,99864,100,100155,100,99856,100,100229,100,99839,100,100284,100,99828,100,100289,100,99762,100,100321,100,99341,100,100414,100,99001,100
2019-06-28 09:47:50.000000000,100007,181,99913,181,100122,181,99905,181,100138,181,99879,181,100153,181,99864,181,100155,181,99856,181,100229,100,99839,100,100284,100,99828,100,100289,100,99762,100,100321,100,99341,100,100414,100,99001,100
2019-06-28 09:47:53.849954029,100007,181,99927,100,100122,181,99913,181,100138,181,99905,181,100153,181,99879,181,100155,181,99864,181,100229,100,99856,181,100284,100,99839,100,100289,100,99828,100,100321,100,99762,100,100414,100,99341,100
2019-06-28 09:48:00.000000000,100007,181,99927,181,100122,181,99913,181,100138,181,99905,181,100153,181,99879,181,100155,181,99864,181,100229,100,99856,100,100284,100,99839,100,100289,100,99828,100,100321,100,99762,100,100414,100,99341,100
2019-06-28 09:48:07.359663240,100007,181,99927,181,100122,181,99913,181,100138,181,99905,181,100153,181,99879,181,100155,181,99864,181,100229,100,99856,100,100284,100,99839,100,100289,100,99828,100,100321,100,99762,100,100414,100,99341,100
2019-06-28 09:48:08.137896495,100007,81,99927,181,100122,181,99913,181,100138,181,99905,181,100153,181,99879,181,100155,181,99864,181,100229,100,99856,100,100284,100,99839,100,100289,100,99828,100,100321,100,99341,100,100414,100,99001,100
2019-06-28 09:48:10.000000000,100122,238,99927,238,100138,234,99913,234,100153,234,99905,234,100155,100,99879,100,100229,100,99864,100,100284,100,99856,100,100289,100,99839,100,100321,100,99828,100,100414,100,99341,100,100424,100,99001,100
2019-06-28 09:48:20.000000000,100122,238,99927,238,100138,234,99913,234,100153,234,99905,234,100155,100,99879,100,100229,100,99864,100,100284,100,99856,100,100289,100,99839,100,100321,100,99828,100,100414,100,99341,100,100424,100,99001,100
2019-06-28 09:48:25.198604789,100122,238,99977,100,100138,234,99927,238,100153,234,99913,234,100155,100,99905,234,100229,100,99879,100,100284,100,99864,100,100289,100,99856,100,100321,100,99839,100,100414,100,99828,100,100424,100,99341,100
2019-06-28 09:48:30.000000000,100122,181,99977,181,100138,181,99927,181,100153,181,99913,181,100155,181,99905,181,100229,181,99879,181,100284,100,99864,100,100289,100,99856,100,100321,100,99839,100,100414,100,99828,100,100424,100,99341,100
2019-06-28 09:48:40.000000000,100122,238,99977,238,100138,234,99927,234,100153,234,99913,234,100155,100,99905,100,100229,100,99879,100,100284,100,99864,100,100289,100,99856,100,100321,100,99839,100,100414,100,99828,100,100424,100,99341,100
2019-06-28 09:48:50.000000000,100122,507,99977,507,100138,100,99927,100,100153,100,99913,100,100155,100,99905,100,100229,100,99879,100,100284,100,99864,100,100289,100,99856,100,100321,100,99839,100,100414,100,99828,100,100424,100,99341,100
2019-06-28 09:49:00.000000000,100122,181,99977,181,100138,181,99927,181,100153,181,99913,181,100155,181,99905,181,100229,181,99879,181,100284,100,99864,100,100289,100,99856,100,100321,100,99839,100,100414,100,99828,100,100424,100,99341,100
2019-06-28 09:49:10.000000000,100122,507,99977,507,100138,100,99927,100,100153,100,99913,100,100155,100,99905,100,100229,100,99879,100,100284,100,99864,100,100289,100,99856,100,100321,100,99839,100,100414,100,99828,100,100424,100,99341,100
2019-06-28 09:49:20.000000000,100122,238,99977,238,100138,234,99927,234,100153,234,99913,234,100155,100,99905,100,100229,100,99879,100,100284,100,99864,100,100289,100,99856,100,100321,100,99839,100,100414,100,99828,100,100424,100,99341,100
2019-06-28 09:49:30.000000000,100122,238,99977,238,100138,234,99927,234,100153,234,99913,234,100155,100,99905,100,100229,100,99879,100,100284,100,99864,100,100289,100,99856,100,100321,100,99839,100,100414,100,99828,100,100424,100,99341,100
2019-06-28 09:49:30.058436228,100122,138,99977,238,100138,234,99927,234,100153,234,99913,234,100155,100,99905,100,100229,100,99879,100,100284,100,99864,100,100289,100,99856,100,100321,100,99839,100,100414,100,99828,100,100424,100,99001,100
2019-06-28 09:49:32.259826984,100122,38,99977,238,100138,234,99927,234,100153,234,99913,234,100155,100,99905,100,100229,100,99879,100,100284,100,99864,100,100289,100,99856,100,100321,100,99839,100,100414,100,99828,100,100424,100,99001,100
2019-06-28 09:49:40.000000000,100138,238,99977,238,100153,234,99927,234,100155,234,99913,234,100229,100,99905,100,100284,100,99879,100,100289,100,99864,100,100321,100,99856,100,100414,100,99839,100,100424,100,99828,100,100425,100,99001,100
2019-06-28 09:49:50.000000000,100138,238,99977,238,100153,234,99927,234,100155,234,99913,234,100229,100,99905,100,100284,100,99879,100,100289,100,99864,100,100321,100,99856,100,100414,100,99839,100,100424,100,99828,100,100425,100,99001,100
2019-06-28 09:49:51.299212773,100138,238,100089,100,100153,234,99977,238,100155,234,99927,234,100229,100,99913,234,100284,100,99905,100,100289,100,99879,100,100321,100,99864,100,100414,100,99856,100,100424,100,99839,100,100425,100,99828,100
2019-06-28 09:50:00.000000000,100138,507,100089,507,100153,100,99977,100,100155,100,99927,100,100229,100,99913,100,100284,100,99905,100,100289,100,99879,100,100321,100,99864,100,100414,100,99856,100,100424,100,99839,100,100425,100,99828,100
2019-06-28 09:50:00.203382264,100138,507,100122,100,100153,100,100089,507,100155,100,99977,100,100229,100,99927,100,100284,100,99913,100,100289,100,99905,100,100321,100,99879,100,100414,100,99864,100,100424,100,99856,100,100425,100,99839,100
2019-06-28 09:50:10.000000000,100138,507,100122,507,100153,100,100089,100,100155,100,99977,100,100229,100,99927,100,100284,100,99913,100,100289,100,99905,100,100321,100,99879,100,100414,100,99864,100,100424,100,99856,100,100425,100,99839,100
2019-06-28 09:50:20.000000000,100138,181,100122,181,100153,181,100089,181,100155,181,99977,181,100229,181,99927,181,100284,181,99913,181,100289,100,99905,100,100321,100,99879,100,100414,100,99864,100,100424,100,99856,100,100425,100,99839,100
2019-06-28 09:50:23.311328636,100138,181,100122,81,100153,181,100089,181,100155,181,99977,181,100229,181,99927,181,100284,181,99913,181,100289,100,99905,100,100321,100,99879,100,100414,100,99864,100,100424,100,99856,100,100425,100,99839,100
2019-06-28 09:50:30.000000000,100138,507,100089,507,100153,100,99977,100,100155,100,99927,100,100229,100,99913,100,100284,100,99905,100,100289,100,99879,100,100321,100,99864,100,100414,100,99856,100,100424,100,99839,100,100425,100,99828,100
2019-06-28 09:50:40.000000000,100138,202,100089,202,100153,202,99977,202,100155,202,99927,202,100229,202,99913,202,100284,100,99905,100,100289,100,99879,100,100321,100,99864,100,100414,100,99856,100,100424,100,99839,100,100425,100,99828,100
2019-06-28 09:50:50.000000000,100138,202,100089,202,100153,202,99977,202,100155,202,99927,202,100229,202,99913,202,100284,100,99905,100,100289,100,99879,100,100321,100,99864,100,100414,100,99856,100,100424,100,99839,100,100425,100,99828,100
2019-06-28 09:51:00.000000000,100138,202,100089,202,100153,202,99977,202,100155,202,99927,202,100229,202,99913,202,100284,100,99905,100,100289,100,99879,100,100321,100,99864,100,100414,100,99856,100,100424,100,99839,100,100425,100,99828,100
2019-06-28 09:51:02.315226753,100138,102,100089,202,100153,202,99977,202,100155,202,99927,202,100229,202,99913,202,100284,100,99905,100,100289,100,99879,100,100321,100,99864,100,100414,100,99856,100,100424,100,99839,100,100425,100,99828,100
2019-06-28 09:51:10.000000000,100153,181,100089,181,100155,181,99977,181,100229,181,99927,181,100284,181,99913,181,100289,181,99905,181,100321,100,99879,100,100414,100,99864,100,100424,100,99856,100,100425,100,99839,100,100594,100,99828,100
2019-06-28 09:51:14.678896221,100153,81,100089,181,100155,181,99977,181,100229,181,99927,181,100284,181,99913,181,100289,181,99905,181,100321,100,99879,100,100414,100,99864,100,100424,100,99856,100,100425,100,99839,100,100594,100,99828,100
2019-06-28 09:51:20.000000000,100155,304,100089,304,100229,304,99977,304,100284,100,99927,100,100289,100,99913,100,100321,100,99905,100,100414,100,99879,100,100424,100,99864,100,100425,100,99856,100,100594,100,99839,100,100690,100,99828,100
2019-06-28 09:51:30.000000000,100155,181,100089,181,100229,181,99977,181,100284,181,99927,181,100289,181,99913,181,100321,181,99905,181,100414,100,99879,100,100424,100,99864,100,100425,100,99856,100,100594,100,99839,100,100690,100,99828,100
2019-06-28 09:51:40.000000000,100155,202,100089,202,100229,202,99977,202,100284,202,99927,202,100289,202,99913,202,100321,100,99905,100,100414,100,99879,100,100424,100,99864,100,100425,100,99856,100,100594,100,99839,100,100690,100,99828,100
2019-06-28 09:51:50.000000000,100155,238,100089,238,100229,234,99977,234,100284,234,99927,234,100289,100,99913,100,100321,100,99905,100,100414,100,99879,100,100424,100,99864,100,100425,100,99856,100,100594,100,99839,100,100690,100,99828,100
2019-06-28 09:52:00.000000000,100155,304,100089,304,100229,304,99977,304,100284,100,99927,100,100289,100,99913,100,100321,100,99905,100,100414,100,99879,100,100424,100,99864,100,100425,100,99856,100,100594,100,99839,100,100690,100,99828,100
2019-06-28 09:52:07.233493571,100155,304,100089,304,100229,304,99977,304,100258,100,99927,100,100284,100,99913,100,100289,100,99905,100,100321,100,99879,100,100414,100,99864,100,100424,100,99856,100,100425,100,99839,100,100594,100,99828,100
2019-06-28 09:52:09.184570634,100155,204,100089,304,100229,204,99977,304,100258,100,99927,100,100284,100,99913,100,100289,100,99905,100,100321,100,99879,100,100414,100,99864,100,100424,100,99856,100,100425,100,99839,100,100594,100,99828,100
2019-06-28 09:52:10.000000000,100258,304,100089,304,100284,304,99977,304,100289,100,99927,100,100321,100,99913,100,100414,100,99905,100,100424,100,99879,100,100425,100,99864,100,100594,100,99856,100,100690,100,99839,100,,,99828,100
2019-06-28 09:52:15.354382020,100258,304,100089,204,100284,204,99977,304,100289,100,99927,100,100321,100,99913,100,100414,100,99905,100,100424,100,99879,100,100425,100,99864,100,100594,100,99856,100,100690,100,99839,100,,,99828,100
2019-06-28 09:52:20.000000000,100258,507,99977,507,100289,100,99927,100,100321,100,99913,100,100414,100,99905,100,100424,100,99879,100,100425,100,99864,100,100594,100,99856,100,100690,100,99839,100,,,99828,100,,,99001,100
2019-06-28 09:52:20.789754530,100095,100,99977,507,100258,507,99927,100,100289,100,99913,100,100321,100,99905,100,100414,100,99879,100,100424,100,99864,100,100425,100,99856,100,100594,100,99839,100,100690,100,99828,100,,,99001,100
2019-06-28 09:52:25.799743402,100095,100,99977,507,100154,100,99927,100,100258,507,99913,100,100289,100,99905,100,100321,100,99879,100,100414,100,99864,100,100424,100,99856,100,100425,100,99839,100,100594,100,99828,100,100690,100,99001,100
2019-06-28 09:52:28.214840773,100095,100,100090,100,100154,100,99977,507,100258,507,99927,100,100289,100,99913,100,100321,100,99905,100,100414,100,99864,100,100424,100,99856,100,100425,100,99839,100,100594,100,99828,100,100690,100,99001,100
2019-06-28 09:52:30.000000000,100095,238,100090,238,100154,234,99977,234,100258,234,99927,234,100289,100,99913,100,100321,100,99905,100,100414,100,99864,100,100424,100,99856,100,100425,100,99839,100,100594,100,99828,100,100690,100,99001,100
2019-06-28 09:52:40.000000000,100095,238,100090,238,100154,234,99977,234,100258,234,99927,234,100289,100,99913,100,100321,100,99905,100,100414,100,99864,100,100424,100,99856,100,100425,100,99839,100,100594,100,99828,100,100690,100,99001,100
2019-06-28 09:52:46.787437878,100095,138,100090,238,100154,234,99977,234,100258,234,99927,234,100289,100,99913,100,100321,100,99905,100,100414,100,99864,100,100424,100,99856,100,100425,100,99839,100,100594,100,99828,100,100690,100,99001,100
2019-06-28 09:52:48.223540443,100095,138,100091,100,100154,234,100090,238,100258,234,99977,234,100289,100,99927,234,100321,100,99913,100,100414,100,99905,100,100424,100,99864,100,100425,100,99856,100,100594,100,99839,100,100690,100,99828,100
2019-06-28 09:52:50.000000000,100154,507,100091,507,100258,100,100090,100,100289,100,99977,100,100321,100,99927,100,100414,100,99913,100,100424,100,99905,100,100425,100,99864,100,100594,100,99856,100,100690,100,99839,100,,,99828,100
2019-06-28 09:52:59.236285915,100154,507,100091,607,100258,100,100090,100,100289,100,99977,100,100321,100,99927,100,100414,100,99913,100,100424,100,99905,100,100425,100,99864,100,100594,100,99856,100,100690,100,99839,100,,,99828,100
2019-06-28 09:53:00.000000000,100154,238,100091,338,100258,234,100090,234,100289,234,99977,234,100321,100,99927,100,100414,100,99913,100,100424,100,99905,100,100425,100,99864,100,100594,100,99856,100,100690,100,99839,100,,,99828,100
2019-06-28 09:53:10.000000000,100154,181,100091,281,100258,181,100090,181,100289,181,99977,181,100321,181,99927,181,100414,181,99913,181,100424,100,99905,100,100425,100,99864,100,100594,100,99856,100,100690,100,99839,100,,,99828,100
2019-06-28 09:53:11.644360730,100094,100,100091,281,100154,181,100090,181,100258,181,99977,181,100289,181,99927,181,100321,181,99913,181,100414,181,99905,100,100424,100,99864,100,100425,100,99856,100,100594,100,99839,100,100690,100,99828,100
2019-06-28 09:53:20.000000000,100094,507,100091,607,100154,100,100090,100,100258,100,99977,100,100289,100,99927,100,100321,100,99913,100,100414,100,99905,100,100424,100,99864,100,100425,100,99856,100,100594,100,99839,100,100690,100,99828,100
2019-06-28 09:53:24.890802791,100094,507,100091,507,100154,100,100090,100,100258,100,99977,100,100289,100,99927,100,100321,100,99913,100,100414,100,99905,100,100424,100,99864,100,100425,100,99856,100,100594,100,99839,100,100690,100,99828,100
2019-06-28 09:53:30.000000000,100094,507,100091,507,100154,100,100090,100,100258,100,99977,100,100289,100,99927,100,100321,100,99913,100,100414,100,99905,100,100424,100,99864,100,100425,100,99856,100,100594,100,99839,100,100690,100,99828,100
2019-06-28 09:53:38.272520949,100094,507,100091,507,100154,100,100090,100,100258,100,99977,100,100289,100,99927,100,100321,100,99913,100,100414,100,99905,100,100424,100,99864,100,100425,100,99856,100,100594,100,99839,100,100690,100,99835,100
2019-06-28 09:53:40.000000000,100094,238,100091,238,100154,234,100090,234,100258,234,99977,234,100289,100,99927,100,100321,100,99913,100,100414,100,99905,100,100424,100,99864,100,100425,100,99856,100,100594,100,99839,100,100690,100,99835,100
2019-06-28 09:53:50.000000000,100094,304,100091,304,100154,304,100090,304,100258,100,99977,100,100289,100,99927,100,100321,100,99913,100,100414,100,99905,100,100424,100,99864,100,100425,100,99856,100,100594,100,99839,100,100690,100,99835,100
2019-06-28 09:54:00.000000000,100094,507,100091,507,100154,100,100090,100,100258,100,99977,100,100289,100,99927,100,100321,100,99913,100,100414,100,99905,100,100424,100,99864,100,100425,100,99856,100,100594,100,99839,100,100690,100,99835,100
2019-06-28 09:54:08.568490729,100094,507,100091,507,100154,100,100090,100,100258,100,99977,100,100289,100,99927,100,100414,100,99913,100,100424,100,99905,100,100425,100,99864,100,100594,100,99856,100,100690,100,99839,100,,,99835,100
2019-06-28 09:54:10.000000000,100094,304,100091,304,100154,304,100090,304,100258,100,99977,100,100289,100,99927,100,100414,100,99913,100,100424,100,99905,100,100425,100,99864,100,100594,100,99856,100,100690,100,99839,100,,,99835,100
2019-06-28 09:54:18.767896886,100094,304,100091,304,100154,304,100090,304,100258,100,99977,100,100289,100,99927,100,100414,100,99913,100,100424,100,99905,100,100425,100,99864,100,100594,100,99857,100,100690,100,99856,100,,,99839,100
2019-06-28 09:54:19.848670275,100094,304,100091,304,100154,304,100090,304,100258,100,100077,100,100289,100,99977,100,100414,100,99927,100,100424,100,99913,100,100425,100,99905,100,100594,100,99864,100,100690,100,99857,100,,,99856,100
2019-06-28 09:54:20.000000000,100094,238,100091,238,100154,234,100090,234,100258,234,100077,234,100289,100,99977,100,100414,100,99927,100,100424,100,99913,100,100425,100,99905,100,100594,100,99864,100,100690,100,99857,100,,,99856,100
2019-06-28 09:54:28.731409567,100094,238,100091,238,100154,234,100090,234,100258,234,100077,234,100289,100,100038,100,100414,100,99977,100,100424,100,99927,100,100425,100,99913,100,100594,100,99905,100,100690,100,99864,100,,,99857,100
2019-06-28 09:54:30.000000000,100094,304,100091,304,100154,304,100090,304,100258,100,100077,100,100289,100,100038,100,100414,100,99977,100,100424,100,99927,100,100425,100,99913,100,100594,100,99905,100,100690,100,99864,100,,,99857,100
2019-06-28 09:54:40.000000000,100094,304,100091,304,100154,304,100090,304,100258,100,100077,100,100289,100,100038,100,100414,100,99977,100,100424,100,99927,100,100425,100,99913,100,100594,100,99905,100,100690,100,99864,100,,,99857,100
2019-06-28 09:54:42.790340968,100093,100,100091,304,100094,304,100090,304,100154,204,100077,100,100258,100,100038,100,100289,100,99977,100,100414,100,99927,100,100424,100,99913,100,100425,100,99905,100,100594,100,99864,100,100690,100,99857,100
2019-06-28 09:54:50.000000000,100093,202,100091,202,100094,202,100090,202,100258,202,100077,202,100289,202,100038,202,100414,100,99977,100,100424,100,99927,100,100425,100,99913,100,100594,100,99905,100,100690,100,99864,100,,,99857,100
2019-06-28 09:55:00.000000000,100093,304,100091,304,100094,304,100090,304,100258,100,100077,100,100289,100,100038,100,100414,100,99977,100,100424,100,99927,100,100425,100,99913,100,100594,100,99905,100,100690,100,99864,100,,,99857,100
2019-06-28 09:55:10.000000000,100093,304,100091,304,100094,304,100090,304,100258,100,100077,100,100289,100,100038,100,100414,100,99977,100,100424,100,99927,100,100425,100,99913,100,100594,100,99905,100,100690,100,99864,100,,,99857,100
2019-06-28 09:55:20.000000000,100093,181,100091,181,100094,181,100090,181,100258,181,100077,181,100289,181,100038,181,100414,181,99977,181,100424,100,99927,100,100425,100,99913,100,100594,100,99905,100,100690,100,99864,100,,,99857,100
2019-06-28 09:55:30.000000000,100093,181,100091,181,100094,181,100090,181,100258,181,100077,181,100289,181,100038,181,100414,181,99977,181,100424,100,99927,100,100425,100,99913,100,100594,100,99905,100,100690,100,99864,100,,,99857,100
2019-06-28 09:55:40.000000000,100093,238,100091,238,100094,234,100090,234,100258,234,100077,234,100289,100,100038,100,100414,100,99977,100,100424,100,99927,100,100425,100,99913,100,100594,100,99905,100,100690,100,99864,100,,,99857,100
2019-06-28 09:55:42.224482330,100093,238,100091,238,100094,234,100090,234,100258,234,100077,234,100289,100,100038,100,100414,100,99977,100,100424,100,99927,100,100425,100,99913,100,100594,100,99905,100,100664,100,99864,100,100690,100,99857,100
2019-06-28 09:55:50.000000000,100093,304,100091,304,100094,304,100090,304,100258,100,100077,100,100289,100,100038,100,100414,100,99977,100,100424,100,99927,100,100425,100,99913,100,100594,100,99905,100,100664,100,99864,100,100690,100,99857,100
2019-06-28 09:55:53.673959295,100093,304,100091,304,100094,304,100090,304,100258,100,100077,100,100289,100,100038,100,100414,100,99977,100,100424,100,99927,100,100425,100,99913,100,100594,100,99905,100,100664,100,99864,100,100671,100,99857,100
2019-06-28 09:56:00.000000000,100093,304,100091,304,100094,304,100090,304,100258,100,100077,100,100289,100,100038,100,100414,100,99977,100,100424,100,99927,100,100425,100,99913,100,100594,100,99905,100,100664,100,99864,100,100671,100,99857,100
2019-06-28 09:56:10.000000000,100093,202,100091,202,100094,202,100090,202,100258,202,100077,202,100289,202,100038,202,100414,100,99977,100,100424,100,99927,100,100425,100,99913,100,100594,100,99905,100,100664,100,99864,100,100671,100,99857,100
2019-06-28 09:56:11.253981433,100093,202,100091,202,100094,202,100090,202,100258,202,100077,202,100289,202,100038,202,100414,100,99977,100,100424,100,99927,100,100425,100,99913,100,100594,100,99905,100,100664,100,99864,100,100671,100,99857,100
2019-06-28 09:56:18.374329827,100093,102,100091,202,100094,202,100090,202,100258,202,100077,202,100289,202,100038,202,100414,100,99977,100,100424,100,99927,100,100425,100,99913,100,100594,100,99905,100,100664,100,99864,100,100671,100,99857,100
2019-06-28 09:56:20.000000000,100094,202,100091,202,100258,202,100090,202,100289,202,100077,202,100414,202,100038,202,100424,100,99977,100,100425,100,99927,100,100594,100,99913,100,100664,100,99905,100,100671,100,99864,100,100690,100,99857,100
2019-06-28 09:56:30.000000000,100094,507,100091,507,100258,100,100090,100,100289,100,100077,100,100414,100,100038,100,100424,100,99977,100,100425,100,99927,100,100594,100,99913,100,100664,100,99905,100,100671,100,99864,100,100690,100,99857,100
2019-06-28 09:56:40.000000000,100094,181,100091,181,100258,181,100090,181,100289,181,100077,181,100414,181,100038,181,100424,181,99977,181,100425,100,99927,100,100594,100,99913,100,100664,100,99905,100,100671,100,99864,100,100690,100,99857,100
2019-06-28 09:56:50.000000000,100094,304,100091,304,100258,304,100090,304,100289,100,100077,100,100414,100,100038,100,100424,100,99977,100,100425,100,99927,100,100594,100,99913,100,100664,100,99905,100,100671,100,99864,100,100690,100,99857,100
2019-06-28 09:57:00.000000000,100094,181,100091,181,100258,181,100090,181,100289,181,100077,181,100414,181,100038,181,100424,181,99977,181,100425,100,99927,100,100594,100,99913,100,100664,100,99905,100,100671,100,99864,100,100690,100,99857,100
2019-06-28 09:57:04.692557517,100094,81,100091,181,100258,181,100090,181,100289,181,100077,181,100414,181,100038,181,100424,181,99977,181,100425,100,99927,100,100594,100,99913,100,100664,100,99905,100,100671,100,99864,100,100690,100,99857,100
2019-06-28 09:57:10.000000000,100258,304,100091,304,100289,304,100090,304,100414,100,100077,100,100424,100,100038,100,100425,100,99977,100,100594,100,99927,100,100664,100,99913,100,100671,100,99905,100,100690,100,99864,100,101040,100,99857,100
2019-06-28 09:57:16.137083864,100258,304,100091,304,100289,304,100090,304,100414,100,100077,100,100424,100,100038,100,100425,100,99977,100,100594,100,99927,100,100671,100,99913,100,100690,100,99905,100,101040,100,99864,100,101703,100,99857,100
2019-06-28 09:57:20.000000000,100258,202,100091,202,100289,202,100090,202,100414,202,100077,202,100424,202,100038,202,100425,100,99977,100,100594,100,99927,100,100671,100,99913,100,100690,100,99905,100,101040,100,99864,100,101703,100,99857,100
2019-06-28 09:57:30.000000000,100258,507,100091,507,100289,100,100090,100,100414,100,100077,100,100424,100,100038,100,100425,100,99977,100,100594,100,99927,100,100671,100,99913,100,100690,100,99905,100,101040,100,99864,100,101703,100,99857,100
2019-06-28 09:57:40.000000000,100258,202,100091,202,100289,202,100090,202,100414,202,100077,202,100424,202,100038,202,100425,100,99977,100,100594,100,99927,100,100671,100,99913,100,100690,100,99905,100,101040,100,99864,100,101703,100,99857,100
2019-06-28 09:57:50.000000000,100258,507,100091,507,100289,100,100090,100,100414,100,100077,100,100424,100,100038,100,100425,100,99977,100,100594,100,99927,100,100671,100,99913,100,100690,100,99905,100,101040,100,99864,100,101703,100,99857,100
2019-06-28 09:58:00.000000000,100258,507,100091,507,100289,100,100090,100,100414,100,100077,100,100424,100,100038,100,100425,100,99977,100,100594,100,99927,100,100671,100,99913,100,100690,100,99905,100,101040,100,99864,100,101703,100,99857,100
2019-06-28 09:58:10.000000000,100258,181,100091,181,100289,181,100090,181,100414,181,100077,181,100424,181,100038,181,100425,181,99977,181,100594,100,99927,100,100671,100,99913,100,100690,100,99905,100,101040,100,99864,100,101703,100,99857,100
2019-06-28 09:58:12.680636331,100258,181,100091,181,100289,181,100090,181,100414,181,100077,181,100424,181,100038,181,100425,181,99977,181,100594,100,99927,100,100671,100,99913,100,100690,100,99905,100,101040,100,99864,100,101921,100,99857,100
2019-06-28 09:58:20.000000000,100258,202,100091,202,100289,202,100090,202,100414,202,100077,202,100424,202,100038,202,100425,100,99977,100,100594,100,99927,100,100671,100,99913,100,100690,100,99905,100,101040,100,99864,100,101921,100,99857,100
2019-06-28 09:58:30.000000000,100258,507,100091,507,100289,100,100090,100,100414,100,100077,100,100424,100,100038,100,100425,100,99977,100,100594,100,99927,100,100671,100,99913,100,100690,100,99905,100,101040,100,99864,100,101921,100,99857,100
2019-06-28 09:58:40.000000000,100258,181,100091,181,100289,181,100090,181,100414,181,100077,181,100424,181,100038,181,100425,181,99977,181,100594,100,99927,100,100671,100,99913,100,100690,100,99905,100,101040,100,99864,100,101921,100,99857,100
2019-06-28 09:58:42.614764484,100258,81,100091,181,100289,181,100090,181,100414,181,100077,181,100424,181,100038,181,100425,181,99977,181,100594,100,99927,100,100671,100,99913,100,100690,100,99905,100,101040,100,99864,100,101921,100,99857,100
2019-06-28 09:58:50.000000000,100289,507,100091,507,100414,100,100090,100,100424,100,100077,100,100425,100,100038,100,100594,100,99977,100,100671,100,99927,100,100690,100,99913,100,101040,100,99905,100,101921,100,99864,100,,,99857,100
2019-06-28 09:58:51.967056413,100289,407,100091,507,100414,100,100090,100,100424,100,100077,100,100594,100,100038,100,100671,100,99977,100,100690,100,99927,100,101040,100,99913,100,101921,100,99905,100,,,99864,100,,,99857,100
2019-06-28 09:59:00.000000000,100414,304,100091,304,100424,304,100090,304,100594,100,100077,100,100671,100,100038,100,100690,100,99977,100,101040,100,99927,100,101921,100,99913,100,,,99905,100,,,99864,100,,,99857,100
2019-06-28 09:59:06.492206404,100414,204,100091,304,100424,304,100090,304,100594,100,100077,100,100671,100,100038,100,100690,100,99977,100,101040,100,99927,100,101921,100,99913,100,,,99905,100,,,99864,100,,,99857,100
2019-06-28 09:59:10.000000000,100424,181,100091,181,100594,181,100090,181,100671,181,100077,181,100690,181,100038,181,101040,181,99977,181,101921,100,99927,100,,,99913,100,,,99905,100,,,99864,100,,,99857,100
2019-06-28 09:59:12.973595093,100424,181,100091,181,100594,181,100090,181,100671,181,100077,181,100690,181,100038,181,101040,181,99977,181,101921,100,99927,100,,,99913,100,,,99905,100,,,99864,100,,,99857,100
2019-06-28 09:59:15.064876561,100424,181,100289,100,100594,181,100091,181,100671,181,100090,81,100690,181,100077,181,101040,181,100038,181,101921,100,99977,181,,,99927,100,,,99913,100,,,99905,100,,,99864,100
2019-06-28 09:59:20.000000000,100424,202,100289,202,100594,202,100091,202,100671,202,100077,202,100690,202,100038,202,101040,100,99977,100,101921,100,99927,100,,,99913,100,,,99905,100,,,99864,100,,,99857,100
2019-06-28 09:59:22.796957806,100424,202,100289,302,100594,202,100091,202,100671,202,100077,202,100690,202,100038,202,101040,100,99977,100,101921,100,99927,100,,,99913,100,,,99905,100,,,99864,100,,,99857,100
2019-06-28 09:59:30.000000000,100424,202,100289,302,100594,202,100091,202,100671,202,100077,202,100690,202,100038,202,101040,100,99977,100,101921,100,99927,100,,,99913,100,,,99905,100,,,99864,100,,,99857,100
2019-06-28 09:59:40.000000000,100424,181,100289,281,100594,181,100091,181,100671,181,100077,181,100690,181,100038,181,101040,181,99977,181,101921,100,99927,100,,,99913,100,,,99905,100,,,99864,100,,,99857,100
2019-06-28 09:59:50.000000000,100424,507,100289,607,100594,100,100091,100,100671,100,100077,100,100690,100,100038,100,101040,100,99977,100,101921,100,99927,100,,,99913,100,,,99905,100,,,99864,100,,,99857,100
2019-06-28 10:00:00.000000000,100424,202,100289,302,100594,202,100091,202,100671,202,100077,202,100690,202,100038,202,101040,100,99977,100,101921,100,99927,100,,,99913,100,,,99905,100,,,99864,100,,,99857,100
2019-06-28 10:00:10.000000000,100424,181,100289,281,100594,181,100091,181,100671,181,100077,181,100690,181,100038,181,101040,181,99977,181,101921,100,99927,100,,,99913,100,,,99905,100,,,99864,100,,,99857,100
2019-06-28 10:00:20.000000000,100424,181,100289,281,100594,181,100091,181,100671,181,100077,181,100690,181,100038,181,101040,181,99977,181,101921,100,99927,100,,,99913,100,,,99905,100,,,99864,100,,,99857,100
2019-06-28 10:00:25.926430617,100413,100,100289,281,100424,181,100091,181,100594,181,100077,181,100671,181,100038,181,100690,181,99977,181,101040,181,99927,100,101921,100,99913,100,,,99905,100,,,99864,100,,,99857,100
2019-06-28 10:00:30.000000000,100413,507,100289,607,100424,100,100091,100,100594,100,100077,100,100671,100,100038,100,100690,100,99977,100,101040,100,99927,100,101921,100,99913,100,,,99905,100,,,99864,100,,,99857,100
2019-06-28 10:00:38.696999535,100413,507,100289,507,100424,100,100091,100,100594,100,100077,100,100671,100,100038,100,100690,100,99977,100,101040,100,99927,100,101921,100,99913,100,,,99905,100,,,99864,100,,,99857,100
2019-06-28 10:00:39.223168469,100413,507,100289,507,100424,100,100091,100,100594,100,100077,100,100671,100,100038,100,100690,100,99977,100,101040,100,99935,100,101921,100,99927,100,,,99913,100,,,99905,100,,,99864,100
2019-06-28 10:00:40.000000000,100413,304,100289,304,100424,304,100091,304,100594,100,100077,100,100671,100,100038,100,100690,100,99977,100,101040,100,99935,100,101921,100,99927,100,,,99913,100,,,99905,100,,,99864,100
2019-06-28 10:00:46.329496578,100412,100,100289,304,100413,304,100091,304,100424,304,100077,100,100594,100,100038,100,100671,100,99977,100,100690,100,99935,100,101040,100,99927,100,101921,100,99913,100,,,99905,100,,,99864,100
2019-06-28 10:00:50.000000000,100412,181,100289,181,100413,181,100091,181,100424,181,100077,181,100594,181,100038,181,100671,181,99977,181,100690,100,99935,100,101040,100,99927,100,101921,100,99913,100,,,99905,100,,,99864,100
2019-06-28 10:00:55.365069174,100412,281,100289,181,100413,181,100091,181,100424,181,100077,181,100594,181,100038,181,100671,181,99977,181,100690,100,99935,100,101040,100,99927,100,101921,100,99913,100,,,99905,100,,,99864,100
2019-06-28 10:01:00.000000000,100412,302,100289,202,100413,202,100091,202,100424,202,100077,202,100594,202,100038,202,100671,100,99977,100,100690,100,99935,100,101040,100,99927,100,101921,100,99913,100,,,99905,100,,,99864,100
2019-06-28 10:01:10.000000000,100412,404,100289,304,100413,304,100091,304,100424,100,100077,100,100594,100,100038,100,100671,100,99977,100,100690,100,99935,100,101040,100,99927,100,101921,100,99913,100,,,99905,100,,,99864,100
2019-06-28 10:01:20.000000000,100412,302,100289,202,100413,202,100091,202,100424,202,100077,202,100594,202,100038,202,100671,100,99977,100,100690,100,99935,100,101040,100,99927,100,101921,100,99913,100,,,99905,100,,,99864,100
2019-06-28 10:01:30.000000000,100412,607,100289,507,100413,100,100091,100,100424,100,100077,100,100594,100,100038,100,100671,100,99977,100,100690,100,99935,100,101040,100,99927,100,101921,100,99913,100,,,99905,100,,,99864,100
2019-06-28 10:01:40.000000000,100412,404,100289,304,100413,304,100091,304,100424,100,100077,100,100594,100,100038,100,100671,100,99977,100,100690,100,99935,100,101040,100,99927,100,101921,100,99913,100,,,99905,100,,,99864,100
2019-06-28 10:01:50.000000000,100412,281,100289,181,100413,181,100091,181,100424,181,100077,181,100594,181,100038,181,100671,181,99977,181,100690,100,99935,100,101040,100,99927,100,101921,100,99913,100,,,99905,100,,,99864,100
2019-06-28 10:02:00.000000000,100412,302,100289,202,100413,202,100091,202,100424,202,100077,202,100594,202,100038,202,100671,100,99977,100,100690,100,99935,100,101040,100,99927,100,101921,100,99913,100,,,99905,100,,,99864,100
2019-06-28 10:02:10.000000000,100412,338,100289,238,100413,234,100091,234,100424,234,100077,234,100594,100,100038,100,100671,100,99977,100,100690,100,99935,100,101040,100,99927,100,101921,100,99913,100,,,99905,100,,,99864,100
2019-06-28 10:02:17.094370351,100412,338,100333,100,100413,234,100289,238,100424,234,100091,234,100594,100,100077,234,100671,100,100038,100,100690,100,99977,100,101040,100,99935,100,101921,100,99927,100,,,99913,100,,,99905,100
2019-06-28 10:02:20.000000000,100412,404,100333,304,100413,304,100289,304,100424,100,100091,100,100594,100,100077,100,100671,100,100038,100,100690,100,99977,100,101040,100,99935,100,101921,100,99927,100,,,99913,100,,,99905,100
2019-06-28 10:02:30.000000000,100412,281,100333,181,100413,181,100289,181,100424,181,100091,181,100594,181,100077,181,100671,181,100038,181,100690,100,99977,100,101040,100,99935,100,101921,100,99927,100,,,99913,100,,,99905,100
2019-06-28 10:02:40.000000000,100412,281,100333,181,100413,181,100289,181,100424,181,100091,181,100594,181,100077,181,100671,181,100038,181,100690,100,99977,100,101040,100,99935,100,101921,100,99927,100,,,99913,100,,,99905,100
2019-06-28 10:02:50.000000000,100412,404,100333,304,100413,304,100289,304,100424,100,100091,100,100594,100,100077,100,100671,100,100038,100,100690,100,99977,100,101040,100,99935,100,101921,100,99927,100,,,99913,100,,,99905,100
2019-06-28 10:03:00.000000000,100412,338,100333,238,100413,234,100289,234,100424,234,100091,234,100594,100,100077,100,100671,100,100038,100,100690,100,99977,100,101040,100,99935,100,101921,100,99927,100,,,99913,100,,,99905,100
2019-06-28 10:03:04.350222094,100412,338,100333,238,100413,234,100290,100,100424,234,100289,234,100594,100,100091,234,100671,100,100077,100,100690,100,100038,100,101040,100,99977,100,101921,100,99935,100,,,99927,100,,,99913,100
2019-06-28 10:03:10.000000000,100412,302,100333,202,100413,202,100290,202,100424,202,100289,202,100594,202,100091,202,100671,100,100077,100,100690,100,100038,100,101040,100,99977,100,101921,100,99935,100,,,99927,100,,,99913,100
2019-06-28 10:03:20.000000000,100412,338,100333,238,100413,234,100290,234,100424,234,100289,234,100594,100,100091,100,100671,100,100077,100,100690,100,100038,100,101040,100,99977,100,101921,100,99935,100,,,99927,100,,,99913,100
2019-06-28 10:03:30.000000000,100412,281,100333,181,100413,181,100290,181,100424,181,100289,181,100594,181,100091,181,100671,181,100077,181,100690,100,100038,100,101040,100,99977,100,101921,100,99935,100,,,99927,100,,,99913,100
2019-06-28 10:03:39.683863099,100412,281,100333,181,100413,181,100290,181,100424,181,100289,181,100594,181,100091,181,100671,181,100077,181,100690,100,100038,100,100733,100,99977,100,101040,100,99935,100,101921,100,99927,100,,,99913,100
2019-06-28 10:03:40.000000000,100412,607,100333,507,100413,100,100290,100,100424,100,100289,100,100594,100,100091,100,100671,100,100077,100,100690,100,100038,100,100733,100,99977,100,101040,100,99935,100,101921,100,99927,100,,,99913,100
2019-06-28 10:03:50.000000000,100412,338,100333,238,100413,234,100290,234,100424,234,100289,234,100594,100,100091,100,100671,100,100077,100,100690,100,100038,100,100733,100,99977,100,101040,100,99935,100,101921,100,99927,100,,,99913,100
2019-06-28 10:04:00.000000000,100412,607,100333,507,100413,100,100290,100,100424,100,100289,100,100594,100,100091,100,100671,100,100077,100,100690,100,100038,100,100733,100,99977,100,101040,100,99935,100,101921,100,99927,100,,,99913,100
2019-06-28 10:04:01.081807916,100412,607,100333,507,100413,100,100290,100,100424,100,100289,100,100594,100,100091,100,100671,100,100038,100,100690,100,99977,100,100733,100,99935,100,101040,100,99927,100,101130,100,99913,100,101921,100,99905,100
2019-06-28 10:04:05.002735232,100412,607,100333,507,100413,100,100290,200,100424,100,100289,100,100594,100,100091,100,100671,100,100038,100,100690,100,99977,100,100733,100,99935,100,101040,100,99927,100,101130,100,99913,100,101921,100,99905,100
2019-06-28 10:04:10.000000000,100412,404,100333,304,100413,304,100290,404,100424,100,100289,100,100594,100,100091,100,100671,100,100038,100,100690,100,99977,100,100733,100,99935,100,101040,100,99927,100,101130,100,99913,100,101921,100,99905,100
2019-06-28 10:04:10.000569804,100412,404,100333,304,100413,304,100290,504,100424,100,100289,100,100594,100,100091,100,100671,100,100038,100,100690,100,99977,100,100733,100,99935,100,101040,100,99927,100,101130,100,99913,100,101921,100,99905,100
2019-06-28 10:04:14.543965198,100412,404,100333,304,100413,304,100290,504,100424,100,100289,100,100594,100,100091,100,100671,100,100038,100,100690,100,99977,100,100733,100,99935,100,101040,100,99913,100,101130,100,99905,100,101921,100,99864,100
2019-06-28 10:04:20.000000000,100412,607,100333,507,100413,100,100290,300,100424,100,100289,100,100594,100,100091,100,100671,100,100038,100,100690,100,99977,100,100733,100,99935,100,101040,100,99913,100,101130,100,99905,100,101921,100,99864,100
2019-06-28 10:04:22.915973406,100412,507,100333,507,100413,100,100290,300,100424,100,100289,100,100594,100,100091,100,100671,100,100038,100,100690,100,99977,100,100733,100,99935,100,101040,100,99913,100,101130,100,99905,100,101921,100,99864,100
2019-06-28 10:04:28.820263731,100412,507,100333,507,100413,100,100290,300,100424,100,100289,100,100594,100,100091,100,100671,100,100038,100,100690,100,99977,100,100733,100,99935,100,100962,100,99913,100,101040,100,99905,100,101130,100,99864,100
2019-06-28 10:04:30.000000000,100412,238,100333,238,100413,234,100290,434,100424,234,100289,234,100594,100,100091,100,100671,100,100038,100,100690,100,99977,100,100733,100,99935,100,100962,100,99913,100,101040,100,99905,100,101130,100,99864,100
2019-06-28 10:04:40.000000000,100412,507,100333,507,100413,100,100290,300,100424,100,100289,100,100594,100,100091,100,100671,100,100038,100,100690,100,99977,100,100733,100,99935,100,100962,100,99913,100,101040,100,99905,100,101130,100,99864,100
2019-06-28 10:04:42.319727723,100412,507,100333,507,100413,100,100290,300,100424,100,100289,100,100594,100,100091,100,100671,100,100038,100,100690,100,99977,100,100733,100,99935,100,100917,100,99913,100,100962,100,99905,100,101040,100,99864,100
2019-06-28 10:04:50.000000000,100412,238,100333,238,100413,234,100290,434,100424,234,100289,234,100594,100,100091,100,100671,100,100038,100,100690,100,99977,100,100733,100,99935,100,100917,100,99913,100,100962,100,99905,100,101040,100,99864,100
2019-06-28 10:04:52.287296172,100412,138,100333,238,100413,234,100290,434,100424,234,100289,234,100594,100,100091,100,100671,100,100038,100,100690,100,99977,100,100733,100,99935,100,100917,100,99913,100,100962,100,99905,100,101040,100,99864,100
2019-06-28 10:05:00.000000000,100413,238,100333,238,100424,234,100290,434,100594,234,100289,234,100671,100,100091,100,100690,100,100038,100,100733,100,99977,100,100917,100,99935,100,100962,100,99913,100,101040,100,99905,100,101130,100,99864,100
2019-06-28 10:05:10.000000000,100413,304,100333,304,100424,304,100290,504,100594,100,100289,100,100671,100,100091,100,100690,100,100038,100,100733,100,99977,100,100917,100,99935,100,100962,100,99913,100,101040,100,99905,100,101130,100,99864,100
2019-06-28 10:05:19.822235046,100413,204,100333,304,100424,304,100290,504,100594,100,100289,100,100671,100,100091,100,100690,100,100038,100,100733,100,99977,100,100917,100,99935,100,100962,100,99913,100,101040,100,99905,100,101130,100,99864,100
2019-06-28 10:05:20.000000000,100424,507,100333,507,100594,100,100290,300,100671,100,100289,100,100690,100,100091,100,100733,100,100038,100,100917,100,99977,100,100962,100,99935,100,101040,100,99913,100,101130,100,99905,100,101921,100,99864,100
2019-06-28 10:05:20.334102682,100424,507,100333,507,100594,100,100290,300,100671,100,100289,100,100690,100,100091,100,100733,100,100038,100,100839,100,99977,100,100917,100,99935,100,100962,100,99913,100,101040,100,99905,100,101130,100,99864,100
2019-06-28 10:05:27.396388287,100424,507,100333,507,100671,100,100290,300,100690,100,100289,100,100733,100,100264,100,100839,100,100091,100,100917,100,100038,100,100962,100,99977,100,101040,100,99935,100,101130,100,99913,100,101921,100,99905,100
2019-06-28 10:05:28.949410400,100424,407,100333,507,100671,100,100290,300,100690,100,100289,100,100733,100,100264,100,100839,100,100091,100,100917,100,100038,100,100962,100,99977,100,101040,100,99935,100,101130,100,99913,100,101921,100,99905,100
2019-06-28 10:05:30.000000000,100671,202,100333,202,100690,202,100290,402,100733,202,100289,202,100839,202,100264,202,100917,100,100091,100,100962,100,100038,100,101040,100,99977,100,101130,100,99935,100,101921,100,99913,100,,,99905,100
2019-06-28 10:05:35.215140000,100671,202,100413,100,100690,202,100333,202,100733,202,100290,402,100839,202,100289,202,100917,100,100264,202,100962,100,100091,100,101040,100,100038,100,101130,100,99977,100,101921,100,99935,100,,,99913,100
2019-06-28 10:05:35.427573410,100423,100,100413,100,100671,202,100333,202,100690,202,100290,402,100733,202,100289,202,100839,202,100264,202,100917,100,100091,100,100962,100,100038,100,101040,100,99977,100,101130,100,99935,100,101921,100,99913,100
2019-06-28 10:05:39.348832678,100423,100,100413,100,100506,100,100333,202,100671,202,100290,402,100690,202,100289,202,100733,202,100264,202,100839,202,100091,100,100917,100,100038,100,100962,100,99977,100,101040,100,99935,100,101130,100,99913,100
2019-06-28 10:05:40.000000000,100423,181,100413,181,100506,181,100333,181,100671,181,100290,381,100690,181,100289,181,100733,181,100264,181,100839,100,100091,100,100917,100,100038,100,100962,100,99977,100,101040,100,99935,100,101130,100,99913,100
2019-06-28 10:05:45.335781871,100423,181,100413,81,100506,181,100333,181,100671,181,100290,381,100690,181,100289,181,100733,181,100264,181,100839,100,100091,100,100917,100,100038,100,100962,100,99977,100,101040,100,99935,100,101921,100,99913,100
2019-06-28 10:05:47.546352919,100423,181,100413,81,100506,181,100333,181,100671,181,100290,381,100690,181,100289,181,100733,181,100264,181,100839,100,100259,100,100917,100,100091,100,100962,100,100038,100,101040,100,99977,100,101921,100,99935,100
2019-06-28 10:05:50.000000000,100423,507,100333,507,100506,100,100290,300,100671,100,100289,100,100690,100,100264,100,100733,100,100259,100,100839,100,100091,100,100917,100,100038,100,100962,100,99977,100,101040,100,99935,100,101921,100,99913,100
2019-06-28 10:05:56.508782230,100423,507,100333,407,100506,100,100290,300,100671,100,100289,100,100690,100,100264,100,100733,100,100259,100,100839,100,100091,100,100917,100,100038,100,100962,100,99977,100,101040,100,99935,100,101921,100,99913,100
2019-06-28 10:06:00.000000000,100423,202,100290,402,100506,202,100289,202,100671,202,100264,202,100690,202,100259,202,100733,100,100091,100,100839,100,100038,100,100917,100,99977,100,100962,100,99935,100,101040,100,99913,100,101921,100,99905,100
2019-06-28 10:06:10.000000000,100423,304,100290,504,100506,304,100289,304,100671,100,100264,100,100690,100,100259,100,100733,100,100091,100,100839,100,100038,100,100917,100,99977,100,100962,100,99935,100,101040,100,99913,100,101921,100,99905,100
2019-06-28 10:06:10.031634130,100423,204,100290,504,100506,304,100289,304,100671,100,100264,100,100690,100,100259,100,100733,100,100091,100,100839,100,100038,100,100917,100,99977,100,100962,100,99935,100,101040,100,99913,100,101921,100,99905,100
2019-06-28 10:06:11.765396855,100423,204,100290,504,100506,304,100289,304,100671,100,100264,100,100690,100,100259,100,100733,100,100091,100,100739,100,100038,100,100839,100,99977,100,100917,100,99935,100,100962,100,99913,100,101040,100,99905,100
2019-06-28 10:06:17.646717586,100423,104,100290,504,100506,304,100289,304,100671,100,100264,100,100690,100,100259,100,100733,100,100091,100,100739,100,100038,100,100839,100,99977,100,100917,100,99935,100,100962,100,99913,100,101040,100,99905,100
2019-06-28 10:06:17.903532323,100423,4,100290,504,100506,304,100289,304,100671,100,100264,100,100690,100,100259,100,100733,100,100091,100,100739,100,100038,100,100839,100,99977,100,100917,100,99935,100,100962,100,99913,100,101040,100,99905,100
2019-06-28 10:06:20.000000000,100506,181,100290,381,100671,181,100289,181,100690,181,100264,181,100733,181,100259,181,100739,181,100091,181,100839,100,100038,100,100917,100,99977,100,100962,100,99935,100,101040,100,99913,100,101921,100,99905,100
2019-06-28 10:06:30.000000000,100506,304,100290,504,100671,304,100289,304,100690,100,100264,100,100733,100,100259,100,100739,100,100091,100,100839,100,100038,100,100917,100,99977,100,100962,100,99935,100,101040,100,99913,100,101921,100,99905,100
2019-06-28 10:06:36.177686949,100506,304,100290,504,100671,304,100289,304,100688,100,100264,100,100690,100,100259,100,100733,100,100091,100,100739,100,100038,100,100839,100,99977,100,100917,100,99913,100,100962,100,99905,100,101040,100,99864,100
2019-06-28 10:06:40.000000000,100506,507,100290,707,100671,100,100289,100,100688,100,100264,100,100690,100,100259,100,100733,100,100091,100,100739,100,100038,100,100839,100,99977,100,100917,100,99913,100,100962,100,99905,100,101040,100,99864,100
2019-06-28 10:06:50.000000000,100506,202,100290,402,100671,202,100289,202,100688,202,100264,202,100690,202,100259,202,100733,100,100091,100,100739,100,100038,100,100839,100,99977,100,100917,100,99913,100,100962,100,99905,100,101040,100,99864,100
2019-06-28 10:06:57.222392661,100506,202,100423,100,100671,202,100290,402,100688,202,100289,202,100690,202,100264,202,100733,100,100259,202,100739,100,100091,100,100839,100,100038,100,100917,100,99913,100,100962,100,99905,100,101040,100,99864,100
2019-06-28 10:07:00.000000000,100506,507,100423,507,100671,100,100290,300,100688,100,100289,100,100690,100,100264,100,100733,100,100259,100,100739,100,100091,100,100839,100,100038,100,100917,100,99913,100,100962,100,99905,100,101040,100,99864,100
2019-06-28 10:07:10.000000000,100506,181,100423,181,100671,181,100290,381,100688,181,100289,181,100690,181,100264,181,100733,181,100259,181,100739,100,100091,100,100839,100,100038,100,100917,100,99913,100,100962,100,99905,100,101040,100,99864,100
2019-06-28 10:07:18.707445231,100506,181,100423,181,100671,181,100290,381,100688,181,100289,181,100690,181,100264,181,100733,181,100259,181,100739,100,100091,100,100839,100,100038,100,100917,100,99913,100,100962,100,99905,100,101040,100,99864,100
2019-06-28 10:07:20.000000000,100506,181,100423,181,100671,181,100290,381,100688,181,100289,181,100690,181,100264,181,100733,181,100259,181,100739,100,100091,100,100839,100,100038,100,100917,100,99913,100,100962,100,99905,100,101040,100,99864,100
2019-06-28 10:07:24.458382513,100671,181,100506,19,100688,181,100423,181,100690,181,100290,381,100733,181,100289,181,100739,100,100264,181,100839,100,100259,181,100917,100,100091,100,100962,100,100038,100,101040,100,99913,100,101921,100,99905,100
2019-06-28 10:07:30.000000000,100671,202,100506,121,100688,202,100423,202,100690,202,100290,402,100733,202,100289,202,100739,100,100264,100,100839,100,100259,100,100917,100,100091,100,100962,100,100038,100,101040,100,99913,100,101921,100,99905,100
2019-06-28 10:07:37.293853218,100671,2,100506,121,100688,202,100423,202,100690,202,100290,402,100733,202,100289,202,100739,100,100264,100,100839,100,100259,100,100917,100,100091,100,100962,100,100038,100,101040,100,99913,100,101921,100,99905,100
2019-06-28 10:07:40.000000000,100688,238,100506,157,100690,234,100423,234,100733,234,100290,434,100739,100,100289,100,100839,100,100264,100,100917,100,100259,100,100962,100,100091,100,101040,100,100038,100,101921,100,99913,100,,,99905,100
2019-06-28 10:07:45.813589944,100688,238,100507,100,100690,234,100506,157,100733,234,100423,234,100739,100,100290,434,100839,100,100289,100,100917,100,100264,100,100962,100,100259,100,101040,100,100091,100,101921,100,100038,100,,,99913,100
2019-06-28 10:07:50.000000000,100688,238,100507,238,100690,234,100506,153,100733,234,100423,234,100739,100,100290,300,100839,100,100289,100,100917,100,100264,100,100962,100,100259,100,101040,100,100091,100,101921,100,100038,100,,,99913,100
2019-06-28 10:07:50.082602644,100688,238,100507,238,100690,234,100506,153,100733,234,100423,234,100739,100,100290,300,100839,100,100289,100,100917,100,100264,100,100962,100,100259,100,101040,100,100091,100,101267,100,100038,100,101921,100,99913,100
2019-06-28 10:08:00.000000000,100688,238,100507,238,100690,234,100506,153,100733,234,100423,234,100739,100,100290,300,100839,100,100289,100,100917,100,100264,100,100962,100,100259,100,101040,100,100091,100,101267,100,100038,100,101921,100,99913,100
2019-06-28 10:08:10.000000000,100688,238,100507,238,100690,234,100506,153,100733,234,100423,234,100739,100,100290,300,100839,100,100289,100,100917,100,100264,100,100962,100,100259,100,101040,100,100091,100,101267,100,100038,100,101921,100,99913,100
2019-06-28 10:08:20.000000000,100688,202,100507,202,100690,202,100506,121,100733,202,100423,202,100739,202,100290,402,100839,100,100289,100,100917,100,100264,100,100962,100,100259,100,101040,100,100091,100,101267,100,100038,100,101921,100,99913,100
2019-06-28 10:08:25.170853173,100688,202,100646,100,100690,202,100507,202,100733,202,100506,121,100739,202,100423,202,100839,100,100290,402,100917,100,100289,100,100962,100,100264,100,101040,100,100091,100,101267,100,100038,100,101921,100,99913,100
2019-06-28 10:08:27.081165173,100688,202,100646,100,100690,202,100507,202,100733,202,100506,121,100739,202,100423,202,100839,100,100290,402,100844,100,100289,100,100917,100,100264,100,100962,100,100091,100,101040,100,100038,100,101267,100,99913,100
2019-06-28 10:08:28.769669340,100688,202,100658,100,100690,202,100646,100,100733,202,100507,202,100739,202,100506,121,100839,100,100423,202,100844,100,100290,402,100917,100,100289,100,100962,100,100264,100,101040,100,100091,100,101267,100,100038,100
2019-06-28 10:08:29.561357472,100688,202,100658,100,100690,202,100646,100,100733,202,100507,302,100739,202,100506,121,100839,100,100423,202,100844,100,100290,402,100917,100,100289,100,100962,100,100264,100,101040,100,100091,100,101267,100,100038,100
2019-06-28 10:08:30.000000000,100688,181,100658,181,100690,181,100646,181,100733,181,100507,281,100739,181,100506,100,100839,181,100423,181,100844,100,100290,300,100917,100,100289,100,100962,100,100264,100,101040,100,100091,100,101267,100,100038,100
2019-06-28 10:08:40.000000000,100688,202,100658,202,100690,202,100646,202,100733,202,100507,302,100739,202,100506,121,100839,100,100423,100,100844,100,100290,300,100917,100,100289,100,100962,100,100264,100,101040,100,100091,100,101267,100,100038,100
2019-06-28 10:08:46.211948709,100688,202,100658,102,100690,202,100646,202,100733,202,100507,302,100739,202,100506,121,100839,100,100423,100,100844,100,100290,300,100917,100,100289,100,100962,100,100264,100,101040,100,100091,100,101267,100,100038,100
2019-06-28 10:08:50.000000000,100688,507,100646,507,100690,100,100507,200,100733,100,100506,19,100739,100,100423,100,100839,100,100290,300,100844,100,100289,100,100917,100,100264,100,100962,100,100091,100,101040,100,100038,100,101267,100,99913,100
2019-06-28 10:09:00.000000000,100688,507,100646,507,100690,100,100507,200,100733,100,100506,19,100739,100,100423,100,100839,100,100290,300,100844,100,100289,100,100917,100,100264,100,100962,100,100091,100,101040,100,100038,100,101267,100,99913,100
2019-06-28 10:09:09.122107257,100688,507,100646,507,100690,100,100507,200,100733,100,100506,19,100739,100,100423,100,100839,100,100290,200,100844,100,100289,100,100917,100,100264,100,100962,100,100091,100,101040,100,100038,100,101267,100,99913,100
2019-06-28 10:09:10.000000000,100688,238,100646,238,100690,234,100507,334,100733,234,100506,153,100739,100,100423,100,100839,100,100290,200,100844,100,100289,100,100917,100,100264,100,100962,100,100091,100,101040,100,100038,100,101267,100,99913,100
2019-06-28 10:09:17.056411509,100688,238,100646,238,100690,234,100589,100,100733,234,100507,334,100739,100,100506,153,100839,100,100423,100,100844,100,100290,200,100917,100,100289,100,100962,100,100264,100,101040,100,100091,100,101267,100,100038,100
2019-06-28 10:09:20.000000000,100688,304,100646,304,100690,304,100589,304,100733,100,100507,200,100739,100,100506,19,100839,100,100423,100,100844,100,100290,200,100917,100,100289,100,100962,100,100264,100,101040,100,100091,100,101267,100,100038,100
2019-06-28 10:09:30.000000000,100688,202,100646,202,100690,202,100589,202,100733,202,100507,302,100739,202,100506,121,100839,100,100423,100,100844,100,100290,200,100917,100,100289,100,100962,100,100264,100,101040,100,100091,100,101267,100,100038,100
2019-06-28 10:09:31.474284756,100671,100,100646,202,100688,202,100589,202,100690,202,100507,302,100733,202,100506,121,100739,202,100423,100,100839,100,100290,200,100844,100,100289,100,100917,100,100264,100,100962,100,100038,100,101040,100,99913,100
2019-06-28 10:09:40.000000000,100671,304,100646,304,100688,304,100589,304,100690,100,100507,200,100733,100,100506,19,100739,100,100423,100,100839,100,100290,200,100844,100,100289,100,100917,100,100264,100,100962,100,100038,100,101040,100,99913,100
2019-06-28 10:09:50.000000000,100671,181,100646,181,100688,181,100589,181,100690,181,100507,281,100733,181,100506,100,100739,181,100423,181,100839,100,100290,200,100844,100,100289,100,100917,100,100264,100,100962,100,100038,100,101040,100,99913,100
2019-06-28 10:09:55.906348730,100671,181,100659,100,100688,181,100646,181,100690,181,100589,181,100733,181,100507,281,100739,181,100506,100,100839,100,100423,181,100844,100,100290,200,100917,100,100289,100,100962,100,100264,100,101040,100,100038,100
2019-06-28 10:10:00.000000000,100671,181,100659,181,100688,181,100646,181,100690,181,100589,181,100733,181,100507,281,100739,181,100506,100,100839,100,100423,100,100844,100,100290,200,100917,100,100289,100,100962,100,100264,100,101040,100,100038,100
