,ask_price_1,ask_size_1,bid_price_1,bid_size_1,ask_price_2,ask_size_2,bid_price_2,bid_size_2,ask_price_3,ask_size_3,bid_price_3,bid_size_3,ask_price_4,ask_size_4,bid_price_4,bid_size_4,ask_price_5,ask_size_5,bid_price_5,bid_size_5,ask_price_6,ask_size_6,bid_price_6,bid_size_6,ask_price_7,ask_size_7,bid_price_7,bid_size_7,ask_price_8,ask_size_8,bid_price_8,bid_size_8,ask_price_9,ask_size_9,bid_price_9,bid_size_9,ask_price_10,ask_size_10,bid_price_10,bid_size_10
2019-06-28 09:30:00.000000001,100165,100,,,,,,,,,,,,,,,,,,,,,,,,,,,,,,,,,,,,,,
2019-06-28 09:30:00.000000004,100091,100,99837,100,100165,100,,,,,,,,,,,,,,,,,,,,,,,,,,,,,,,,,,
2019-06-28 09:30:00.000000008,100091,100,99954,100,100165,100,99873,100,,,99837,100,,,,,,,,,,,,,,,,,,,,,,,,,,,,
2019-06-28 09:30:00.000000010,100091,100,99954,100,100165,100,99944,100,,,99873,100,,,99842,100,,,99837,100,,,,,,,,,,,,,,,,,,,,
2019-06-28 09:30:00.000000011,100091,100,99954,100,100123,100,99944,100,100165,100,99873,100,,,99842,100,,,99837,100,,,,,,,,,,,,,,,,,,,,
2019-06-28 09:30:00.000000013,99998,100,99954,100,100091,100,99944,100,100123,100,99873,100,100150,100,99842,100,100165,100,99837,100,,,,,,,,,,,,,,,,,,,,
2019-06-28 09:30:00.000000014,100091,100,99954,100,100123,100,99949,100,100150,100,99944,100,100165,100,99873,100,,,99842,100,,,99837,100,,,,,,,,,,,,,,,,
2019-06-28 09:30:00.000000015,99970,100,99954,100,100091,100,99949,100,100123,100,99944,100,100150,100,99873,100,100165,100,99842,100,,,99837,100,,,,,,,,,,,,,,,,
2019-06-28 09:30:00.000000016,99970,100,99954,100,100016,100,99949,100,100091,100,99944,100,100123,100,99873,100,100150,100,99842,100,100165,100,99837,100,,,99750,100,,,,,,,,,,,,
2019-06-28 09:30:00.000000018,99970,100,99954,100,100016,100,99949,100,100091,200,99944,100,100123,100,99873,100,100150,100,99842,100,100165,100,99837,100,,,99750,100,,,,,,,,,,,,
2019-06-28 09:30:00.000000022,99970,100,99949,100,100016,100,99944,100,100091,200,99873,100,100123,100,99842,100,100150,200,99837,100,100165,100,99750,100,,,,,,,,,,,,,,,,
2019-06-28 09:30:00.000000023,99970,100,99949,100,100016,100,99944,100,100091,200,99873,100,100123,100,99842,100,100150,200,99837,100,100165,100,99750,100,100211,100,,,,,,,,,,,,,,
2019-06-28 09:30:00.000000024,99970,100,99954,100,100016,100,99949,100,100091,200,99944,100,100123,100,99873,100,100150,200,99849,100,100165,100,99842,100,100211,100,99837,100,,,99750,100,,,,,,,,
2019-06-28 09:30:00.000000025,99970,100,99954,100,100016,100,99949,100,100091,200,99944,100,100092,100,99873,100,100123,100,99849,100,100150,200,99842,100,100165,100,99837,100,100211,100,99750,100,,,,,,,,
2019-06-28 09:30:00.000000026,99970,100,99954,100,100016,100,99949,100,100068,100,99944,100,100091,200,99873,100,100092,100,99849,100,100123,100,99842,100,100150,200,99837,100,100165,100,99750,100,100211,100,,,,,,
2019-06-28 09:30:00.000000028,99970,100,99954,100,100016,100,99949,100,100068,100,99944,100,100091,200,99873,100,100092,100,99849,100,100123,100,99842,100,100126,100,99837,100,100150,200,99750,100,100165,100,,,100211,100,,
2019-06-28 09:30:00.000000034,100016,100,99954,100,100068,100,99949,100,100091,200,99944,100,100092,100,99873,100,100123,100,99849,100,100126,100,99842,100,100150,200,99837,100,100165,100,99750,100,100211,100,,,,,,
2019-06-28 09:30:00.000000035,100016,100,99954,100,100068,100,99949,100,100091,200,99944,100,100092,100,99873,100,100123,100,99849,100,100126,100,99842,100,100150,200,99837,100,100165,100,99835,100,100211,100,99750,100,,,,
2019-06-28 09:30:00.000000042,100016,100,99954,100,100068,100,99949,100,100091,200,99944,100,100092,100,99916,100,100123,100,99873,100,100126,100,99849,100,100150,200,99842,100,100165,100,99837,100,100211,100,99835,100,,,99750,100
2019-06-28 09:30:00.000000043,100012,100,99955,100,100016,100,99954,100,100068,100,99949,100,100069,100,99944,100,100091,200,99916,100,100092,100,99873,100,100123,100,99849,100,100126,100,99842,100,100150,200,99837,100,100165,100,99835,100
2019-06-28 09:30:00.000000046,100012,100,99955,100,100016,100,99954,100,100068,100,99949,100,100069,100,99944,100,100091,200,99925,100,100092,100,99916,100,100123,100,99873,100,100126,100,99849,100,100150,200,99842,100,100165,100,99837,100
2019-06-28 09:30:00.000000049,100005,100,99955,100,100012,100,99954,100,100016,100,99949,100,100068,100,99944,100,100069,100,99925,100,100091,200,99916,100,100092,100,99873,100,100123,100,99849,100,100126,100,99842,100,100150,200,99837,100
2019-06-28 09:30:00.000000051,100012,100,99955,100,100016,100,99954,100,100068,100,99949,100,100069,100,99944,100,100091,200,99925,100,100092,100,99916,100,100123,100,99873,100,100126,100,99849,100,100132,100,99842,100,100150,200,99837,100
2019-06-28 09:30:00.000000053,100012,100,99970,100,100016,100,99955,100,100068,100,99954,100,100069,100,99949,100,100091,200,99944,100,100092,100,99925,100,100123,100,99916,100,100126,100,99873,100,100132,100,99849,100,100150,200,99842,100
2019-06-28 09:30:00.000000054,100012,100,99970,200,100016,100,99955,100,100027,100,99954,100,100068,100,99949,100,100069,100,99944,100,100091,200,99925,100,100092,100,99916,100,100123,100,99873,100,100126,100,99849,100,100132,100,99842,100
2019-06-28 09:30:00.000000056,100005,100,99970,200,100012,100,99955,100,100016,100,99954,100,100027,100,99949,100,100068,100,99944,100,100069,100,99925,100,100091,200,99916,100,100092,100,99873,100,100123,100,99849,100,100126,100,99842,100
2019-06-28 09:30:00.000000057,100005,100,99970,100,100012,100,99955,100,100016,100,99954,100,100027,100,99949,100,100068,100,99944,100,100069,100,99925,100,100091,200,99916,100,100092,100,99913,100,100123,100,99873,100,100126,100,99849,100
2019-06-28 09:30:00.000000058,100005,100,99970,100,100012,100,99955,100,100016,100,99954,100,100027,100,99949,100,100068,100,99944,100,100069,100,99925,100,100075,100,99916,100,100091,200,99913,100,100092,100,99873,100,100123,100,99849,100
2019-06-28 09:30:00.000000060,100005,100,99955,100,100012,100,99954,100,100016,100,99949,100,100027,100,99944,100,100068,100,99925,100,100069,100,99916,100,100075,100,99913,100,100091,200,99873,100,100092,100,99849,100,100097,100,99842,100
2019-06-28 09:30:00.000000061,100005,100,99955,100,100012,100,99954,100,100016,100,99949,100,100027,100,99947,100,100068,100,99944,100,100069,100,99925,100,100075,100,99916,100,100091,200,99913,100,100092,100,99873,100,100097,100,99849,100
2019-06-28 09:30:00.000000063,100005,100,99955,100,100012,100,99954,100,100016,100,99949,100,100027,100,99947,100,100068,100,99944,100,100069,100,99925,100,100075,100,99916,100,100091,200,99913,100,100092,100,99902,100,100097,100,99873,100
2019-06-28 09:30:00.000000064,100005,100,99955,100,100012,100,99954,100,100016,100,99949,100,100027,100,99947,100,100068,100,99944,100,100069,100,99925,100,100075,100,99916,100,100091,200,99913,100,100092,100,99902,100,100097,100,99873,100
2019-06-28 09:30:00.000000068,99967,100,99955,100,100005,100,99954,100,100012,100,99949,100,100016,100,99947,100,100027,100,99944,100,100068,100,99925,100,100069,100,99916,100,100075,100,99913,100,100091,200,99902,100,100092,100,99873,100
2019-06-28 09:30:00.000000070,100005,100,99955,100,100012,100,99954,100,100016,100,99949,100,100027,100,99947,100,100068,100,99944,100,100069,100,99925,100,100075,100,99916,100,100091,200,99913,100,100092,100,99902,100,100097,100,99873,100
2019-06-28 09:30:00.000000072,100012,100,99955,100,100016,100,99954,100,100027,100,99949,100,100068,100,99947,100,100069,100,99944,100,100075,100,99925,100,100091,200,99916,100,100092,100,99913,100,100097,100,99902,100,100123,200,99873,100
2019-06-28 09:30:00.000000075,100012,100,99955,100,100016,100,99954,100,100027,100,99949,100,100068,100,99947,100,100069,100,99944,100,100075,100,99925,100,100083,100,99916,100,100091,200,99913,100,100092,100,99902,100,100097,100,99873,100
2019-06-28 09:30:00.000000076,100005,100,99967,100,100012,100,99955,100,100016,100,99954,100,100027,100,99949,100,100068,100,99947,100,100069,100,99944,100,100075,100,99925,100,100083,100,99916,100,100091,200,99913,100,100092,100,99902,100
2019-06-28 09:30:00.000000077,100005,100,99967,100,100012,100,99955,100,100016,100,99954,100,100027,200,99949,100,100068,100,99947,100,100069,100,99944,100,100075,100,99925,100,100083,100,99916,100,100091,200,99913,100,100092,100,99902,100
2019-06-28 09:30:00.000000082,100005,100,99967,100,100012,100,99955,100,100016,100,99954,100,100027,200,99949,100,100068,100,99947,100,100069,100,99944,100,100075,100,99925,100,100083,100,99916,100,100091,200,99913,100,100092,100,99902,100
2019-06-28 09:30:00.000000083,100005,100,99967,100,100012,100,99955,200,100016,100,99954,100,100027,200,99949,100,100068,100,99947,100,100069,100,99944,100,100075,100,99925,100,100083,100,99916,100,100091,200,99913,100,100092,100,99902,100
2019-06-28 09:30:00.000000084,100005,200,99967,100,100012,100,99955,200,100016,100,99954,100,100027,200,99949,100,100068,100,99947,100,100069,100,99944,100,100075,100,99925,100,100083,100,99916,100,100091,200,99913,100,100092,100,99902,100
2019-06-28 09:30:00.000000085,100005,200,99967,100,100012,100,99955,200,100016,100,99954,100,100027,200,99949,100,100068,100,99947,100,100069,100,99944,100,100075,100,99925,100,100083,100,99916,100,100091,200,99913,100,100092,100,99902,100
2019-06-28 09:30:00.000000086,100005,200,99967,100,100012,100,99955,200,100016,100,99954,100,100027,200,99949,100,100068,100,99947,100,100069,100,99944,100,100075,100,99925,100,100083,200,99916,100,100091,200,99913,100,100092,100,99902,100
2019-06-28 09:30:00.000000089,99990,100,99967,100,100005,200,99955,200,100012,100,99954,100,100016,100,99949,100,100027,200,99947,100,100068,100,99944,100,100069,100,99925,100,100075,100,99916,100,100083,200,99913,100,100091,200,99902,100
2019-06-28 09:30:00.000000091,99990,100,99967,100,100005,300,99955,200,100012,100,99954,100,100016,100,99949,100,100027,200,99947,100,100068,100,99944,100,100069,100,99925,100,100075,100,99916,100,100083,200,99913,100,100091,200,99902,100
2019-06-28 09:30:00.000000092,99990,100,99967,100,100005,300,99955,200,100012,100,99954,100,100016,100,99949,100,100027,200,99947,100,100068,100,99944,100,100069,100,99937,100,100075,100,99925,100,100083,200,99916,100,100091,200,99913,100
2019-06-28 09:30:00.000000094,100005,300,99967,100,100012,100,99955,200,100016,100,99954,100,100027,200,99949,100,100068,100,99947,100,100069,100,99944,100,100075,100,99937,100,100083,200,99925,100,100091,200,99916,100,100092,100,99913,100
2019-06-28 09:30:00.000000099,100005,300,99990,100,100012,100,99967,100,100016,100,99955,200,100027,200,99954,100,100068,100,99949,100,100069,100,99947,100,100075,100,99944,100,100083,200,99937,100,100091,200,99925,100,100092,100,99924,100
2019-06-28 09:30:10.000000000,100005,770,99990,570,100012,100,99967,100,100016,100,99955,200,100027,200,99954,100,100068,100,99949,100,100069,100,99947,100,100075,100,99944,100,100083,200,99937,100,100091,200,99925,100,100092,100,99924,100
2019-06-28 09:30:20.000000000,100005,460,99990,260,100012,255,99967,255,100016,255,99955,355,100027,200,99954,100,100068,100,99949,100,100069,100,99947,100,100075,100,99944,100,100083,200,99937,100,100091,200,99925,100,100092,100,99924,100
2019-06-28 09:30:30.000000000,100005,535,99990,335,100012,335,99967,335,100016,100,99955,200,100027,200,99954,100,100068,100,99949,100,100069,100,99947,100,100075,100,99944,100,100083,200,99937,100,100091,200,99925,100,100092,100,99924,100
2019-06-28 09:30:36.172321484,100005,535,99990,235,100012,335,99967,335,100016,100,99955,200,100027,200,99954,100,100068,100,99949,100,100069,100,99947,100,100075,100,99944,100,100083,200,99937,100,100091,200,99925,100,100092,100,99924,100
2019-06-28 09:30:40.000000000,100005,770,99967,570,100012,100,99955,200,100016,100,99954,100,100027,200,99949,100,100068,100,99947,100,100069,100,99944,100,100075,100,99937,100,100083,200,99925,100,100091,200,99924,100,100092,100,99916,100
2019-06-28 09:30:50.000000000,100005,418,99967,218,100012,218,99955,318,100016,218,99954,218,100027,318,99949,218,100068,100,99947,100,100069,100,99944,100,100075,100,99937,100,100083,200,99925,100,100091,200,99924,100,100092,100,99916,100
2019-06-28 09:31:00.000000000,100005,770,99967,570,100012,100,99955,200,100016,100,99954,100,100027,200,99949,100,100068,100,99947,100,100069,100,99944,100,100075,100,99937,100,100083,200,99925,100,100091,200,99924,100,100092,100,99916,100
2019-06-28 09:31:01.037298393,100005,670,99967,570,100012,100,99955,200,100016,100,99954,100,100027,200,99949,100,100068,100,99947,100,100069,100,99944,100,100075,100,99937,100,100083,200,99925,100,100091,200,99924,100,100092,100,99916,100
2019-06-28 09:31:10.000000000,100005,435,99967,335,100012,335,99955,435,100016,100,99954,100,100027,200,99949,100,100068,100,99947,100,100069,100,99944,100,100075,100,99937,100,100083,200,99925,100,100091,200,99924,100,100092,100,99916,100
2019-06-28 09:31:20.000000000,100005,318,99967,218,100012,218,99955,318,100016,218,99954,218,100027,318,99949,218,100068,100,99947,100,100069,100,99944,100,100075,100,99937,100,100083,200,99925,100,100091,200,99924,100,100092,100,99916,100
2019-06-28 09:31:20.395867151,100005,318,99967,118,100012,218,99955,318,100016,218,99954,218,100027,318,99949,218,100068,100,99947,100,100069,100,99944,100,100075,100,99937,100,100083,200,99925,100,100091,200,99924,100,100092,100,99916,100
2019-06-28 09:31:23.333100942,100005,318,99967,18,100012,218,99955,318,100016,218,99954,218,100027,318,99949,218,100068,100,99947,100,100069,100,99944,100,100075,100,99937,100,100083,200,99925,100,100091,200,99924,100,100092,100,99916,100
2019-06-28 09:31:30.000000000,100005,318,99955,318,100012,218,99954,218,100016,218,99949,218,100027,318,99947,218,100068,100,99944,100,100069,100,99937,100,100075,100,99925,100,100083,200,99924,100,100091,200,99916,100,100092,100,99913,100
2019-06-28 09:31:40.000000000,100005,318,99955,318,100012,218,99954,218,100016,218,99949,218,100027,318,99947,218,100068,100,99944,100,100069,100,99937,100,100075,100,99925,100,100083,200,99924,100,100091,200,99916,100,100092,100,99913,100
2019-06-28 09:31:50.000000000,100005,294,99955,294,100012,194,99954,194,100016,194,99949,194,100027,294,99947,194,100068,194,99944,194,100069,100,99937,100,100075,100,99925,100,100083,200,99924,100,100091,200,99916,100,100092,100,99913,100
2019-06-28 09:31:51.126441621,100005,294,99955,294,100012,194,99954,194,100016,194,99949,194,100027,294,99947,194,100068,194,99944,194,100069,100,99937,100,100075,100,99925,100,100083,200,99924,100,100091,200,99916,100,100092,100,99913,100
2019-06-28 09:32:00.000000000,100005,294,99955,294,100012,194,99954,194,100016,194,99949,194,100027,294,99947,194,100068,194,99944,194,100069,100,99937,100,100075,100,99925,100,100083,200,99924,100,100091,200,99916,100,100092,100,99913,100
2019-06-28 09:32:00.324270855,100005,294,99968,100,100012,194,99955,294,100016,194,99954,194,100027,294,99949,194,100068,194,99947,194,100069,100,99944,194,100075,100,99937,100,100083,200,99925,100,100091,200,99924,100,100092,100,99916,100
2019-06-28 09:32:04.165446831,100005,194,99968,100,100012,194,99955,294,100016,194,99954,194,100027,294,99949,194,100068,194,99947,194,100069,100,99944,194,100075,100,99937,100,100083,200,99925,100,100091,200,99924,100,100092,100,99916,100
2019-06-28 09:32:10.000000000,100005,194,99968,194,100012,194,99955,294,100016,194,99954,194,100027,294,99949,194,100068,194,99947,194,100069,100,99944,100,100075,100,99937,100,100083,200,99925,100,100091,200,99924,100,100092,100,99916,100
2019-06-28 09:32:20.000000000,100005,218,99968,218,100012,218,99955,318,100016,218,99954,218,100027,318,99949,218,100068,100,99947,100,100069,100,99944,100,100075,100,99937,100,100083,200,99925,100,100091,200,99924,100,100092,100,99916,100
2019-06-28 09:32:30.000000000,100005,335,99968,335,100012,335,99955,435,100016,100,99954,100,100027,200,99949,100,100068,100,99947,100,100069,100,99944,100,100075,100,99937,100,100083,200,99925,100,100091,200,99924,100,100092,100,99916,100
2019-06-28 09:32:40.000000000,100005,570,99968,570,100012,100,99955,200,100016,100,99954,100,100027,200,99949,100,100068,100,99947,100,100069,100,99944,100,100075,100,99937,100,100083,200,99925,100,100091,200,99924,100,100092,100,99916,100
2019-06-28 09:32:50.000000000,100005,570,99968,570,100012,100,99955,200,100016,100,99954,100,100027,200,99949,100,100068,100,99947,100,100069,100,99944,100,100075,100,99937,100,100083,200,99925,100,100091,200,99924,100,100092,100,99916,100
2019-06-28 09:33:00.000000000,100005,218,99968,218,100012,218,99955,318,100016,218,99954,218,100027,318,99949,218,100068,100,99947,100,100069,100,99944,100,100075,100,99937,100,100083,200,99925,100,100091,200,99924,100,100092,100,99916,100
2019-06-28 09:33:10.000000000,100005,260,99968,260,100012,255,99955,355,100016,255,99954,255,100027,200,99949,100,100068,100,99947,100,100069,100,99944,100,100075,100,99937,100,100083,200,99925,100,100091,200,99924,100,100092,100,99916,100
2019-06-28 09:33:20.000000000,100005,218,99968,218,100012,218,99955,318,100016,218,99954,218,100027,318,99949,218,100068,100,99947,100,100069,100,99944,100,100075,100,99937,100,100083,200,99925,100,100091,200,99924,100,100092,100,99916,100
2019-06-28 09:33:25.993515356,100005,218,99968,218,100012,218,99955,318,100016,218,99954,218,100027,318,99949,218,100068,100,99947,100,100069,100,99944,100,100075,100,99937,100,100083,200,99925,100,100091,200,99924,100,100092,100,99916,100
2019-06-28 09:33:30.000000000,100005,260,99968,260,100012,255,99955,355,100016,255,99954,255,100027,200,99949,100,100068,100,99947,100,100069,100,99944,100,100075,100,99937,100,100083,200,99925,100,100091,200,99924,100,100092,100,99916,100
2019-06-28 09:33:35.818862921,100005,160,99968,260,100012,255,99955,355,100016,255,99954,255,100027,200,99949,100,100068,100,99947,100,100069,100,99944,100,100075,100,99937,100,100083,100,99925,100,100091,200,99924,100,100092,100,99916,100
2019-06-28 09:33:40.000000000,100012,335,99968,335,100016,335,99955,435,100027,200,99954,100,100068,100,99949,100,100069,100,99947,100,100075,100,99944,100,100083,100,99937,100,100091,200,99925,100,100092,100,99924,100,100093,100,99916,100
2019-06-28 09:33:45.286832997,100012,235,99968,335,100016,335,99955,435,100027,200,99954,100,100068,100,99949,100,100069,100,99947,100,100075,100,99944,100,100083,100,99937,100,100091,200,99925,100,100092,100,99924,100,100093,100,99916,100
2019-06-28 09:33:50.000000000,100016,218,99968,218,100027,318,99955,318,100068,218,99954,218,100069,218,99949,218,100075,100,99947,100,100083,100,99944,100,100091,200,99937,100,100092,100,99925,100,100093,100,99924,100,100123,100,99916,100
2019-06-28 09:33:55.815655082,100016,118,99968,218,100027,318,99955,318,100068,218,99954,218,100069,218,99949,218,100075,100,99947,100,100083,100,99944,100,100091,200,99937,100,100092,100,99925,100,100093,100,99924,100,100123,100,99916,100
2019-06-28 09:34:00.000000000,100027,294,99968,194,100068,194,99955,294,100069,194,99954,194,100075,194,99949,194,100083,194,99947,194,100091,200,99944,100,100092,100,99937,100,100093,100,99925,100,100123,100,99924,100,100132,100,99916,100
2019-06-28 09:34:02.492096544,100027,194,99968,194,100068,194,99955,294,100069,194,99954,194,100075,194,99949,194,100083,194,99947,194,100091,200,99944,100,100092,100,99937,100,100123,100,99925,100,100132,100,99924,100,100150,200,99916,100
2019-06-28 09:34:09.627006896,100027,194,99968,194,100068,194,99955,294,100069,194,99954,194,100075,194,99949,194,100083,194,99947,194,100091,200,99944,100,100092,100,99937,100,100123,100,99936,100,100132,100,99925,100,100150,200,99924,100
2019-06-28 09:34:10.000000000,100027,260,99968,260,100068,255,99955,355,100069,255,99954,255,100075,100,99949,100,100083,100,99947,100,100091,200,99944,100,100092,100,99937,100,100123,100,99936,100,100132,100,99925,100,100150,200,99924,100
2019-06-28 09:34:20.000000000,100027,194,99968,194,100068,194,99955,294,100069,194,99954,194,100075,194,99949,194,100083,194,99947,194,100091,200,99944,100,100092,100,99937,100,100123,100,99936,100,100132,100,99925,100,100150,200,99924,100
2019-06-28 09:34:26.138948342,100027,194,99968,194,100068,194,99955,294,100069,194,99954,194,100075,194,99949,194,100083,194,99947,194,100091,200,99944,100,100092,100,99937,100,100123,100,99936,100,100132,100,99925,100,100150,200,99924,100
2019-06-28 09:34:30.000000000,100027,218,99968,218,100068,218,99955,318,100069,218,99954,218,100075,218,99949,218,100083,100,99947,100,100091,200,99944,100,100092,100,99937,100,100123,100,99936,100,100132,100,99925,100,100150,200,99924,100
2019-06-28 09:34:40.000000000,100027,260,99968,260,100068,255,99955,355,100069,255,99954,255,100075,100,99949,100,100083,100,99947,100,100091,200,99944,100,100092,100,99937,100,100123,100,99936,100,100132,100,99925,100,100150,200,99924,100
2019-06-28 09:34:46.576016919,100027,260,99968,260,100068,255,99955,355,100069,255,99954,255,100075,100,99949,100,100083,100,99947,100,100091,200,99944,100,100092,100,99937,100,100123,100,99936,100,100132,100,99925,100,100150,200,99924,100
2019-06-28 09:34:50.000000000,100027,218,99968,218,100068,218,99955,318,100069,218,99954,218,100075,218,99949,218,100083,100,99947,100,100091,200,99944,100,100092,100,99937,100,100123,100,99936,100,100132,100,99925,100,100150,200,99924,100
2019-06-28 09:35:00.000000000,100027,194,99968,194,100068,194,99955,294,100069,194,99954,194,100075,194,99949,194,100083,194,99947,194,100091,200,99944,100,100092,100,99937,100,100123,100,99936,100,100132,100,99925,100,100150,200,99924,100
2019-06-28 09:35:10.000000000,100027,194,99968,194,100068,194,99955,294,100069,194,99954,194,100075,194,99949,194,100083,194,99947,194,100091,200,99944,100,100092,100,99937,100,100123,100,99936,100,100132,100,99925,100,100150,200,99924,100
2019-06-28 09:35:19.487338580,100027,194,99968,194,100068,194,99955,294,100069,194,99954,194,100075,194,99949,194,100083,194,99947,194,100091,200,99944,100,100092,100,99937,100,100123,100,99936,100,100132,100,99925,100,100150,200,99924,100
2019-06-28 09:35:20.000000000,100027,335,99968,335,100068,335,99955,435,100069,100,99954,100,100075,100,99949,100,100083,100,99947,100,100091,200,99944,100,100092,100,99937,100,100123,100,99936,100,100132,100,99925,100,100150,200,99924,100
2019-06-28 09:35:30.000000000,100027,335,99968,335,100068,335,99955,435,100069,100,99954,100,100075,100,99949,100,100083,100,99947,100,100091,200,99944,100,100092,100,99937,100,100123,100,99936,100,100132,100,99925,100,100150,200,99924,100
2019-06-28 09:35:39.224312318,100027,235,99968,335,100068,335,99955,435,100069,100,99954,100,100075,100,99949,100,100083,100,99947,100,100091,200,99944,100,100092,100,99937,100,100123,100,99936,100,100132,100,99925,100,100150,200,99924,100
2019-06-28 09:35:40.000000000,100068,335,99968,335,100069,335,99955,435,100075,100,99954,100,100083,100,99949,100,100091,200,99947,100,100092,100,99944,100,100123,100,99937,100,100132,100,99936,100,100150,200,99925,100,100165,100,99924,100
2019-06-28 09:35:40.278150066,100068,335,99968,335,100069,335,99955,435,100075,100,99954,100,100083,100,99949,100,100091,100,99947,100,100092,100,99944,100,100123,100,99937,100,100132,100,99936,100,100150,200,99925,100,100165,100,99924,100
2019-06-28 09:35:41.834223657,100068,335,99968,335,100069,335,99955,435,100075,100,99954,100,100083,100,99949,100,100091,100,99947,100,100092,100,99944,100,100123,100,99937,100,100132,100,99936,100,100150,200,99925,100,100165,100,99924,100
2019-06-28 09:35:47.715747532,100068,235,99968,335,100069,335,99955,435,100075,100,99954,100,100083,100,99949,100,100091,100,99947,100,100092,100,99944,100,100123,100,99937,100,100132,100,99936,100,100150,200,99925,100,100165,100,99924,100
2019-06-28 09:35:50.000000000,100069,194,99968,194,100075,194,99955,294,100083,194,99954,194,100091,194,99949,194,100092,194,99947,194,100123,100,99944,100,100132,100,99937,100,100150,200,99936,100,100165,100,99925,100,100171,100,99924,100
2019-06-28 09:36:00.000000000,100069,260,99968,260,100075,255,99955,355,100083,255,99954,255,100091,100,99949,100,100092,100,99947,100,100123,100,99944,100,100132,100,99937,100,100150,200,99936,100,100165,100,99925,100,100171,100,99924,100
2019-06-28 09:36:10.000000000,100069,218,99968,218,100075,218,99955,318,100083,218,99954,218,100091,218,99949,218,100092,100,99947,100,100123,100,99944,100,100132,100,99937,100,100150,200,99936,100,100165,100,99925,100,100171,100,99924,100
2019-06-28 09:36:13.640205767,100069,218,99968,218,100075,218,99955,318,100083,218,99954,218,100091,218,99949,218,100092,100,99947,100,100123,100,99944,100,100132,100,99937,100,100150,200,99936,100,100165,100,99925,100,100171,100,99924,100
2019-06-28 09:36:19.235671301,100069,218,100027,100,100075,218,99968,218,100083,218,99955,318,100091,218,99954,218,100092,100,99949,218,100123,100,99947,100,100132,100,99944,100,100150,200,99937,100,100165,100,99936,100,100171,100,99925,100
2019-06-28 09:36:20.000000000,100069,335,100027,335,100075,335,99968,335,100083,100,99955,200,100091,100,99954,100,100092,100,99949,100,100123,100,99947,100,100132,100,99944,100,100150,200,99937,100,100165,100,99936,100,100171,100,99925,100
2019-06-28 09:36:21.232897436,100069,235,100027,335,100075,335,99968,335,100083,100,99955,200,100091,100,99954,100,100092,100,99949,100,100123,100,99947,100,100132,100,99944,100,100150,200,99937,100,100165,100,99936,100,100171,100,99925,100
2019-06-28 09:36:27.675916200,100069,235,100027,335,100075,335,99968,335,100083,100,99955,200,100091,100,99954,100,100092,100,99949,100,100123,100,99947,100,100132,100,99944,100,100150,200,99937,100,100171,100,99936,100,100211,100,99925,100
2019-06-28 09:36:30.000000000,100075,194,100027,194,100083,194,99968,194,100091,194,99955,294,100092,194,99954,194,100123,194,99949,194,100132,100,99947,100,100150,200,99944,100,100171,100,99937,100,100211,100,99936,100,100367,100,99925,100
2019-06-28 09:36:31.636585000,100075,194,100068,100,100083,194,100027,194,100091,194,99968,194,100092,194,99955,194,100123,194,99954,194,100132,100,99949,194,100150,200,99947,100,100171,100,99944,100,100211,100,99937,100,100367,100,99936,100
2019-06-28 09:36:38.490941829,100075,94,100068,100,100083,194,100027,194,100091,194,99968,194,100092,194,99955,194,100123,194,99954,194,100132,100,99949,194,100150,200,99947,100,100171,100,99944,100,100211,100,99937,100,100367,100,99936,100
2019-06-28 09:36:40.000000000,100083,260,100068,260,100091,255,100027,255,100092,255,99968,255,100123,100,99955,100,100132,100,99954,100,100150,200,99949,100,100171,100,99947,100,100211,100,99944,100,100367,100,99937,100,100490,100,99936,100
2019-06-28 09:36:50.000000000,100083,194,100068,194,100091,194,100027,194,100092,194,99968,194,100123,194,99955,194,100132,194,99954,194,100150,200,99949,100,100171,100,99947,100,100211,100,99944,100,100367,100,99937,100,100490,100,99936,100
2019-06-28 09:37:00.000000000,100083,194,100068,194,100091,194,100027,194,100092,194,99968,194,100123,194,99955,194,100132,194,99954,194,100150,200,99949,100,100171,100,99947,100,100211,100,99944,100,100367,100,99937,100,100490,100,99936,100
2019-06-28 09:37:10.000000000,100083,570,100068,570,100091,100,100027,100,100092,100,99968,100,100123,100,99955,100,100132,100,99954,100,100150,200,99949,100,100171,100,99947,100,100211,100,99944,100,100367,100,99937,100,100490,100,99936,100
2019-06-28 09:37:20.000000000,100083,194,100068,194,100091,194,100027,194,100092,194,99968,194,100123,194,99955,194,100132,194,99954,194,100150,200,99949,100,100171,100,99947,100,100211,100,99944,100,100367,100,99937,100,100490,100,99936,100
2019-06-28 09:37:24.718283929,100083,194,100068,94,100091,194,100027,194,100092,194,99968,194,100123,194,99955,194,100132,194,99954,194,100150,200,99949,100,100171,100,99947,100,100211,100,99944,100,100367,100,99937,100,100490,100,99936,100
2019-06-28 09:37:26.727473687,100083,94,100068,94,100091,194,100027,194,100092,194,99968,194,100123,194,99955,194,100132,194,99954,194,100150,200,99949,100,100171,100,99947,100,100211,100,99944,100,100367,100,99937,100,100490,100,99936,100
2019-06-28 09:37:30.000000000,100091,218,100027,218,100092,218,99968,218,100123,218,99955,218,100132,218,99954,218,100150,200,99949,100,100171,100,99947,100,100211,100,99944,100,100367,100,99937,100,100490,100,99936,100,100622,100,99924,100
2019-06-28 09:37:40.000000000,100091,194,100027,194,100092,194,99968,194,100123,194,99955,194,100132,194,99954,194,100150,294,99949,194,100171,100,99947,100,100211,100,99944,100,100367,100,99937,100,100490,100,99936,100,100622,100,99924,100
2019-06-28 09:37:45.099221951,100091,194,100027,194,100092,194,99968,194,100123,194,99955,194,100132,194,99954,194,100150,294,99949,194,100171,100,99947,100,100211,100,99944,100,100367,100,99937,100,100490,100,99936,100,100622,100,99924,100
2019-06-28 09:37:50.000000000,100091,260,100027,260,100092,255,99968,255,100123,255,99955,255,100132,100,99954,100,100150,200,99949,100,100171,100,99947,100,100211,100,99944,100,100367,100,99937,100,100490,100,99936,100,100622,100,99924,100
2019-06-28 09:38:00.000000000,100091,260,100027,260,100092,255,99968,255,100123,255,99955,255,100132,100,99954,100,100150,200,99949,100,100171,100,99947,100,100211,100,99944,100,100367,100,99937,100,100490,100,99936,100,100622,100,99924,100
2019-06-28 09:38:10.000000000,100091,218,100027,218,100092,218,99968,218,100123,218,99955,218,100132,218,99954,218,100150,200,99949,100,100171,100,99947,100,100211,100,99944,100,100367,100,99937,100,100490,100,99936,100,100622,100,99924,100
2019-06-28 09:38:20.000000000,100091,570,100027,570,100092,100,99968,100,100123,100,99955,100,100132,100,99954,100,100150,200,99949,100,100171,100,99947,100,100211,100,99944,100,100367,100,99937,100,100490,100,99936,100,100622,100,99924,100
2019-06-28 09:38:25.938052737,100091,570,100027,470,100092,100,99968,100,100123,100,99955,100,100132,100,99954,100,100150,200,99949,100,100171,100,99947,100,100211,100,99944,100,100367,100,99937,100,100490,100,99936,100,100622,100,99924,100
2019-06-28 09:38:28.694476606,100082,100,100027,470,100091,570,99968,100,100092,100,99955,100,100123,100,99954,100,100132,100,99949,100,100150,200,99947,100,100171,100,99937,100,100211,100,99936,100,100367,100,99924,100,100490,100,99916,100
2019-06-28 09:38:30.000000000,100082,194,99968,194,100091,194,99955,194,100092,194,99954,194,100123,194,99949,194,100132,194,99947,194,100150,200,99937,100,100171,100,99936,100,100211,100,99924,100,100367,100,99916,100,100490,100,99913,100
2019-06-28 09:38:40.000000000,100082,570,99968,570,100091,100,99955,100,100092,100,99954,100,100123,100,99949,100,100132,100,99947,100,100150,200,99937,100,100171,100,99936,100,100211,100,99924,100,100367,100,99916,100,100490,100,99913,100
2019-06-28 09:38:50.000000000,100082,570,99968,570,100091,100,99955,100,100092,100,99954,100,100123,100,99949,100,100132,100,99947,100,100150,200,99937,100,100171,100,99936,100,100211,100,99924,100,100367,100,99916,100,100490,100,99913,100
2019-06-28 09:38:53.442130572,100082,570,99968,470,100091,100,99955,100,100092,100,99954,100,100123,100,99949,100,100132,100,99947,100,100150,200,99937,100,100171,100,99936,100,100367,100,99924,100,100490,100,99916,100,100622,100,99913,100
2019-06-28 09:39:00.000000000,100082,194,99955,194,100091,194,99954,194,100092,194,99949,194,100123,194,99947,194,100132,194,99937,194,100150,200,99936,100,100171,100,99924,100,100367,100,99916,100,100490,100,99913,100,100622,100,99902,100
2019-06-28 09:39:10.000000000,100082,260,99955,260,100091,255,99954,255,100092,255,99949,255,100123,100,99947,100,100132,100,99937,100,100150,200,99936,100,100171,100,99924,100,100367,100,99916,100,100490,100,99913,100,100622,100,99902,100
2019-06-28 09:39:10.324695292,100006,100,99955,260,100082,260,99954,255,100091,255,99949,255,100092,255,99947,100,100123,100,99937,100,100132,100,99936,100,100150,200,99924,100,100171,100,99916,100,100367,100,99913,100,100490,100,99902,100
2019-06-28 09:39:19.328343297,100006,100,99955,160,100082,260,99954,255,100091,255,99949,255,100092,255,99947,100,100123,100,99937,100,100132,100,99936,100,100150,200,99916,100,100171,100,99913,100,100367,100,99902,100,100490,100,99873,100
2019-06-28 09:39:20.000000000,100006,260,99954,260,100082,255,99949,255,100091,255,99947,255,100092,100,99937,100,100123,100,99936,100,100132,100,99916,100,100150,200,99913,100,100171,100,99902,100,100367,100,99873,100,100490,100,99849,100
2019-06-28 09:39:30.000000000,100006,194,99954,194,100082,194,99949,194,100091,194,99947,194,100092,194,99937,194,100123,194,99936,194,100132,100,99916,100,100150,200,99913,100,100171,100,99902,100,100367,100,99873,100,100490,100,99849,100
2019-06-28 09:39:39.986877002,100006,94,99954,194,100082,194,99949,194,100091,194,99947,194,100092,194,99937,194,100123,194,99936,194,100132,100,99916,100,100150,200,99913,100,100171,100,99902,100,100367,100,99873,100,100490,100,99849,100
2019-06-28 09:39:40.000000000,100082,218,99954,218,100091,218,99949,218,100092,218,99947,218,100123,218,99937,218,100132,100,99936,100,100150,200,99916,100,100171,100,99913,100,100367,100,99902,100,100490,100,99873,100,100622,100,99849,100
2019-06-28 09:39:50.000000000,100082,335,99954,335,100091,335,99949,335,100092,100,99947,100,100123,100,99937,100,100132,100,99936,100,100150,200,99916,100,100171,100,99913,100,100367,100,99902,100,100490,100,99873,100,100622,100,99849,100
2019-06-28 09:40:00.000000000,100082,260,99954,260,100091,255,99949,255,100092,255,99947,255,100123,100,99937,100,100132,100,99936,100,100150,200,99916,100,100171,100,99913,100,100367,100,99902,100,100490,100,99873,100,100622,100,99849,100
2019-06-28 09:40:06.084508585,100082,260,99964,100,100091,255,99954,260,100092,255,99949,255,100123,100,99947,255,100132,100,99937,100,100150,200,99936,100,100171,100,99916,100,100367,100,99913,100,100490,100,99902,100,100622,100,99873,100
2019-06-28 09:40:07.034804335,100082,260,99964,100,100091,255,99956,100,100092,255,99954,260,100123,100,99949,255,100132,100,99947,255,100150,200,99937,100,100171,100,99936,100,100367,100,99916,100,100490,100,99913,100,100622,100,99902,100
2019-06-28 09:40:08.173871218,100082,260,100035,100,100091,255,99964,100,100092,255,99956,100,100123,100,99954,260,100132,100,99949,255,100150,200,99947,255,100171,100,99937,100,100367,100,99936,100,100490,100,99916,100,100622,100,99913,100
2019-06-28 09:40:09.416216488,100082,260,100035,100,100091,255,99964,100,100092,355,99956,100,100123,100,99954,260,100132,100,99949,255,100150,200,99947,255,100171,100,99937,100,100367,100,99936,100,100490,100,99916,100,100622,100,99913,100
2019-06-28 09:40:10.000000000,100082,260,100035,260,100091,255,99964,255,100092,355,99956,255,100123,100,99954,100,100132,100,99949,100,100150,200,99947,100,100171,100,99937,100,100367,100,99936,100,100490,100,99916,100,100622,100,99913,100
2019-06-28 09:40:16.154591591,100082,260,100035,260,100091,255,99964,255,100092,455,99956,255,100123,100,99954,100,100132,100,99949,100,100150,200,99947,100,100171,100,99937,100,100367,100,99936,100,100490,100,99916,100,100622,100,99913,100
2019-06-28 09:40:17.889876722,100082,260,100035,260,100091,255,99974,100,100092,455,99964,255,100123,100,99956,255,100132,100,99954,100,100150,200,99949,100,100171,100,99947,100,100367,100,99937,100,100490,100,99936,100,100622,100,99916,100
2019-06-28 09:40:20.000000000,100082,218,100035,218,100091,218,99974,218,100092,418,99964,218,100123,218,99956,218,100132,100,99954,100,100150,200,99949,100,100171,100,99947,100,100367,100,99937,100,100490,100,99936,100,100622,100,99916,100
2019-06-28 09:40:30.000000000,100082,194,100035,194,100091,194,99974,194,100092,394,99964,194,100123,194,99956,194,100132,194,99954,194,100150,200,99949,100,100171,100,99947,100,100367,100,99937,100,100490,100,99936,100,100622,100,99916,100
2019-06-28 09:40:31.693550455,100082,194,100035,194,100091,194,99974,194,100092,394,99964,194,100123,194,99956,294,100132,194,99954,194,100150,200,99949,100,100171,100,99947,100,100367,100,99937,100,100490,100,99936,100,100622,100,99916,100
2019-06-28 09:40:40.000000000,100082,335,100035,335,100091,335,99974,335,100092,300,99964,100,100123,100,99956,200,100132,100,99954,100,100150,200,99949,100,100171,100,99947,100,100367,100,99937,100,100490,100,99936,100,100622,100,99916,100
2019-06-28 09:40:50.000000000,100082,335,100035,335,100091,335,99974,335,100092,300,99964,100,100123,100,99956,200,100132,100,99954,100,100150,200,99949,100,100171,100,99947,100,100367,100,99937,100,100490,100,99936,100,100622,100,99916,100
2019-06-28 09:41:00.000000000,100082,260,100035,260,100091,255,99974,255,100092,455,99964,255,100123,100,99956,200,100132,100,99954,100,100150,200,99949,100,100171,100,99947,100,100367,100,99937,100,100490,100,99936,100,100622,100,99916,100
2019-06-28 09:41:10.000000000,100082,194,100035,194,100091,194,99974,194,100092,394,99964,194,100123,194,99956,294,100132,194,99954,194,100150,200,99949,100,100171,100,99947,100,100367,100,99937,100,100490,100,99936,100,100622,100,99916,100
2019-06-28 09:41:20.000000000,100082,570,100035,570,100091,100,99974,100,100092,300,99964,100,100123,100,99956,200,100132,100,99954,100,100150,200,99949,100,100171,100,99947,100,100367,100,99937,100,100490,100,99936,100,100622,100,99916,100
2019-06-28 09:41:21.759352386,100082,570,100035,570,100091,100,99974,100,100092,300,99964,100,100123,100,99956,200,100132,100,99954,100,100150,100,99949,100,100171,100,99947,100,100367,100,99937,100,100490,100,99936,100,100622,100,99916,100
2019-06-28 09:41:30.000000000,100082,260,100035,260,100091,255,99974,255,100092,455,99964,255,100123,100,99956,200,100132,100,99954,100,100150,100,99949,100,100171,100,99947,100,100367,100,99937,100,100490,100,99936,100,100622,100,99916,100
2019-06-28 09:41:40.000000000,100082,194,100035,194,100091,194,99974,194,100092,394,99964,194,100123,194,99956,294,100132,194,99954,194,100150,100,99949,100,100171,100,99947,100,100367,100,99937,100,100490,100,99936,100,100622,100,99916,100
2019-06-28 09:41:50.000000000,100082,335,100035,335,100091,335,99974,335,100092,300,99964,100,100123,100,99956,200,100132,100,99954,100,100150,100,99949,100,100171,100,99947,100,100367,100,99937,100,100490,100,99936,100,100622,100,99916,100
2019-06-28 09:41:58.005078626,100082,335,100035,335,100091,335,99974,335,100092,300,99964,100,100123,100,99956,200,100132,100,99954,100,100150,100,99949,100,100171,100,99947,100,100367,100,99937,100,100490,100,99936,100,100622,100,99916,100
2019-06-28 09:42:00.000000000,100082,570,100035,570,100091,100,99974,100,100092,300,99964,100,100123,100,99956,200,100132,100,99954,100,100150,100,99949,100,100171,100,99947,100,100367,100,99937,100,100490,100,99936,100,100622,100,99916,100
2019-06-28 09:42:10.000000000,100082,260,100035,260,100091,255,99974,255,100092,455,99964,255,100123,100,99956,200,100132,100,99954,100,100150,100,99949,100,100171,100,99947,100,100367,100,99937,100,100490,100,99936,100,100622,100,99916,100
2019-06-28 09:42:20.000000000,100082,335,100035,335,100091,335,99974,335,100092,300,99964,100,100123,100,99956,200,100132,100,99954,100,100150,100,99949,100,100171,100,99947,100,100367,100,99937,100,100490,100,99936,100,100622,100,99916,100
2019-06-28 09:42:30.000000000,100082,570,100035,570,100091,100,99974,100,100092,300,99964,100,100123,100,99956,200,100132,100,99954,100,100150,100,99949,100,100171,100,99947,100,100367,100,99937,100,100490,100,99936,100,100622,100,99916,100
2019-06-28 09:42:40.000000000,100082,218,100035,218,100091,218,99974,218,100092,418,99964,218,100123,218,99956,318,100132,100,99954,100,100150,100,99949,100,100171,100,99947,100,100367,100,99937,100,100490,100,99936,100,100622,100,99916,100
2019-06-28 09:42:46.601291454,100082,218,100035,218,100091,218,99974,218,100092,418,99964,218,100123,218,99956,318,100132,100,99954,100,100150,100,99949,100,100171,100,99947,100,100367,100,99937,100,100490,100,99936,100,100622,100,99916,100
2019-06-28 09:42:50.000000000,100082,570,100035,570,100091,100,99974,100,100092,300,99964,100,100123,100,99956,200,100132,100,99954,100,100150,100,99949,100,100171,100,99947,100,100367,100,99937,100,100490,100,99936,100,100622,100,99916,100
2019-06-28 09:43:00.000000000,100082,570,100035,570,100091,100,99974,100,100092,300,99964,100,100123,100,99956,200,100132,100,99954,100,100150,100,99949,100,100171,100,99947,100,100367,100,99937,100,100490,100,99936,100,100622,100,99916,100
2019-06-28 09:43:02.775375696,100082,570,100035,470,100091,100,99974,100,100092,300,99964,100,100123,100,99956,200,100132,100,99954,100,100150,100,99949,100,100171,100,99947,100,100367,100,99937,100,100490,100,99936,100,100816,100,99916,100
2019-06-28 09:43:10.000000000,100082,335,99974,335,100091,335,99964,335,100092,300,99956,200,100123,100,99954,100,100132,100,99949,100,100150,100,99947,100,100171,100,99937,100,100367,100,99936,100,100490,100,99916,100,100816,100,99913,100
2019-06-28 09:43:20.000000000,100082,194,99974,194,100091,194,99964,194,100092,394,99956,294,100123,194,99954,194,100132,194,99949,194,100150,100,99947,100,100171,100,99937,100,100367,100,99936,100,100490,100,99916,100,100816,100,99913,100
2019-06-28 09:43:20.858122187,100082,194,99974,194,100091,194,99964,194,100092,394,99956,294,100123,194,99954,194,100132,194,99949,194,100150,100,99947,100,100171,100,99937,100,100367,100,99936,100,100490,100,99916,100,100816,100,99913,100
2019-06-28 09:43:30.000000000,100082,335,99974,335,100091,335,99964,335,100092,300,99956,200,100123,100,99954,100,100132,100,99949,100,100150,100,99947,100,100171,100,99937,100,100367,100,99936,100,100490,100,99916,100,100816,100,99913,100
2019-06-28 09:43:33.985332947,100005,100,99974,335,100082,335,99964,335,100091,335,99956,200,100092,300,99954,100,100123,100,99949,100,100132,100,99947,100,100150,100,99937,100,100171,100,99936,100,100367,100,99916,100,100490,100,99913,100
2019-06-28 09:43:40.000000000,100005,570,99974,570,100082,100,99964,100,100091,100,99956,200,100092,300,99954,100,100123,100,99949,100,100132,100,99947,100,100150,100,99937,100,100171,100,99936,100,100367,100,99916,100,100490,100,99913,100
2019-06-28 09:43:50.000000000,100005,194,99974,194,100082,194,99964,194,100091,194,99956,294,100092,394,99954,194,100123,194,99949,194,100132,100,99947,100,100150,100,99937,100,100171,100,99936,100,100367,100,99916,100,100490,100,99913,100
2019-06-28 09:43:52.420675706,100005,194,99974,94,100082,194,99964,194,100091,194,99956,294,100092,394,99954,194,100123,194,99949,194,100132,100,99947,100,100150,100,99937,100,100171,100,99936,100,100367,100,99916,100,100490,100,99913,100
2019-06-28 09:44:00.000000000,100005,335,99964,335,100082,335,99956,435,100091,100,99954,100,100092,300,99949,100,100123,100,99947,100,100132,100,99937,100,100150,100,99936,100,100171,100,99916,100,100367,100,99913,100,100490,100,99902,100
2019-06-28 09:44:02.275089011,100005,335,99990,100,100082,335,99964,335,100091,100,99956,435,100092,300,99954,100,100132,100,99949,100,100150,100,99947,100,100171,100,99937,100,100367,100,99936,100,100490,100,99916,100,100816,100,99913,100
2019-06-28 09:44:06.729310355,100005,335,99990,100,100082,335,99964,335,100091,100,99956,335,100092,300,99954,100,100132,100,99949,100,100150,100,99947,100,100171,100,99937,100,100367,100,99936,100,100490,100,99916,100,100816,100,99913,100
2019-06-28 09:44:09.065009721,100005,335,99964,335,100082,335,99956,335,100091,100,99954,100,100092,300,99949,100,100132,100,99947,100,100150,100,99937,100,100171,100,99936,100,100367,100,99916,100,100490,100,99913,100,100816,100,99902,100
2019-06-28 09:44:10.000000000,100005,570,99964,570,100082,100,99956,100,100091,100,99954,100,100092,300,99949,100,100132,100,99947,100,100150,100,99937,100,100171,100,99936,100,100367,100,99916,100,100490,100,99913,100,100816,100,99902,100
2019-06-28 09:44:10.260706886,100005,470,99974,100,100082,100,99964,570,100091,100,99956,100,100092,300,99954,100,100132,100,99949,100,100150,100,99947,100,100171,100,99937,100,100367,100,99936,100,100490,100,99916,100,100816,100,99913,100
2019-06-28 09:44:20.000000000,100082,194,99974,194,100091,194,99964,194,100092,394,99956,194,100132,194,99954,194,100150,194,99949,194,100171,100,99947,100,100367,100,99937,100,100490,100,99936,100,100816,100,99916,100,100928,100,99913,100
2019-06-28 09:44:24.167216007,100082,194,99974,194,100091,194,99964,194,100092,394,99956,194,100132,194,99954,194,100150,194,99949,194,100171,100,99947,100,100367,100,99937,100,100490,100,99936,100,100816,100,99916,100,100989,100,99913,100
2019-06-28 09:44:30.000000000,100082,194,99974,194,100091,194,99964,194,100092,394,99956,194,100132,194,99954,194,100150,194,99949,194,100171,100,99947,100,100367,100,99937,100,100490,100,99936,100,100816,100,99916,100,100989,100,99913,100
2019-06-28 09:44:30.873407246,99990,100,99974,194,100082,194,99964,194,100091,94,99956,194,100092,394,99954,194,100132,194,99949,194,100150,194,99947,100,100171,100,99937,100,100367,100,99936,100,100490,100,99916,100,100816,100,99913,100
2019-06-28 09:44:37.519687950,99990,100,99974,194,100082,194,99964,194,100091,94,99956,194,100092,394,99954,194,100132,194,99949,194,100150,194,99947,100,100171,100,99937,100,100367,100,99936,100,100490,100,99916,100,100816,100,99913,100
2019-06-28 09:44:39.697609351,99990,100,99974,94,100082,194,99964,194,100091,94,99956,194,100092,394,99954,194,100132,94,99949,194,100150,194,99947,100,100171,100,99937,100,100367,100,99936,100,100490,100,99916,100,100816,100,99913,100
2019-06-28 09:44:40.000000000,99990,194,99964,194,100082,194,99956,194,100092,394,99954,194,100150,194,99949,194,100171,194,99947,194,100367,100,99937,100,100490,100,99936,100,100816,100,99916,100,100989,100,99913,100,101092,100,99902,100
2019-06-28 09:44:46.392222887,99990,194,99964,94,100082,194,99956,194,100092,394,99954,194,100150,194,99949,194,100171,194,99947,194,100367,100,99937,100,100816,100,99936,100,100989,100,99916,100,101092,100,99913,100,,,99902,100
2019-06-28 09:44:50.000000000,99990,218,99956,218,100082,218,99954,218,100092,418,99949,218,100150,218,99947,218,100171,100,99937,100,100367,100,99936,100,100816,100,99916,100,100989,100,99913,100,101092,100,99902,100,,,99873,100
2019-06-28 09:44:50.212318816,99974,100,99956,218,99990,218,99954,218,100082,218,99949,218,100092,418,99947,218,100150,218,99937,100,100171,100,99936,100,100367,100,99916,100,100816,100,99913,100,100989,100,99902,100,101092,100,99873,100
2019-06-28 09:45:00.000000000,99974,335,99956,335,99990,335,99954,335,100082,100,99949,100,100092,300,99947,100,100150,100,99937,100,100171,100,99936,100,100367,100,99916,100,100816,100,99913,100,100989,100,99902,100,101092,100,99873,100
2019-06-28 09:45:02.321528337,99974,335,99956,335,99990,335,99954,335,100082,100,99949,100,100092,300,99947,100,100150,100,99937,100,100171,100,99936,100,100367,100,99916,100,100816,100,99913,100,100989,100,99902,100,101092,100,99873,100
2019-06-28 09:45:10.000000000,99974,218,99956,218,99990,218,99954,218,100082,218,99949,218,100092,418,99947,218,100150,100,99937,100,100171,100,99936,100,100367,100,99916,100,100816,100,99913,100,100989,100,99902,100,101092,100,99873,100
2019-06-28 09:45:19.599926024,99974,218,99956,218,99990,218,99954,218,100082,218,99949,218,100092,418,99948,100,100150,100,99947,218,100171,100,99937,100,100367,100,99936,100,100816,100,99916,100,100989,100,99913,100,101092,100,99902,100
2019-06-28 09:45:20.000000000,99974,335,99956,335,99990,335,99954,335,100082,100,99949,100,100092,300,99948,100,100150,100,99947,100,100171,100,99937,100,100367,100,99936,100,100816,100,99916,100,100989,100,99913,100,101092,100,99902,100
2019-06-28 09:45:26.707251463,99974,335,99956,335,99990,335,99954,335,100082,100,99949,100,100092,300,99948,100,100097,100,99947,100,100150,100,99937,100,100171,100,99936,100,100367,100,99916,100,100816,100,99913,100,100989,100,99902,100
2019-06-28 09:45:30.000000000,99974,335,99956,335,99990,335,99954,335,100082,100,99949,100,100092,300,99948,100,100097,100,99947,100,100150,100,99937,100,100171,100,99936,100,100367,100,99916,100,100816,100,99913,100,100989,100,99902,100
2019-06-28 09:45:40.000000000,99974,194,99956,194,99990,194,99954,194,100082,194,99949,194,100092,394,99948,194,100097,194,99947,194,100150,100,99937,100,100171,100,99936,100,100367,100,99916,100,100816,100,99913,100,100989,100,99902,100
2019-06-28 09:45:41.562368111,99974,194,99956,194,99990,194,99954,194,100082,194,99949,194,100092,394,99948,194,100097,194,99947,194,100150,100,99937,100,100171,100,99936,100,100203,100,99916,100,100367,100,99913,100,100816,100,99902,100
2019-06-28 09:45:46.869562892,99974,94,99956,194,99990,194,99954,194,100082,194,99949,194,100092,394,99948,194,100097,194,99947,194,100150,100,99937,100,100171,100,99936,100,100203,100,99916,100,100367,100,99913,100,100816,100,99902,100
2019-06-28 09:45:50.000000000,99990,570,99956,570,100082,100,99954,100,100092,300,99949,100,100097,100,99948,100,100150,100,99947,100,100171,100,99937,100,100203,100,99936,100,100367,100,99916,100,100816,100,99913,100,101092,100,99902,100
2019-06-28 09:45:51.606023817,99990,570,99989,100,100082,100,99956,570,100092,300,99954,100,100097,100,99949,100,100150,100,99948,100,100171,100,99947,100,100203,100,99937,100,100367,100,99936,100,100816,100,99916,100,101092,100,99913,100
2019-06-28 09:46:00.000000000,99990,335,99989,335,100082,335,99956,335,100092,300,99954,100,100097,100,99949,100,100150,100,99948,100,100171,100,99947,100,100203,100,99937,100,100367,100,99936,100,100816,100,99916,100,101092,100,99913,100
2019-06-28 09:46:04.443468981,99990,335,99989,335,100082,335,99956,335,100092,300,99954,100,100097,100,99949,100,100150,100,99948,100,100171,100,99947,100,100203,100,99937,100,100367,100,99936,100,100816,100,99916,100,101092,100,99913,100
2019-06-28 09:46:10.000000000,99990,260,99989,260,100082,255,99956,255,100092,455,99954,255,100097,100,99949,100,100150,100,99948,100,100171,100,99947,100,100203,100,99937,100,100367,100,99936,100,100816,100,99916,100,101092,100,99913,100
2019-06-28 09:46:17.616705198,99990,260,99989,160,100082,255,99956,255,100092,455,99954,255,100097,100,99949,100,100150,100,99948,100,100171,100,99947,100,100203,100,99937,100,100367,100,99936,100,100816,100,99916,100,101092,100,99913,100
2019-06-28 09:46:20.000000000,99990,335,99956,335,100082,335,99954,335,100092,300,99949,100,100097,100,99948,100,100150,100,99947,100,100171,100,99937,100,100203,100,99936,100,100367,100,99916,100,100816,100,99913,100,101092,100,99902,100
2019-06-28 09:46:20.929488367,99990,335,99956,335,100082,335,99954,335,100092,300,99949,100,100097,100,99948,100,100150,100,99947,100,100171,100,99937,100,100203,100,99936,100,100367,100,99916,100,100816,100,99913,100,101092,100,99902,100
2019-06-28 09:46:28.349764365,99990,335,99974,100,100082,335,99956,335,100092,300,99954,335,100097,100,99949,100,100150,100,99948,100,100171,100,99947,100,100203,100,99937,100,100367,100,99936,100,100816,100,99916,100,101092,100,99913,100
2019-06-28 09:46:30.000000000,99990,570,99974,570,100082,100,99956,100,100092,300,99954,100,100097,100,99949,100,100150,100,99948,100,100171,100,99947,100,100203,100,99937,100,100367,100,99936,100,100816,100,99916,100,101092,100,99913,100
2019-06-28 09:46:40.000000000,99990,335,99974,335,100082,335,99956,335,100092,300,99954,100,100097,100,99949,100,100150,100,99948,100,100171,100,99947,100,100203,100,99937,100,100367,100,99936,100,100816,100,99916,100,101092,100,99913,100
2019-06-28 09:46:50.000000000,99990,218,99974,218,100082,218,99956,218,100092,418,99954,218,100097,218,99949,218,100150,100,99948,100,100171,100,99947,100,100203,100,99937,100,100367,100,99936,100,100816,100,99916,100,101092,100,99913,100
2019-06-28 09:46:57.064220277,99990,218,99974,318,100082,218,99956,218,100092,418,99954,218,100097,218,99949,218,100150,100,99948,100,100171,100,99947,100,100203,100,99937,100,100367,100,99936,100,100816,100,99916,100,101092,100,99913,100
2019-06-28 09:47:00.000000000,99990,218,99974,318,100082,218,99956,218,100092,418,99954,218,100097,218,99949,218,100150,100,99948,100,100171,100,99947,100,100203,100,99937,100,100367,100,99936,100,100816,100,99916,100,101092,100,99913,100
2019-06-28 09:47:01.011097862,99990,118,99974,318,100082,218,99956,218,100092,418,99954,218,100097,218,99949,218,100150,100,99948,100,100171,100,99947,100,100203,100,99937,100,100367,100,99936,100,100816,100,99916,100,101092,100,99913,100
2019-06-28 09:47:10.000000000,100082,194,99974,294,100092,394,99956,194,100097,194,99954,194,100150,194,99949,194,100171,194,99948,194,100203,100,99947,100,100367,100,99937,100,100816,100,99936,100,101092,100,99916,100,,,99913,100
2019-06-28 09:47:12.075963396,100082,194,99977,100,100092,394,99974,294,100097,194,99956,194,100150,94,99954,194,100171,194,99949,194,100203,100,99948,194,100367,100,99947,100,100816,100,99937,100,101092,100,99936,100,,,99916,100
2019-06-28 09:47:20.000000000,100082,260,99977,260,100092,455,99974,355,100097,255,99956,255,100171,100,99954,100,100203,100,99949,100,100367,100,99948,100,100816,100,99947,100,101092,100,99937,100,,,99936,100,,,99916,100
2019-06-28 09:47:26.563088952,100082,160,99977,260,100092,455,99974,355,100097,255,99956,255,100171,100,99954,100,100203,100,99949,100,100367,100,99948,100,100816,100,99947,100,101092,100,99937,100,,,99936,100,,,99916,100
2019-06-28 09:47:30.000000000,100092,394,99977,194,100097,194,99974,294,100171,194,99956,194,100203,194,99954,194,100367,194,99949,194,100816,100,99948,100,101092,100,99947,100,,,99937,100,,,99936,100,,,99916,100
2019-06-28 09:47:33.639659430,100092,394,99977,194,100097,194,99974,294,100171,194,99956,194,100203,194,99954,194,100305,100,99949,194,100367,194,99948,100,100816,100,99947,100,101092,100,99937,100,,,99936,100,,,99916,100
2019-06-28 09:47:40.000000000,100092,770,99977,570,100097,100,99974,200,100171,100,99956,100,100203,100,99954,100,100305,100,99949,100,100367,100,99948,100,100816,100,99947,100,101092,100,99937,100,,,99936,100,,,99916,100
2019-06-28 09:47:50.000000000,100092,770,99977,570,100097,100,99974,200,100171,100,99956,100,100203,100,99954,100,100305,100,99949,100,100367,100,99948,100,100816,100,99947,100,101092,100,99937,100,,,99936,100,,,99916,100
2019-06-28 09:48:00.000000000,100092,460,99977,260,100097,255,99974,355,100171,255,99956,255,100203,100,99954,100,100305,100,99949,100,100367,100,99948,100,100816,100,99947,100,101092,100,99937,100,,,99936,100,,,99916,100
2019-06-28 09:48:02.861661517,100092,360,99977,260,100097,255,99974,355,100171,255,99956,255,100203,100,99954,100,100305,100,99949,100,100367,100,99948,100,100816,100,99947,100,101092,100,99937,100,,,99936,100,,,99916,100
2019-06-28 09:48:10.000000000,100092,435,99977,335,100097,335,99974,435,100171,100,99956,100,100203,100,99954,100,100305,100,99949,100,100367,100,99948,100,100816,100,99947,100,101092,100,99937,100,,,99936,100,,,99916,100
2019-06-28 09:48:14.657726160,100092,435,100082,100,100097,335,99977,335,100171,100,99974,435,100203,100,99956,100,100305,100,99954,100,100367,100,99949,100,100816,100,99948,100,101092,100,99947,100,,,99937,100,,,99936,100
2019-06-28 09:48:20.000000000,100092,318,100082,218,100097,218,99977,218,100171,218,99974,318,100203,218,99956,218,100305,100,99954,100,100367,100,99949,100,100816,100,99948,100,101092,100,99947,100,,,99937,100,,,99936,100
2019-06-28 09:48:22.522464080,100092,218,100082,218,100097,218,99977,218,100171,218,99974,318,100203,118,99956,218,100305,100,99954,100,100367,100,99949,100,100816,100,99948,100,101092,100,99947,100,,,99937,100,,,99936,100
2019-06-28 09:48:30.000000000,100092,570,100082,570,100097,100,99977,100,100171,100,99974,200,100305,100,99956,100,100367,100,99954,100,100816,100,99949,100,101092,100,99948,100,,,99947,100,,,99937,100,,,99936,100
2019-06-28 09:48:31.904688818,100092,470,100082,570,100097,100,99977,100,100171,100,99974,200,100305,100,99956,100,100367,100,99954,100,100464,100,99949,100,100816,100,99948,100,101092,100,99947,100,,,99937,100,,,99936,100
2019-06-28 09:48:39.375682361,100092,470,100082,570,100097,100,99977,100,100171,100,99974,200,100305,100,99956,100,100310,100,99954,100,100367,100,99949,100,100464,100,99948,100,100816,100,99947,100,101092,100,99937,100,,,99936,100
2019-06-28 09:48:40.000000000,100097,218,100082,218,100171,218,99977,218,100305,218,99974,318,100310,218,99956,218,100367,100,99954,100,100464,100,99949,100,100816,100,99948,100,101092,100,99947,100,,,99937,100,,,99936,100
2019-06-28 09:48:50.000000000,100097,218,100082,218,100171,218,99977,218,100305,218,99974,318,100310,218,99956,218,100367,100,99954,100,100464,100,99949,100,100816,100,99948,100,101092,100,99947,100,,,99937,100,,,99936,100
2019-06-28 09:49:00.000000000,100097,260,100082,260,100171,255,99977,255,100305,255,99974,355,100310,100,99956,100,100367,100,99954,100,100464,100,99949,100,100816,100,99948,100,101092,100,99947,100,,,99937,100,,,99936,100
2019-06-28 09:49:00.441218327,100097,260,100082,260,100171,255,99977,255,100305,255,99974,355,100310,100,99956,100,100367,100,99954,100,100464,100,99949,100,100545,100,99948,100,100816,100,99947,100,101092,100,99937,100,,,99936,100
2019-06-28 09:49:10.000000000,100097,218,100082,218,100171,218,99977,218,100305,218,99974,318,100310,218,99956,218,100367,100,99954,100,100464,100,99949,100,100545,100,99948,100,100816,100,99947,100,101092,100,99937,100,,,99936,100
2019-06-28 09:49:20.000000000,100097,218,100082,218,100171,218,99977,218,100305,218,99974,318,100310,218,99956,218,100367,100,99954,100,100464,100,99949,100,100545,100,99948,100,100816,100,99947,100,101092,100,99937,100,,,99936,100
2019-06-28 09:49:25.677961478,100097,218,100092,100,100171,218,100082,218,100305,218,99977,218,100310,218,99974,318,100367,100,99956,218,100464,100,99954,100,100545,100,99949,100,100816,100,99948,100,101092,100,99947,100,,,99937,100
2019-06-28 09:49:28.443295660,100097,218,100092,200,100171,218,100082,218,100305,218,99977,218,100310,218,99974,218,100367,100,99956,218,100464,100,99954,100,100545,100,99949,100,100816,100,99948,100,101092,100,99947,100,,,99937,100
2019-06-28 09:49:29.786488289,100097,218,100092,200,100171,218,100082,218,100305,218,99977,218,100310,118,99974,218,100337,100,99956,218,100367,100,99954,100,100464,100,99949,100,100545,100,99948,100,100816,100,99947,100,101092,100,99937,100
2019-06-28 09:49:30.000000000,100097,260,100092,360,100171,255,100082,255,100305,255,99977,255,100337,100,99974,100,100367,100,99956,100,100464,100,99954,100,100545,100,99949,100,100816,100,99948,100,101092,100,99947,100,,,99937,100
2019-06-28 09:49:33.817742313,100097,260,100092,360,100171,255,100082,255,100211,100,99977,255,100305,255,99974,100,100337,100,99956,100,100367,100,99954,100,100464,100,99949,100,100545,100,99948,100,100816,100,99947,100,101092,100,99937,100
2019-06-28 09:49:40.000000000,100097,194,100092,294,100171,194,100082,194,100211,194,99977,194,100305,194,99974,194,100337,194,99956,194,100367,100,99954,100,100464,100,99949,100,100545,100,99948,100,100816,100,99947,100,101092,100,99937,100
2019-06-28 09:49:40.595226837,100097,194,100092,294,100171,194,100082,194,100211,194,99977,194,100305,194,99974,194,100337,194,99956,194,100367,100,99954,100,100399,100,99949,100,100464,100,99948,100,100545,100,99947,100,100816,100,99937,100
2019-06-28 09:49:50.000000000,100097,335,100092,435,100171,335,100082,335,100211,100,99977,100,100305,100,99974,100,100337,100,99956,100,100367,100,99954,100,100399,100,99949,100,100464,100,99948,100,100545,100,99947,100,100816,100,99937,100
2019-06-28 09:50:00.000000000,100097,570,100092,670,100171,100,100082,100,100211,100,99977,100,100305,100,99974,100,100337,100,99956,100,100367,100,99954,100,100399,100,99949,100,100464,100,99948,100,100545,100,99947,100,100816,100,99937,100
2019-06-28 09:50:10.000000000,100097,260,100092,360,100171,255,100082,255,100211,255,99977,255,100305,100,99974,100,100337,100,99956,100,100367,100,99954,100,100399,100,99949,100,100464,100,99948,100,100545,100,99947,100,100816,100,99937,100
2019-06-28 09:50:12.645299819,100097,260,100092,360,100171,255,100082,255,100211,255,99977,255,100305,100,99974,100,100337,100,99956,100,100367,100,99949,100,100399,100,99948,100,100464,100,99947,100,100545,100,99937,100,100618,100,99936,100
2019-06-28 09:50:20.000000000,100097,260,100092,360,100171,255,100082,255,100211,255,99977,255,100305,100,99974,100,100337,100,99956,100,100367,100,99949,100,100399,100,99948,100,100464,100,99947,100,100545,100,99937,100,100618,100,99936,100
2019-06-28 09:50:30.000000000,100097,218,100092,318,100171,218,100082,218,100211,218,99977,218,100305,218,99974,218,100337,100,99956,100,100367,100,99949,100,100399,100,99948,100,100464,100,99947,100,100545,100,99937,100,100618,100,99936,100
2019-06-28 09:50:33.871861576,100097,218,100092,218,100171,218,100082,218,100211,218,99977,218,100305,218,99974,218,100337,100,99956,100,100367,100,99949,100,100399,100,99948,100,100464,100,99947,100,100545,100,99937,100,100618,100,99936,100
2019-06-28 09:50:36.378558461,100097,118,100092,218,100171,218,100082,218,100211,218,99977,218,100305,218,99974,218,100337,100,99956,100,100367,100,99949,100,100399,100,99948,100,100464,100,99947,100,100545,100,99937,100,100618,100,99936,100
2019-06-28 09:50:40.000000000,100171,335,100092,335,100211,335,100082,335,100305,100,99977,100,100337,100,99974,100,100367,100,99956,100,100399,100,99949,100,100464,100,99948,100,100545,100,99947,100,100618,100,99937,100,100816,100,99936,100
2019-06-28 09:50:48.796422592,100171,335,100121,100,100211,335,100092,335,100305,100,100082,335,100337,100,99974,100,100367,100,99956,100,100399,100,99949,100,100464,100,99948,100,100545,100,99947,100,100618,100,99937,100,100816,100,99936,100
2019-06-28 09:50:50.000000000,100171,194,100121,194,100211,194,100092,194,100305,194,100082,194,100337,194,99974,194,100367,194,99956,194,100399,100,99949,100,100464,100,99948,100,100545,100,99947,100,100618,100,99937,100,100816,100,99936,100
2019-06-28 09:51:00.000000000,100171,335,100121,335,100211,335,100092,335,100305,100,100082,100,100337,100,99974,100,100367,100,99956,100,100399,100,99949,100,100464,100,99948,100,100545,100,99947,100,100618,100,99937,100,100816,100,99936,100
2019-06-28 09:51:10.000000000,100171,260,100121,260,100211,255,100092,255,100305,255,100082,255,100337,100,99974,100,100367,100,99956,100,100399,100,99949,100,100464,100,99948,100,100545,100,99947,100,100618,100,99937,100,100816,100,99936,100
2019-06-28 09:51:20.000000000,100171,194,100121,194,100211,194,100092,194,100305,194,100082,194,100337,194,99974,194,100367,194,99956,194,100399,100,99949,100,100464,100,99948,100,100545,100,99947,100,100618,100,99937,100,100816,100,99936,100
2019-06-28 09:51:28.930953674,100171,194,100121,194,100211,194,100092,194,100305,194,100082,194,100337,194,99974,194,100367,194,99956,194,100399,100,99948,100,100464,100,99947,100,100545,100,99937,100,100618,100,99936,100,100816,100,99916,100
2019-06-28 09:51:30.000000000,100171,194,100121,194,100211,194,100092,194,100305,194,100082,194,100337,194,99974,194,100367,194,99956,194,100399,100,99948,100,100464,100,99947,100,100545,100,99937,100,100618,100,99936,100,100816,100,99916,100
2019-06-28 09:51:39.681507399,100171,94,100121,194,100211,194,100092,194,100305,194,100082,194,100337,194,99974,194,100367,194,99956,194,100399,100,99948,100,100464,100,99947,100,100545,100,99937,100,100618,100,99936,100,100816,100,99916,100
2019-06-28 09:51:40.000000000,100211,570,100121,570,100305,100,100092,100,100337,100,100082,100,100367,100,99974,100,100399,100,99956,100,100464,100,99948,100,100545,100,99947,100,100618,100,99937,100,100816,100,99936,100,101092,100,99916,100
2019-06-28 09:51:50.000000000,100211,570,100121,570,100305,100,100092,100,100337,100,100082,100,100367,100,99974,100,100399,100,99956,100,100464,100,99948,100,100545,100,99947,100,100618,100,99937,100,100816,100,99936,100,101092,100,99916,100
2019-06-28 09:51:57.521102816,100170,100,100121,570,100211,570,100092,100,100305,100,100082,100,100337,100,99974,100,100367,100,99956,100,100399,100,99948,100,100464,100,99947,100,100545,100,99937,100,100618,100,99936,100,100816,100,99916,100
2019-06-28 09:52:00.000000000,100170,570,100121,570,100211,100,100092,100,100305,100,100082,100,100337,100,99974,100,100367,100,99956,100,100399,100,99948,100,100464,100,99947,100,100545,100,99937,100,100618,100,99936,100,100816,100,99916,100
2019-06-28 09:52:00.875813895,100150,100,100121,570,100170,570,100092,100,100211,100,100082,100,100305,100,99974,100,100337,100,99956,100,100367,100,99948,100,100399,100,99947,100,100464,100,99937,100,100545,100,99936,100,100618,100,99916,100
2019-06-28 09:52:08.488999754,100150,100,100121,470,100170,570,100092,100,100211,100,100082,100,100305,100,99974,100,100337,100,99956,100,100367,100,99948,100,100399,100,99947,100,100464,100,99937,100,100545,100,99916,100,100618,100,99913,100
2019-06-28 09:52:10.000000000,100150,218,100092,218,100170,218,100082,218,100211,218,99974,218,100305,218,99956,218,100337,100,99948,100,100367,100,99947,100,100399,100,99937,100,100464,100,99916,100,100545,100,99913,100,100618,100,99873,100
2019-06-28 09:52:20.000000000,100150,194,100092,194,100170,194,100082,194,100211,194,99974,194,100305,194,99956,194,100337,194,99948,194,100367,100,99947,100,100399,100,99937,100,100464,100,99916,100,100545,100,99913,100,100618,100,99873,100
2019-06-28 09:52:30.000000000,100150,570,100092,570,100170,100,100082,100,100211,100,99974,100,100305,100,99956,100,100337,100,99948,100,100367,100,99947,100,100399,100,99937,100,100464,100,99916,100,100545,100,99913,100,100618,100,99873,100
2019-06-28 09:52:32.421706518,100150,570,100092,570,100170,100,100082,100,100211,100,99974,100,100305,100,99956,100,100321,100,99948,100,100337,100,99947,100,100367,100,99916,100,100399,100,99913,100,100464,100,99873,100,100545,100,99842,100
2019-06-28 09:52:33.628183643,100150,570,100122,100,100170,100,100092,570,100211,100,100082,100,100305,100,99974,100,100321,100,99956,100,100337,100,99948,100,100367,100,99947,100,100399,100,99916,100,100464,100,99913,100,100545,100,99873,100
2019-06-28 09:52:39.574985198,100150,470,100122,100,100170,100,100092,570,100211,100,100082,100,100305,100,99974,100,100321,100,99956,100,100337,100,99948,100,100367,100,99947,100,100399,100,99916,100,100464,100,99913,100,100545,100,99873,100
2019-06-28 09:52:40.000000000,100170,218,100122,218,100211,218,100092,218,100305,218,100082,218,100321,218,99974,218,100337,100,99956,100,100367,100,99948,100,100399,100,99947,100,100464,100,99916,100,100545,100,99913,100,100618,100,99873,100
2019-06-28 09:52:44.510998468,100170,118,100122,218,100211,218,100092,218,100305,218,100082,218,100321,218,99974,218,100337,100,99956,100,100367,100,99948,100,100399,100,99947,100,100464,100,99916,100,100545,100,99913,100,100618,100,99873,100
2019-06-28 09:52:49.004707428,100170,118,100123,100,100211,218,100122,218,100305,218,100092,218,100321,218,100082,218,100337,100,99974,218,100367,100,99956,100,100399,100,99948,100,100464,100,99947,100,100545,100,99916,100,100618,100,99913,100
2019-06-28 09:52:50.000000000,100211,194,100123,194,100305,194,100122,194,100321,194,100092,194,100337,194,100082,194,100367,194,99974,194,100399,100,99956,100,100464,100,99948,100,100545,100,99947,100,100618,100,99916,100,100816,100,99913,100
2019-06-28 09:53:00.000000000,100211,194,100123,194,100305,194,100122,194,100321,194,100092,194,100337,194,100082,194,100367,194,99974,194,100399,100,99956,100,100464,100,99948,100,100545,100,99947,100,100618,100,99916,100,100816,100,99913,100
2019-06-28 09:53:00.938873452,100211,194,100184,100,100305,194,100123,194,100321,194,100122,194,100337,194,100092,194,100367,194,100082,194,100464,100,99974,194,100545,100,99956,100,100618,100,99948,100,100816,100,99947,100,101092,100,99916,100
2019-06-28 09:53:10.000000000,100211,570,100184,570,100305,100,100123,100,100321,100,100122,100,100337,100,100092,100,100367,100,100082,100,100464,100,99974,100,100545,100,99956,100,100618,100,99948,100,100816,100,99947,100,101092,100,99916,100
2019-06-28 09:53:17.375628295,100211,570,100184,570,100321,100,100123,100,100337,100,100122,100,100367,100,100092,100,100464,100,100082,100,100545,100,99974,100,100618,100,99956,100,100701,100,99948,100,100816,100,99947,100,101092,100,99916,100
2019-06-28 09:53:20.000000000,100211,570,100184,570,100321,100,100123,100,100337,100,100122,100,100367,100,100092,100,100464,100,100082,100,100545,100,99974,100,100618,100,99956,100,100701,100,99948,100,100816,100,99947,100,101092,100,99916,100
2019-06-28 09:53:30.000000000,100211,335,100184,335,100321,335,100123,335,100337,100,100122,100,100367,100,100092,100,100464,100,100082,100,100545,100,99974,100,100618,100,99956,100,100701,100,99948,100,100816,100,99947,100,101092,100,99916,100
2019-06-28 09:53:37.643819047,100211,335,100184,335,100321,335,100123,435,100337,100,100122,100,100367,100,100092,100,100464,100,100082,100,100545,100,99974,100,100618,100,99956,100,100701,100,99948,100,100816,100,99947,100,101092,100,99916,100
2019-06-28 09:53:40.000000000,100211,570,100184,570,100321,100,100123,200,100337,100,100122,100,100367,100,100092,100,100464,100,100082,100,100545,100,99974,100,100618,100,99956,100,100701,100,99948,100,100816,100,99947,100,101092,100,99916,100
2019-06-28 09:53:47.669638081,100211,470,100184,570,100321,100,100123,200,100337,100,100122,100,100367,100,100092,100,100464,100,100082,100,100545,100,99974,100,100618,100,99956,100,100701,100,99948,100,100816,100,99947,100,101092,100,99916,100
2019-06-28 09:53:50.000000000,100321,335,100184,335,100337,335,100123,435,100367,100,100122,100,100464,100,100092,100,100545,100,100082,100,100618,100,99974,100,100701,100,99956,100,100816,100,99948,100,101092,100,99947,100,,,99916,100
2019-06-28 09:53:57.523164331,100321,335,100184,335,100337,335,100123,435,100367,100,100122,100,100464,100,100092,100,100545,100,100082,100,100618,100,99974,100,100701,100,99956,100,100706,100,99948,100,100816,100,99947,100,101092,100,99913,100
2019-06-28 09:53:59.914011838,100321,235,100184,335,100337,335,100123,435,100367,100,100122,100,100464,100,100092,100,100545,100,100082,100,100618,100,99974,100,100701,100,99956,100,100816,100,99948,100,101092,100,99947,100,,,99913,100
2019-06-28 09:54:00.000000000,100337,570,100184,570,100367,100,100123,200,100464,100,100122,100,100545,100,100092,100,100618,100,100082,100,100701,100,99974,100,100816,100,99956,100,101092,100,99948,100,,,99947,100,,,99913,100
2019-06-28 09:54:10.000000000,100337,570,100184,570,100367,100,100123,200,100464,100,100122,100,100545,100,100092,100,100618,100,100082,100,100701,100,99974,100,100816,100,99956,100,101092,100,99948,100,,,99947,100,,,99913,100
2019-06-28 09:54:20.000000000,100337,194,100184,194,100367,194,100123,294,100464,194,100122,194,100545,194,100092,194,100618,194,100082,194,100701,100,99974,100,100816,100,99956,100,101092,100,99948,100,,,99947,100,,,99913,100
2019-06-28 09:54:23.383979529,100337,194,100184,194,100367,194,100123,294,100419,100,100122,194,100464,194,100092,194,100545,194,100082,194,100618,194,99974,100,100701,100,99956,100,100816,100,99948,100,101092,100,99947,100,,,99913,100
2019-06-28 09:54:30.000000000,100337,260,100184,260,100367,255,100123,355,100419,255,100122,255,100464,100,100092,100,100545,100,100082,100,100618,100,99974,100,100701,100,99956,100,100816,100,99948,100,101092,100,99947,100,,,99913,100
2019-06-28 09:54:40.000000000,100337,194,100184,194,100367,194,100123,294,100419,194,100122,194,100464,194,100092,194,100545,194,100082,194,100618,100,99974,100,100701,100,99956,100,100816,100,99948,100,101092,100,99947,100,,,99913,100
2019-06-28 09:54:48.399492501,100337,194,100184,94,100367,194,100123,294,100419,194,100122,194,100464,194,100092,194,100545,194,100082,194,100618,100,99974,100,100701,100,99956,100,100816,100,99947,100,101092,100,99913,100,,,99873,100
2019-06-28 09:54:50.000000000,100337,260,100123,360,100367,255,100122,255,100419,255,100092,255,100464,100,100082,100,100545,100,99974,100,100618,100,99956,100,100701,100,99947,100,100816,100,99913,100,101092,100,99873,100,,,99842,100
2019-06-28 09:54:54.687308148,100337,260,100123,360,100367,255,100122,255,100419,255,100092,255,100464,100,100082,100,100545,100,99974,100,100618,100,99969,100,100701,100,99956,100,100816,100,99947,100,101092,100,99913,100,,,99873,100
2019-06-28 09:55:00.000000000,100337,218,100123,318,100367,218,100122,218,100419,218,100092,218,100464,218,100082,218,100545,100,99974,100,100618,100,99969,100,100701,100,99956,100,100816,100,99947,100,101092,100,99913,100,,,99873,100
2019-06-28 09:55:04.493379579,100337,218,100249,100,100367,218,100123,318,100419,218,100122,218,100464,218,100092,218,100545,100,100082,218,100618,100,99974,100,100701,100,99969,100,100816,100,99956,100,101092,100,99947,100,,,99913,100
2019-06-28 09:55:10.000000000,100337,335,100249,335,100367,335,100123,435,100419,100,100122,100,100464,100,100092,100,100545,100,100082,100,100618,100,99974,100,100701,100,99969,100,100816,100,99956,100,101092,100,99947,100,,,99913,100
2019-06-28 09:55:16.101766876,100337,335,100249,335,100367,335,100201,100,100419,100,100123,435,100464,100,100122,100,100545,100,100092,100,100618,100,100082,100,100701,100,99974,100,100816,100,99969,100,101092,100,99956,100,,,99947,100
2019-06-28 09:55:20.000000000,100337,335,100249,335,100367,335,100201,335,100419,100,100123,200,100464,100,100122,100,100545,100,100092,100,100618,100,100082,100,100701,100,99974,100,100816,100,99969,100,101092,100,99956,100,,,99947,100
2019-06-28 09:55:24.670878696,100320,100,100249,335,100337,335,100201,335,100367,335,100123,200,100419,100,100122,100,100464,100,100092,100,100545,100,100082,100,100618,100,99974,100,100701,100,99969,100,100816,100,99956,100,101092,100,99947,100
2019-06-28 09:55:30.000000000,100320,194,100249,194,100337,194,100201,194,100367,194,100123,294,100419,194,100122,194,100464,194,100092,194,100545,100,100082,100,100618,100,99974,100,100701,100,99969,100,100816,100,99956,100,101092,100,99947,100
2019-06-28 09:55:40.000000000,100320,218,100249,218,100337,218,100201,218,100367,218,100123,318,100419,218,100122,218,100464,100,100092,100,100545,100,100082,100,100618,100,99974,100,100701,100,99969,100,100816,100,99956,100,101092,100,99947,100
2019-06-28 09:55:49.970141155,100320,218,100249,218,100337,218,100201,218,100367,218,100123,318,100419,218,100122,218,100453,100,100092,100,100464,100,100082,100,100545,100,99974,100,100618,100,99969,100,100701,100,99956,100,100816,100,99947,100
2019-06-28 09:55:50.000000000,100320,194,100249,194,100337,194,100201,194,100367,194,100123,294,100419,194,100122,194,100453,194,100092,194,100464,100,100082,100,100545,100,99974,100,100618,100,99969,100,100701,100,99956,100,100816,100,99947,100
2019-06-28 09:55:57.690446152,100320,194,100249,194,100337,194,100201,194,100367,194,100123,294,100419,194,100122,194,100453,194,100092,194,100464,100,100082,100,100545,100,99974,100,100618,100,99969,100,100701,100,99956,100,100816,100,99947,100
2019-06-28 09:56:00.000000000,100320,335,100249,335,100337,335,100201,335,100367,100,100123,200,100419,100,100122,100,100453,100,100092,100,100464,100,100082,100,100545,100,99974,100,100618,100,99969,100,100701,100,99956,100,100816,100,99947,100
2019-06-28 09:56:00.046771293,100320,335,100249,235,100337,335,100201,335,100367,100,100123,200,100419,100,100122,100,100453,100,100092,100,100464,100,100082,100,100545,100,99974,100,100618,100,99969,100,100701,100,99956,100,100816,100,99947,100
2019-06-28 09:56:05.673958474,100320,335,100249,135,100337,335,100201,335,100367,100,100123,200,100419,100,100122,100,100453,100,100092,100,100464,100,100082,100,100545,100,99974,100,100618,100,99969,100,100701,100,99956,100,100816,100,99947,100
2019-06-28 09:56:10.000000000,100320,570,100201,570,100337,100,100123,200,100367,100,100122,100,100419,100,100092,100,100453,100,100082,100,100464,100,99974,100,100545,100,99969,100,100618,100,99956,100,100701,100,99947,100,100816,100,99913,100
2019-06-28 09:56:16.301730145,100320,570,100201,470,100337,100,100123,200,100367,100,100122,100,100419,100,100092,100,100453,100,100082,100,100464,100,99974,100,100545,100,99969,100,100618,100,99956,100,100701,100,99947,100,100816,100,99913,100
2019-06-28 09:56:17.327916703,100249,100,100201,470,100320,570,100123,200,100337,100,100122,100,100367,100,100092,100,100419,100,100082,100,100453,100,99974,100,100464,100,99969,100,100545,100,99956,100,100618,100,99947,100,100701,100,99913,100
2019-06-28 09:56:20.000000000,100249,335,100123,435,100320,335,100122,335,100337,100,100092,100,100367,100,100082,100,100419,100,99974,100,100453,100,99969,100,100464,100,99956,100,100545,100,99947,100,100618,100,99913,100,100701,100,99873,100
2019-06-28 09:56:24.372024742,100249,335,100123,435,100320,335,100122,335,100337,100,100092,100,100367,100,100082,100,100419,100,99974,100,100453,100,99969,100,100464,100,99956,100,100545,100,99947,100,100618,100,99913,100,100701,100,99896,100
2019-06-28 09:56:30.000000000,100249,194,100123,294,100320,194,100122,194,100337,194,100092,194,100367,194,100082,194,100419,194,99974,194,100453,100,99969,100,100464,100,99956,100,100545,100,99947,100,100618,100,99913,100,100701,100,99896,100
2019-06-28 09:56:40.000000000,100249,570,100123,670,100320,100,100122,100,100337,100,100092,100,100367,100,100082,100,100419,100,99974,100,100453,100,99969,100,100464,100,99956,100,100545,100,99947,100,100618,100,99913,100,100701,100,99896,100
2019-06-28 09:56:44.494418256,100249,570,100123,570,100320,100,100122,100,100337,100,100092,100,100367,100,100082,100,100419,100,99974,100,100453,100,99969,100,100464,100,99956,100,100545,100,99947,100,100618,100,99913,100,100701,100,99896,100
2019-06-28 09:56:50.000000000,100249,194,100123,194,100320,194,100122,194,100337,194,100092,194,100367,194,100082,194,100419,194,99974,194,100453,100,99969,100,100464,100,99956,100,100545,100,99947,100,100618,100,99913,100,100701,100,99896,100
2019-06-28 09:56:52.649395456,100249,194,100123,194,100320,194,100122,194,100337,194,100092,194,100367,194,100082,194,100419,194,99981,100,100453,100,99974,194,100464,100,99969,100,100545,100,99956,100,100618,100,99947,100,100701,100,99913,100
2019-06-28 09:57:00.000000000,100249,260,100123,260,100320,255,100122,255,100337,255,100092,255,100367,100,100082,100,100419,100,99981,100,100453,100,99974,100,100464,100,99969,100,100545,100,99956,100,100618,100,99947,100,100701,100,99913,100
2019-06-28 09:57:10.000000000,100249,335,100123,335,100320,335,100122,335,100337,100,100092,100,100367,100,100082,100,100419,100,99981,100,100453,100,99974,100,100464,100,99969,100,100545,100,99956,100,100618,100,99947,100,100701,100,99913,100
2019-06-28 09:57:20.000000000,100249,194,100123,194,100320,194,100122,194,100337,194,100092,194,100367,194,100082,194,100419,194,99981,194,100453,100,99974,100,100464,100,99969,100,100545,100,99956,100,100618,100,99947,100,100701,100,99913,100
2019-06-28 09:57:30.000000000,100249,335,100123,335,100320,335,100122,335,100337,100,100092,100,100367,100,100082,100,100419,100,99981,100,100453,100,99974,100,100464,100,99969,100,100545,100,99956,100,100618,100,99947,100,100701,100,99913,100
2019-06-28 09:57:40.000000000,100249,335,100123,335,100320,335,100122,335,100337,100,100092,100,100367,100,100082,100,100419,100,99981,100,100453,100,99974,100,100464,100,99969,100,100545,100,99956,100,100618,100,99947,100,100701,100,99913,100
2019-06-28 09:57:50.000000000,100249,194,100123,194,100320,194,100122,194,100337,194,100092,194,100367,194,100082,194,100419,194,99981,194,100453,100,99974,100,100464,100,99969,100,100545,100,99956,100,100618,100,99947,100,100701,100,99913,100
2019-06-28 09:57:56.927570841,100249,94,100123,194,100320,194,100122,194,100337,194,100092,194,100367,194,100082,194,100419,94,99981,194,100453,100,99974,100,100464,100,99969,100,100545,100,99956,100,100618,100,99947,100,100701,100,99913,100
2019-06-28 09:58:00.000000000,100320,218,100123,218,100337,218,100122,218,100367,218,100092,218,100453,218,100082,218,100464,100,99981,100,100545,100,99974,100,100618,100,99969,100,100701,100,99956,100,100816,100,99947,100,,,99913,100
2019-06-28 09:58:04.729922953,100320,218,100123,218,100337,218,100122,218,100367,218,100092,218,100453,218,100082,218,100464,100,99981,100,100545,100,99974,100,100618,100,99969,100,100701,100,99956,100,100744,100,99947,100,100816,100,99913,100
2019-06-28 09:58:10.000000000,100320,218,100123,218,100337,218,100122,218,100367,218,100092,218,100453,218,100082,218,100464,100,99981,100,100545,100,99974,100,100618,100,99969,100,100701,100,99956,100,100744,100,99947,100,100816,100,99913,100
2019-06-28 09:58:20.000000000,100320,194,100123,194,100337,194,100122,194,100367,194,100092,194,100453,194,100082,194,100464,194,99981,194,100545,100,99974,100,100618,100,99969,100,100701,100,99956,100,100744,100,99947,100,100816,100,99913,100
2019-06-28 09:58:30.000000000,100320,570,100123,570,100337,100,100122,100,100367,100,100092,100,100453,100,100082,100,100464,100,99981,100,100545,100,99974,100,100618,100,99969,100,100701,100,99956,100,100744,100,99947,100,100816,100,99913,100
2019-06-28 09:58:31.763213056,100320,570,100281,100,100337,100,100123,570,100367,100,100122,100,100453,100,100092,100,100464,100,100082,100,100545,100,99981,100,100618,100,99974,100,100701,100,99969,100,100744,100,99956,100,100816,100,99947,100
2019-06-28 09:58:38.207924284,100320,570,100123,570,100337,100,100122,100,100367,100,100092,100,100453,100,100082,100,100464,100,99981,100,100545,100,99974,100,100618,100,99969,100,100701,100,99956,100,100744,100,99947,100,100816,100,99913,100
2019-06-28 09:58:40.000000000,100320,218,100123,218,100337,218,100122,218,100367,218,100092,218,100453,218,100082,218,100464,100,99981,100,100545,100,99974,100,100618,100,99969,100,100701,100,99956,100,100744,100,99947,100,100816,100,99913,100
2019-06-28 09:58:49.760962573,100320,218,100123,218,100337,218,100122,218,100367,218,100092,218,100453,218,100082,218,100464,100,100081,100,100545,100,99981,100,100618,100,99974,100,100701,100,99969,100,100744,100,99956,100,100816,100,99947,100
2019-06-28 09:58:50.000000000,100320,194,100123,194,100337,194,100122,194,100367,194,100092,194,100453,194,100082,194,100464,194,100081,194,100545,100,99981,100,100618,100,99974,100,100701,100,99969,100,100744,100,99956,100,100816,100,99947,100
2019-06-28 09:58:50.598321971,100320,194,100219,100,100337,94,100123,194,100367,194,100122,194,100453,194,100092,194,100464,194,100082,194,100545,100,100081,194,100618,100,99981,100,100701,100,99974,100,100744,100,99969,100,100816,100,99956,100
2019-06-28 09:58:57.073652149,100320,194,100219,100,100337,94,100131,100,100367,194,100123,194,100453,194,100122,194,100464,194,100092,194,100545,100,100082,194,100618,100,100081,194,100701,100,99981,100,100744,100,99974,100,100816,100,99969,100
2019-06-28 09:58:59.576234512,100320,194,100219,100,100337,94,100123,194,100367,194,100122,194,100453,194,100092,194,100464,194,100082,194,100545,100,100081,194,100618,100,100051,100,100701,100,99981,100,100744,100,99974,100,100816,100,99969,100
2019-06-28 09:59:00.000000000,100320,260,100219,260,100367,255,100123,255,100453,255,100122,255,100464,100,100092,100,100545,100,100082,100,100618,100,100081,100,100701,100,100051,100,100744,100,99981,100,100816,100,99974,100,,,99969,100
2019-06-28 09:59:06.159898296,100271,100,100219,260,100320,260,100123,255,100367,255,100122,255,100453,255,100092,100,100464,100,100082,100,100545,100,100081,100,100618,100,100051,100,100701,100,99981,100,100744,100,99974,100,100816,100,99969,100
2019-06-28 09:59:10.000000000,100271,570,100219,570,100320,100,100123,100,100367,100,100122,100,100453,100,100092,100,100464,100,100082,100,100545,100,100081,100,100618,100,100051,100,100701,100,99981,100,100744,100,99974,100,100816,100,99969,100
2019-06-28 09:59:20.000000000,100271,194,100219,194,100320,194,100123,194,100367,194,100122,194,100453,194,100092,194,100464,194,100082,194,100545,100,100081,100,100618,100,100051,100,100701,100,99981,100,100744,100,99974,100,100816,100,99969,100
2019-06-28 09:59:20.895935877,100271,194,100219,194,100320,194,100123,194,100367,194,100122,194,100453,194,100092,194,100464,194,100082,194,100545,100,100081,100,100618,100,100051,100,100701,100,99981,100,100744,100,99974,100,100816,100,99969,100
2019-06-28 09:59:30.000000000,100271,260,100219,260,100320,255,100123,255,100367,255,100122,255,100453,100,100092,100,100464,100,100082,100,100545,100,100081,100,100618,100,100051,100,100701,100,99981,100,100744,100,99974,100,100816,100,99969,100
2019-06-28 09:59:32.522163187,100271,260,100219,260,100320,255,100123,255,100367,255,100122,255,100453,100,100092,100,100464,100,100081,100,100545,100,100051,100,100618,100,99981,100,100701,100,99974,100,100744,100,99969,100,100816,100,99956,100
2019-06-28 09:59:40.000000000,100271,218,100219,218,100320,218,100123,218,100367,218,100122,218,100453,218,100092,218,100464,100,100081,100,100545,100,100051,100,100618,100,99981,100,100701,100,99974,100,100744,100,99969,100,100816,100,99956,100
2019-06-28 09:59:50.000000000,100271,194,100219,194,100320,194,100123,194,100367,194,100122,194,100453,194,100092,194,100464,194,100081,194,100545,100,100051,100,100618,100,99981,100,100701,100,99974,100,100744,100,99969,100,100816,100,99956,100
2019-06-28 09:59:50.796925596,100271,194,100226,100,100320,194,100219,194,100367,194,100123,194,100453,194,100122,194,100464,194,100092,194,100545,100,100081,194,100618,100,100051,100,100701,100,99981,100,100744,100,99974,100,100816,100,99969,100
2019-06-28 09:59:57.960026540,100271,194,100226,100,100320,194,100219,194,100367,194,100123,194,100453,194,100122,194,100464,194,100092,194,100545,100,100082,100,100618,100,100081,194,100701,100,100051,100,100744,100,99981,100,100816,100,99974,100
2019-06-28 10:00:00.000000000,100271,218,100226,218,100320,218,100219,218,100367,218,100123,218,100453,218,100122,218,100464,100,100092,100,100545,100,100082,100,100618,100,100081,100,100701,100,100051,100,100744,100,99981,100,100816,100,99974,100
2019-06-28 10:00:03.888046382,100271,218,100226,218,100320,218,100219,218,100362,100,100123,218,100367,218,100122,218,100453,218,100092,100,100464,100,100082,100,100545,100,100081,100,100618,100,100051,100,100701,100,99981,100,100744,100,99974,100
2019-06-28 10:00:10.000000000,100271,194,100226,194,100320,194,100219,194,100362,194,100123,194,100367,194,100122,194,100453,194,100092,194,100464,100,100082,100,100545,100,100081,100,100618,100,100051,100,100701,100,99981,100,100744,100,99974,100
2019-06-28 10:00:20.000000000,100271,335,100226,335,100320,335,100219,335,100362,100,100123,100,100367,100,100122,100,100453,100,100092,100,100464,100,100082,100,100545,100,100081,100,100618,100,100051,100,100701,100,99981,100,100744,100,99974,100
2019-06-28 10:00:30.000000000,100271,570,100226,570,100320,100,100219,100,100362,100,100123,100,100367,100,100122,100,100453,100,100092,100,100464,100,100082,100,100545,100,100081,100,100618,100,100051,100,100701,100,99981,100,100744,100,99974,100
2019-06-28 10:00:37.408818258,100271,570,100226,470,100320,100,100219,100,100362,100,100123,100,100367,100,100122,100,100453,100,100092,100,100464,100,100082,100,100545,100,100081,100,100618,100,100051,100,100701,100,99981,100,100744,100,99974,100
2019-06-28 10:00:40.000000000,100271,194,100219,194,100320,194,100123,194,100362,194,100122,194,100367,194,100092,194,100453,194,100082,194,100464,100,100081,100,100545,100,100051,100,100618,100,99981,100,100701,100,99974,100,100744,100,99969,100
2019-06-28 10:00:43.013800451,100271,194,100219,194,100320,194,100123,194,100362,194,100122,194,100367,194,100092,194,100453,194,100082,194,100464,100,100081,100,100545,100,100051,100,100618,100,99981,100,100701,100,99974,100,100744,100,99969,100
2019-06-28 10:00:50.000000000,100271,570,100219,570,100320,100,100123,100,100362,100,100122,100,100367,100,100092,100,100453,100,100082,100,100464,100,100081,100,100545,100,100051,100,100618,100,99981,100,100701,100,99974,100,100744,100,99969,100
2019-06-28 10:00:51.570537329,100271,570,100219,570,100320,100,100123,100,100362,100,100122,100,100453,100,100092,100,100464,100,100082,200,100545,100,100081,100,100618,100,100051,100,100701,100,99981,100,100744,100,99974,100,100816,100,99969,100
2019-06-28 10:01:00.000000000,100271,570,100219,570,100320,100,100123,100,100362,100,100122,100,100453,100,100092,100,100464,100,100082,200,100545,100,100081,100,100618,100,100051,100,100701,100,99981,100,100744,100,99974,100,100816,100,99969,100
2019-06-28 10:01:01.927137504,100271,570,100219,470,100320,100,100123,100,100362,100,100122,100,100453,100,100092,100,100464,100,100082,200,100545,100,100081,100,100618,100,100051,100,100701,100,99981,100,100744,100,99974,100,100816,100,99969,100
2019-06-28 10:01:10.000000000,100271,335,100123,335,100320,335,100122,335,100362,100,100092,100,100453,100,100082,200,100464,100,100081,100,100545,100,100051,100,100618,100,99981,100,100701,100,99974,100,100744,100,99969,100,100816,100,99956,100
2019-06-28 10:01:14.155280523,100226,100,100123,235,100271,335,100122,335,100320,335,100092,100,100362,100,100082,200,100453,100,100081,100,100464,100,100051,100,100545,100,99981,100,100618,100,99974,100,100701,100,99969,100,100744,100,99956,100
2019-06-28 10:01:20.000000000,100226,218,100122,218,100271,218,100092,218,100320,218,100082,318,100362,218,100081,218,100453,100,100051,100,100464,100,99981,100,100545,100,99974,100,100618,100,99969,100,100701,100,99956,100,100744,100,99947,100
2019-06-28 10:01:27.007129726,100226,218,100220,100,100271,218,100122,218,100320,218,100092,218,100362,218,100082,318,100453,100,100081,218,100464,100,100051,100,100545,100,99981,100,100618,100,99974,100,100701,100,99969,100,100744,100,99956,100
2019-06-28 10:01:30.000000000,100226,570,100220,570,100271,100,100122,100,100320,100,100092,100,100362,100,100082,200,100453,100,100081,100,100464,100,100051,100,100545,100,99981,100,100618,100,99974,100,100701,100,99969,100,100744,100,99956,100
2019-06-28 10:01:40.000000000,100226,260,100220,260,100271,255,100122,255,100320,255,100092,255,100362,100,100082,200,100453,100,100081,100,100464,100,100051,100,100545,100,99981,100,100618,100,99974,100,100701,100,99969,100,100744,100,99956,100
2019-06-28 10:01:50.000000000,100226,260,100220,260,100271,255,100122,255,100320,255,100092,255,100362,100,100082,200,100453,100,100081,100,100464,100,100051,100,100545,100,99981,100,100618,100,99974,100,100701,100,99969,100,100744,100,99956,100
2019-06-28 10:01:50.290836086,100226,260,100220,260,100271,255,100122,255,100320,255,100092,255,100362,100,100082,200,100453,100,100081,100,100464,100,100051,100,100545,100,99981,100,100618,100,99974,100,100701,100,99969,100,100744,100,99956,100
2019-06-28 10:02:00.000000000,100226,194,100220,194,100271,194,100122,194,100320,194,100092,194,100362,194,100082,294,100453,194,100081,194,100464,100,100051,100,100545,100,99981,100,100618,100,99974,100,100701,100,99969,100,100744,100,99956,100
2019-06-28 10:02:10.000000000,100226,218,100220,218,100271,218,100122,218,100320,218,100092,218,100362,218,100082,318,100453,100,100081,100,100464,100,100051,100,100545,100,99981,100,100618,100,99974,100,100701,100,99969,100,100744,100,99956,100
2019-06-28 10:02:20.000000000,100226,260,100220,260,100271,255,100122,255,100320,255,100092,255,100362,100,100082,200,100453,100,100081,100,100464,100,100051,100,100545,100,99981,100,100618,100,99974,100,100701,100,99969,100,100744,100,99956,100
2019-06-28 10:02:28.368832813,100226,260,100220,260,100271,255,100122,255,100320,255,100092,255,100362,100,100082,200,100453,100,100081,100,100464,100,100051,100,100545,100,99981,100,100618,100,99974,100,100701,100,99969,100,100744,100,99956,100
2019-06-28 10:02:30.000000000,100226,570,100220,570,100271,100,100122,100,100320,100,100092,100,100362,100,100082,200,100453,100,100081,100,100464,100,100051,100,100545,100,99981,100,100618,100,99974,100,100701,100,99969,100,100744,100,99956,100
2019-06-28 10:02:40.000000000,100226,570,100220,570,100271,100,100122,100,100320,100,100092,100,100362,100,100082,200,100453,100,100081,100,100464,100,100051,100,100545,100,99981,100,100618,100,99974,100,100701,100,99969,100,100744,100,99956,100
2019-06-28 10:02:46.323288165,100226,570,100220,470,100271,100,100122,100,100320,100,100092,100,100362,100,100082,200,100453,100,100081,100,100464,100,100051,100,100545,100,99981,100,100618,100,99974,100,100701,100,99969,100,100744,100,99956,100
2019-06-28 10:02:50.000000000,100226,335,100122,335,100271,335,100092,335,100320,100,100082,200,100362,100,100081,100,100453,100,100051,100,100464,100,99981,100,100545,100,99974,100,100618,100,99969,100,100701,100,99956,100,100744,100,99947,100
2019-06-28 10:02:56.838916217,100226,335,100122,235,100271,335,100092,335,100320,100,100082,200,100362,100,100081,100,100453,100,100051,100,100545,100,99981,100,100618,100,99974,100,100701,100,99969,100,100744,100,99956,100,100816,100,99947,100
2019-06-28 10:03:00.000000000,100226,260,100092,260,100271,255,100082,355,100320,255,100081,255,100362,100,100051,100,100453,100,99981,100,100545,100,99974,100,100618,100,99969,100,100701,100,99956,100,100744,100,99947,100,100816,100,99896,100
2019-06-28 10:03:10.000000000,100226,335,100092,335,100271,335,100082,435,100320,100,100081,100,100362,100,100051,100,100453,100,99981,100,100545,100,99974,100,100618,100,99969,100,100701,100,99956,100,100744,100,99947,100,100816,100,99896,100
2019-06-28 10:03:20.000000000,100226,260,100092,260,100271,255,100082,355,100320,255,100081,255,100362,100,100051,100,100453,100,99981,100,100545,100,99974,100,100618,100,99969,100,100701,100,99956,100,100744,100,99947,100,100816,100,99896,100
2019-06-28 10:03:30.000000000,100226,570,100092,570,100271,100,100082,200,100320,100,100081,100,100362,100,100051,100,100453,100,99981,100,100545,100,99974,100,100618,100,99969,100,100701,100,99956,100,100744,100,99947,100,100816,100,99896,100
2019-06-28 10:03:30.593761454,100226,570,100092,570,100271,100,100082,200,100320,100,100081,100,100362,100,100051,100,100453,100,99981,100,100545,100,99974,100,100618,100,99969,100,100701,100,99956,100,100744,100,99947,100,100816,100,99921,100
2019-06-28 10:03:34.085717629,100226,570,100092,470,100271,100,100082,200,100320,100,100081,100,100362,100,100051,100,100453,100,99981,100,100545,100,99974,100,100618,100,99969,100,100701,100,99956,100,100744,100,99947,100,100816,100,99921,100
2019-06-28 10:03:40.000000000,100226,335,100082,435,100271,335,100081,335,100320,100,100051,100,100362,100,99981,100,100453,100,99974,100,100545,100,99969,100,100618,100,99956,100,100701,100,99947,100,100744,100,99921,100,100816,100,99896,100
2019-06-28 10:03:50.000000000,100226,570,100082,670,100271,100,100081,100,100320,100,100051,100,100362,100,99981,100,100453,100,99974,100,100545,100,99969,100,100618,100,99956,100,100701,100,99947,100,100744,100,99921,100,100816,100,99896,100
2019-06-28 10:03:52.075729820,100226,570,100082,670,100271,100,100081,100,100320,100,100051,100,100362,100,99981,100,100453,100,99974,100,100545,100,99969,100,100618,100,99956,100,100701,100,99947,100,100744,100,99921,100,100816,100,99896,100
2019-06-28 10:04:00.000000000,100226,335,100082,435,100271,335,100081,335,100320,100,100051,100,100362,100,99981,100,100453,100,99974,100,100545,100,99969,100,100618,100,99956,100,100701,100,99947,100,100744,100,99921,100,100816,100,99896,100
2019-06-28 10:04:10.000000000,100226,570,100082,670,100271,100,100081,100,100320,100,100051,100,100362,100,99981,100,100453,100,99974,100,100545,100,99969,100,100618,100,99956,100,100701,100,99947,100,100744,100,99921,100,100816,100,99896,100
2019-06-28 10:04:16.825915445,100226,570,100082,670,100271,100,100081,100,100320,100,100051,100,100362,100,99981,100,100453,100,99974,100,100545,100,99969,100,100618,100,99956,100,100701,100,99947,100,100744,100,99921,100,100816,100,99896,100
2019-06-28 10:04:18.017460441,100226,570,100082,670,100271,100,100081,100,100320,100,100051,100,100362,100,99981,100,100453,100,99974,100,100545,100,99969,100,100618,100,99956,100,100701,100,99947,100,100744,100,99921,100,100816,100,99896,100
2019-06-28 10:04:20.000000000,100226,570,100082,670,100271,100,100081,100,100320,100,100051,100,100362,100,99981,100,100453,100,99974,100,100545,100,99969,100,100618,100,99956,100,100701,100,99947,100,100744,100,99921,100,100816,100,99896,100
2019-06-28 10:04:30.000000000,100226,260,100082,360,100271,255,100081,255,100320,255,100051,255,100362,100,99981,100,100453,100,99974,100,100545,100,99969,100,100618,100,99956,100,100701,100,99947,100,100744,100,99921,100,100816,100,99896,100
2019-06-28 10:04:37.461031506,100122,100,100082,360,100226,260,100081,255,100271,255,100051,255,100320,255,99981,100,100362,100,99974,100,100453,100,99969,100,100545,100,99956,100,100618,100,99947,100,100701,100,99921,100,100744,100,99896,100
2019-06-28 10:04:40.000000000,100122,335,100082,435,100226,335,100081,335,100271,100,100051,100,100320,100,99981,100,100362,100,99974,100,100453,100,99969,100,100545,100,99956,100,100618,100,99947,100,100701,100,99921,100,100744,100,99896,100
2019-06-28 10:04:50.000000000,100122,260,100082,360,100226,255,100081,255,100271,255,100051,255,100320,100,99981,100,100362,100,99974,100,100453,100,99969,100,100545,100,99956,100,100618,100,99947,100,100701,100,99921,100,100744,100,99896,100
2019-06-28 10:05:00.000000000,100122,335,100082,435,100226,335,100081,335,100271,100,100051,100,100320,100,99981,100,100362,100,99974,100,100453,100,99969,100,100545,100,99956,100,100618,100,99947,100,100701,100,99921,100,100744,100,99896,100
2019-06-28 10:05:00.932829989,100122,335,100082,335,100226,335,100081,335,100271,100,100051,100,100320,100,99981,100,100362,100,99974,100,100453,100,99969,100,100545,100,99956,100,100618,100,99947,100,100701,100,99921,100,100744,100,99896,100
2019-06-28 10:05:10.000000000,100122,218,100082,218,100226,218,100081,218,100271,218,100051,218,100320,218,99981,218,100362,100,99974,100,100453,100,99969,100,100545,100,99956,100,100618,100,99947,100,100701,100,99921,100,100744,100,99896,100
2019-06-28 10:05:20.000000000,100122,218,100082,218,100226,218,100081,218,100271,218,100051,218,100320,218,99981,218,100362,100,99974,100,100453,100,99969,100,100545,100,99956,100,100618,100,99947,100,100701,100,99921,100,100744,100,99896,100
2019-06-28 10:05:30.000000000,100122,570,100082,570,100226,100,100081,100,100271,100,100051,100,100320,100,99981,100,100362,100,99974,100,100453,100,99969,100,100545,100,99956,100,100618,100,99947,100,100701,100,99921,100,100744,100,99896,100
2019-06-28 10:05:40.000000000,100122,260,100082,260,100226,255,100081,255,100271,255,100051,255,100320,100,99981,100,100362,100,99974,100,100453,100,99969,100,100545,100,99956,100,100618,100,99947,100,100701,100,99921,100,100744,100,99896,100
2019-06-28 10:05:43.355698985,100122,260,100093,100,100226,255,100082,260,100271,255,100081,255,100320,100,100051,255,100362,100,99981,100,100453,100,99974,100,100545,100,99969,100,100618,100,99956,100,100701,100,99947,100,100744,100,99921,100
2019-06-28 10:05:50.000000000,100122,570,100093,570,100226,100,100082,100,100271,100,100081,100,100320,100,100051,100,100362,100,99981,100,100453,100,99974,100,100545,100,99969,100,100618,100,99956,100,100701,100,99947,100,100744,100,99921,100
2019-06-28 10:06:00.000000000,100122,218,100093,218,100226,218,100082,218,100271,218,100081,218,100320,218,100051,218,100362,100,99981,100,100453,100,99974,100,100545,100,99969,100,100618,100,99956,100,100701,100,99947,100,100744,100,99921,100
2019-06-28 10:06:09.761408302,100122,218,100093,218,100226,218,100082,218,100271,218,100081,218,100279,100,100051,218,100320,218,99981,100,100362,100,99974,100,100453,100,99969,100,100545,100,99956,100,100618,100,99947,100,100701,100,99921,100
2019-06-28 10:06:10.000000000,100122,570,100093,570,100226,100,100082,100,100271,100,100081,100,100279,100,100051,100,100320,100,99981,100,100362,100,99974,100,100453,100,99969,100,100545,100,99956,100,100618,100,99947,100,100701,100,99921,100
2019-06-28 10:06:15.982044382,100122,570,100093,570,100226,100,100082,100,100271,100,100081,100,100279,100,100051,100,100320,100,99981,100,100362,100,99974,100,100453,100,99969,100,100527,100,99956,100,100545,100,99947,100,100618,100,99921,100
