,ask_price_1,ask_size_1,bid_price_1,bid_size_1,ask_price_2,ask_size_2,bid_price_2,bid_size_2,ask_price_3,ask_size_3,bid_price_3,bid_size_3,ask_price_4,ask_size_4,bid_price_4,bid_size_4,ask_price_5,ask_size_5,bid_price_5,bid_size_5,ask_price_6,ask_size_6,bid_price_6,bid_size_6,ask_price_7,ask_size_7,bid_price_7,bid_size_7,ask_price_8,ask_size_8,bid_price_8,bid_size_8,ask_price_9,ask_size_9,bid_price_9,bid_size_9,ask_price_10,ask_size_10,bid_price_10,bid_size_10
2019-06-28 09:30:00.000000001,,,99956,100,,,,,,,,,,,,,,,,,,,,,,,,,,,,,,,,,,,,
2019-06-28 09:30:00.000000002,,,99956,100,,,99951,100,,,99873,100,,,99868,100,,,,,,,,,,,,,,,,,,,,,,,,
2019-06-28 09:30:00.000000004,,,99956,100,,,99951,100,,,99936,100,,,99873,100,,,99868,100,,,,,,,,,,,,,,,,,,,,
2019-06-28 09:30:00.000000007,,,99956,100,,,99951,100,,,99936,100,,,99873,100,,,99868,100,,,99837,100,,,,,,,,,,,,,,,,
2019-06-28 09:30:00.000000009,,,100059,100,,,99974,100,,,99962,100,,,99956,100,,,99951,100,,,99936,100,,,99873,100,,,99868,100,,,99837,100,,,,
2019-06-28 09:30:00.000000012,,,100009,100,,,99974,100,,,99962,100,,,99956,100,,,99951,100,,,99936,100,,,99873,100,,,99868,100,,,99837,100,,,,
2019-06-28 09:30:00.000000015,,,99974,100,,,99962,100,,,99956,100,,,99951,100,,,99937,100,,,99936,100,,,99873,100,,,99868,100,,,99837,100,,,,
2019-06-28 09:30:00.000000016,100067,100,99974,100,,,99962,100,,,99956,100,,,99951,100,,,99937,100,,,99936,100,,,99873,100,,,99868,100,,,99837,100,,,,
2019-06-28 09:30:00.000000021,100067,100,99974,100,100292,100,99962,100,,,99956,100,,,99951,100,,,99937,100,,,99936,100,,,99880,100,,,99873,100,,,99868,100,,,99837,100
2019-06-28 09:30:00.000000022,100004,100,99974,100,100010,100,99962,100,100067,100,99956,200,100292,100,99951,100,,,99937,100,,,99936,100,,,99880,100,,,99873,100,,,99868,100,,,99837,100
2019-06-28 09:30:00.000000024,100004,100,99974,100,100010,100,99962,100,100018,100,99956,200,100067,100,99951,100,100084,100,99937,100,100292,100,99936,100,,,99880,100,,,99873,100,,,99868,100,,,99837,100
2019-06-28 09:30:00.000000026,100004,100,99974,100,100010,100,99962,100,100018,100,99956,200,100067,100,99951,100,100084,100,99937,100,100292,100,99936,100,,,99884,100,,,99880,100,,,99873,100,,,99868,100
2019-06-28 09:30:00.000000030,100004,100,99974,100,100010,100,99962,100,100018,100,99956,200,100059,100,99951,100,100067,100,99942,100,100084,100,99937,100,100292,100,99936,100,,,99884,100,,,99880,100,,,99873,100
2019-06-28 09:30:00.000000032,100004,100,99974,100,100010,100,99962,100,100018,100,99956,200,100059,100,99951,100,100067,100,99942,100,100084,100,99937,100,100292,100,99936,100,,,99901,100,,,99884,100,,,99880,100
2019-06-28 09:30:00.000000033,100009,100,99974,100,100010,100,99962,100,100018,100,99956,200,100059,100,99951,100,100067,100,99942,100,100084,100,99937,100,100292,100,99936,100,,,99901,100,,,99884,100,,,99880,100
2019-06-28 09:30:00.000000036,100009,100,99974,100,100010,100,99962,100,100018,100,99956,200,100059,100,99951,100,100067,100,99942,100,100084,100,99937,100,100292,100,99936,100,,,99901,100,,,99888,100,,,99884,100
2019-06-28 09:30:00.000000039,100009,100,99974,100,100010,100,99962,100,100018,100,99956,200,100053,100,99951,100,100059,100,99942,100,100067,100,99937,100,100084,100,99936,100,100292,100,99901,100,,,99888,100,,,99884,100
2019-06-28 09:30:00.000000040,100009,100,99974,100,100010,100,99962,100,100018,100,99956,200,100053,100,99951,100,100059,100,99942,100,100067,100,99937,100,100084,100,99936,100,100292,100,99901,100,,,99898,100,,,99888,100
2019-06-28 09:30:00.000000042,100010,100,99974,100,100018,100,99962,100,100053,100,99956,200,100059,100,99951,100,100067,100,99942,100,100084,100,99937,100,100098,100,99936,100,100292,100,99901,100,,,99898,100,,,99888,100
2019-06-28 09:30:00.000000045,100010,100,99974,100,100018,100,99962,100,100053,100,99956,200,100059,100,99951,100,100066,100,99942,100,100067,100,99937,100,100084,100,99936,100,100098,100,99901,100,100292,100,99898,100,,,99888,100
2019-06-28 09:30:00.000000046,100010,100,99974,100,100018,100,99962,100,100053,100,99956,200,100059,100,99951,100,100066,100,99942,100,100067,100,99937,100,100084,100,99936,100,100098,100,99901,100,100292,100,99898,100,,,99892,100
2019-06-28 09:30:00.000000050,100010,100,99962,100,100018,100,99956,200,100053,100,99951,100,100059,100,99942,100,100066,100,99937,100,100067,100,99936,100,100084,100,99901,100,100098,100,99898,100,100292,100,99892,100,,,99890,100
2019-06-28 09:30:00.000000054,100010,100,99962,100,100018,100,99956,200,100029,100,99951,100,100053,100,99942,100,100059,100,99937,100,100066,100,99936,100,100067,100,99901,100,100084,100,99898,100,100098,100,99892,100,100292,100,99890,100
2019-06-28 09:30:00.000000057,100010,100,99962,100,100018,100,99956,200,100029,100,99951,100,100053,100,99942,100,100058,100,99937,100,100059,100,99936,100,100066,100,99901,100,100067,100,99898,100,100084,100,99892,100,100098,100,99890,100
2019-06-28 09:30:00.000000060,100018,100,99962,100,100029,100,99956,200,100053,100,99951,100,100058,100,99942,100,100059,100,99937,100,100066,100,99936,100,100067,100,99901,100,100084,100,99898,100,100098,100,99892,100,100292,100,99890,100
2019-06-28 09:30:00.000000061,100010,100,99962,100,100018,100,99956,200,100029,100,99951,100,100053,100,99942,100,100058,100,99937,100,100059,100,99936,100,100066,100,99901,100,100067,100,99898,100,100084,100,99892,100,100098,100,99890,100
2019-06-28 09:30:00.000000063,100018,100,99962,100,100029,100,99956,200,100053,100,99951,100,100058,100,99942,100,100059,100,99937,100,100066,100,99936,100,100067,100,99901,100,100084,100,99898,100,100098,100,99892,100,100292,100,99890,100
2019-06-28 09:30:00.000000065,100010,100,99962,100,100018,100,99956,200,100029,100,99951,100,100053,100,99942,100,100058,100,99937,100,100059,100,99936,100,100066,100,99901,100,100067,100,99898,100,100084,100,99892,100,100098,100,99890,100
2019-06-28 09:30:00.000000066,100018,100,99962,100,100029,100,99956,200,100053,100,99951,100,100058,100,99942,100,100059,100,99937,100,100066,100,99936,100,100067,100,99901,100,100084,100,99898,100,100098,100,99892,100,100292,100,99890,100
2019-06-28 09:30:00.000000068,100015,100,99962,100,100018,100,99956,200,100029,100,99951,100,100053,100,99942,100,100058,100,99937,100,100059,100,99936,100,100066,100,99901,100,100067,100,99898,100,100084,100,99892,100,100098,100,99890,100
2019-06-28 09:30:00.000000069,100015,100,99962,100,100018,100,99956,200,100029,100,99951,100,100053,100,99942,100,100058,100,99937,100,100059,100,99936,100,100066,100,99901,100,100067,100,99898,100,100084,100,99892,100,100098,100,99890,100
2019-06-28 09:30:00.000000070,100010,100,99962,100,100015,100,99956,200,100018,100,99951,100,100029,100,99942,100,100053,100,99937,100,100058,100,99936,100,100059,100,99901,100,100066,100,99898,100,100067,100,99892,100,100084,100,99890,100
2019-06-28 09:30:00.000000071,100010,100,99962,100,100015,100,99956,200,100018,100,99951,100,100029,100,99942,100,100053,100,99937,100,100058,100,99936,100,100059,100,99901,100,100066,200,99898,100,100067,100,99892,100,100084,100,99890,100
2019-06-28 09:30:00.000000073,100010,100,99962,100,100015,100,99956,200,100018,100,99951,100,100029,100,99942,100,100053,100,99937,100,100058,100,99936,100,100059,100,99901,100,100066,200,99898,100,100067,100,99892,100,100084,100,99890,100
2019-06-28 09:30:00.000000075,100010,100,99962,100,100015,100,99956,200,100018,100,99951,100,100029,100,99942,100,100053,100,99937,100,100058,100,99936,100,100059,100,99910,100,100066,200,99901,100,100067,100,99898,100,100084,100,99892,100
2019-06-28 09:30:00.000000079,100010,100,99962,100,100015,100,99956,200,100018,100,99951,100,100029,100,99942,100,100053,100,99937,100,100058,100,99936,100,100059,100,99910,100,100066,200,99901,100,100067,100,99898,100,100084,100,99892,100
2019-06-28 09:30:00.000000082,100010,100,99976,100,100015,100,99962,100,100018,100,99956,200,100029,100,99951,100,100033,100,99942,100,100053,100,99937,100,100058,100,99936,100,100059,100,99910,100,100066,200,99901,100,100067,100,99898,100
2019-06-28 09:30:00.000000083,100010,100,99976,100,100015,100,99962,100,100018,100,99956,200,100029,100,99951,100,100033,100,99942,100,100053,100,99937,100,100058,100,99936,100,100059,100,99933,100,100066,200,99910,100,100067,100,99901,100
2019-06-28 09:30:00.000000089,100007,100,99976,100,100010,100,99962,100,100015,100,99956,200,100018,100,99951,100,100029,100,99942,100,100033,100,99937,100,100053,100,99936,100,100058,100,99933,100,100059,100,99910,100,100066,200,99901,100
2019-06-28 09:30:00.000000090,100007,100,99976,100,100010,100,99962,100,100015,100,99956,200,100018,100,99951,100,100029,100,99942,100,100033,100,99937,100,100047,100,99936,100,100053,100,99933,100,100058,100,99910,100,100059,100,99901,100
2019-06-28 09:30:00.000000093,100007,100,99976,100,100010,200,99962,100,100015,100,99956,200,100018,100,99951,100,100029,100,99942,100,100033,100,99937,100,100047,100,99936,100,100053,100,99933,100,100058,100,99910,100,100059,100,99901,100
2019-06-28 09:30:00.000000096,100007,100,99976,100,100010,200,99962,100,100015,100,99956,200,100018,100,99951,100,100023,100,99942,100,100029,100,99937,100,100033,100,99936,100,100047,100,99933,100,100053,100,99910,100,100058,100,99901,100
2019-06-28 09:30:00.000000097,100007,100,99976,100,100010,300,99962,100,100015,100,99956,200,100018,100,99951,100,100023,100,99942,100,100029,100,99937,100,100033,100,99936,100,100047,100,99933,100,100053,100,99910,100,100058,100,99901,100
2019-06-28 09:30:00.000000098,100007,100,99976,100,100010,400,99962,100,100015,100,99956,200,100018,100,99951,100,100023,100,99942,100,100029,100,99937,100,100033,100,99936,100,100047,100,99933,100,100053,100,99910,100,100058,100,99901,100
2019-06-28 09:30:10.000000000,100007,192,99976,192,100010,492,99962,192,100015,192,99956,292,100018,192,99951,192,100023,192,99942,192,100029,100,99937,100,100033,100,99936,100,100047,100,99933,100,100053,100,99910,100,100058,100,99901,100
2019-06-28 09:30:20.000000000,100007,562,99976,562,100010,400,99962,100,100015,100,99956,200,100018,100,99951,100,100023,100,99942,100,100029,100,99937,100,100033,100,99936,100,100047,100,99933,100,100053,100,99910,100,100058,100,99901,100
2019-06-28 09:30:30.000000000,100007,331,99976,331,100010,631,99962,331,100015,100,99956,200,100018,100,99951,100,100023,100,99942,100,100029,100,99937,100,100033,100,99936,100,100047,100,99933,100,100053,100,99910,100,100058,100,99901,100
2019-06-28 09:30:40.000000000,100007,257,99976,257,100010,552,99962,252,100015,252,99956,352,100018,100,99951,100,100023,100,99942,100,100029,100,99937,100,100033,100,99936,100,100047,100,99933,100,100053,100,99910,100,100058,100,99901,100
2019-06-28 09:30:46.327748396,100007,257,99976,257,100010,552,99962,252,100015,252,99956,352,100018,100,99951,100,100023,100,99942,100,100029,100,99937,100,100033,100,99936,100,100047,100,99933,100,100053,100,99910,100,100058,100,99901,100
2019-06-28 09:30:50.000000000,100007,216,99976,216,100010,516,99962,216,100015,216,99956,316,100018,216,99951,216,100023,100,99942,100,100029,100,99937,100,100033,100,99936,100,100047,100,99933,100,100053,100,99910,100,100058,100,99901,100
2019-06-28 09:31:00.000000000,100007,257,99976,257,100010,552,99962,252,100015,252,99956,352,100018,100,99951,100,100023,100,99942,100,100029,100,99937,100,100033,100,99936,100,100047,100,99933,100,100053,100,99910,100,100058,100,99901,100
2019-06-28 09:31:04.896246225,100007,257,99976,257,100010,552,99962,252,100015,152,99956,352,100018,100,99951,100,100023,100,99942,100,100029,100,99937,100,100033,100,99936,100,100047,100,99933,100,100053,100,99910,100,100058,100,99901,100
2019-06-28 09:31:10.000000000,100007,562,99976,562,100010,400,99962,100,100018,100,99956,200,100023,100,99951,100,100029,100,99942,100,100033,100,99937,100,100047,100,99936,100,100053,100,99933,100,100058,100,99910,100,100059,100,99901,100
2019-06-28 09:31:20.000000000,100007,562,99976,562,100010,400,99962,100,100018,100,99956,200,100023,100,99951,100,100029,100,99942,100,100033,100,99937,100,100047,100,99936,100,100053,100,99933,100,100058,100,99910,100,100059,100,99901,100
2019-06-28 09:31:22.968064468,100007,562,99976,562,100010,400,99962,100,100018,100,99956,200,100029,100,99951,100,100033,100,99942,100,100047,100,99937,100,100053,100,99936,100,100058,100,99933,100,100059,100,99910,100,100066,200,99901,100
2019-06-28 09:31:30.000000000,100007,257,99976,257,100010,552,99962,252,100018,252,99956,352,100029,100,99951,100,100033,100,99942,100,100047,100,99937,100,100053,100,99936,100,100058,100,99933,100,100059,100,99910,100,100066,200,99901,100
2019-06-28 09:31:40.000000000,100007,562,99976,562,100010,400,99962,100,100018,100,99956,200,100029,100,99951,100,100033,100,99942,100,100047,100,99937,100,100053,100,99936,100,100058,100,99933,100,100059,100,99910,100,100066,200,99901,100
2019-06-28 09:31:50.000000000,100007,562,99976,562,100010,400,99962,100,100018,100,99956,200,100029,100,99951,100,100033,100,99942,100,100047,100,99937,100,100053,100,99936,100,100058,100,99933,100,100059,100,99910,100,100066,200,99901,100
2019-06-28 09:32:00.000000000,100007,331,99976,331,100010,631,99962,331,100018,100,99956,200,100029,100,99951,100,100033,100,99942,100,100047,100,99937,100,100053,100,99936,100,100058,100,99933,100,100059,100,99910,100,100066,200,99901,100
2019-06-28 09:32:10.000000000,100007,331,99976,331,100010,631,99962,331,100018,100,99956,200,100029,100,99951,100,100033,100,99942,100,100047,100,99937,100,100053,100,99936,100,100058,100,99933,100,100059,100,99910,100,100066,200,99901,100
2019-06-28 09:32:13.731997537,100007,331,99976,231,100010,631,99962,331,100018,100,99956,200,100029,100,99951,100,100033,100,99942,100,100047,100,99937,100,100053,100,99936,100,100058,100,99933,100,100059,100,99910,100,100066,200,99901,100
2019-06-28 09:32:20.000000000,100007,192,99962,192,100010,492,99956,292,100018,192,99951,192,100029,192,99942,192,100033,192,99937,192,100047,100,99936,100,100053,100,99933,100,100058,100,99910,100,100059,100,99901,100,100066,200,99898,100
2019-06-28 09:32:30.000000000,100007,192,99962,192,100010,492,99956,292,100018,192,99951,192,100029,192,99942,192,100033,192,99937,192,100047,100,99936,100,100053,100,99933,100,100058,100,99910,100,100059,100,99901,100,100066,200,99898,100
2019-06-28 09:32:40.000000000,100007,257,99962,257,100010,552,99956,352,100018,252,99951,252,100029,100,99942,100,100033,100,99937,100,100047,100,99936,100,100053,100,99933,100,100058,100,99910,100,100059,100,99901,100,100066,200,99898,100
2019-06-28 09:32:41.687806927,100007,257,99962,257,100010,552,99956,352,100018,252,99951,252,100029,100,99942,100,100033,100,99937,100,100047,100,99936,100,100053,100,99933,100,100058,100,99910,100,100059,100,99901,100,100066,200,99898,100
2019-06-28 09:32:50.000000000,100007,331,99962,331,100010,631,99956,431,100018,100,99951,100,100029,100,99942,100,100033,100,99937,100,100047,100,99936,100,100053,100,99933,100,100058,100,99910,100,100059,100,99901,100,100066,200,99898,100
2019-06-28 09:32:52.502503144,100007,331,99962,331,100010,631,99956,431,100018,100,99951,100,100029,100,99942,100,100033,100,99937,100,100047,100,99933,100,100053,100,99910,100,100058,100,99901,100,100059,100,99898,100,100066,200,99891,100
2019-06-28 09:32:57.385570389,100007,331,99962,231,100010,631,99956,431,100018,100,99951,100,100029,100,99942,100,100033,100,99937,100,100047,100,99933,100,100053,100,99910,100,100058,100,99901,100,100059,100,99898,100,100066,200,99891,100
2019-06-28 09:33:00.000000000,100007,216,99956,316,100010,516,99951,216,100018,216,99942,216,100029,216,99937,216,100033,100,99933,100,100047,100,99910,100,100053,100,99901,100,100058,100,99898,100,100059,100,99891,100,100066,200,99890,100
2019-06-28 09:33:10.000000000,100007,331,99956,431,100010,631,99951,331,100018,100,99942,100,100029,100,99937,100,100033,100,99933,100,100047,100,99910,100,100053,100,99901,100,100058,100,99898,100,100059,100,99891,100,100066,200,99890,100
2019-06-28 09:33:20.000000000,100007,216,99956,316,100010,516,99951,216,100018,216,99942,216,100029,216,99937,216,100033,100,99933,100,100047,100,99910,100,100053,100,99901,100,100058,100,99898,100,100059,100,99891,100,100066,200,99890,100
2019-06-28 09:33:30.000000000,100007,257,99956,357,100010,552,99951,252,100018,252,99942,252,100029,100,99937,100,100033,100,99933,100,100047,100,99910,100,100053,100,99901,100,100058,100,99898,100,100059,100,99891,100,100066,200,99890,100
2019-06-28 09:33:40.000000000,100007,331,99956,431,100010,631,99951,331,100018,100,99942,100,100029,100,99937,100,100033,100,99933,100,100047,100,99910,100,100053,100,99901,100,100058,100,99898,100,100059,100,99891,100,100066,200,99890,100
2019-06-28 09:33:44.388287976,100007,331,99956,331,100010,631,99951,331,100018,100,99942,100,100029,100,99937,100,100033,100,99933,100,100047,100,99910,100,100053,100,99901,100,100058,100,99898,100,100059,100,99891,100,100066,200,99890,100
2019-06-28 09:33:50.000000000,100007,257,99956,257,100010,552,99951,252,100018,252,99942,252,100029,100,99937,100,100033,100,99933,100,100047,100,99910,100,100053,100,99901,100,100058,100,99898,100,100059,100,99891,100,100066,200,99890,100
2019-06-28 09:33:56.446448973,100007,157,99956,257,100010,552,99951,252,100018,252,99942,252,100033,100,99937,100,100047,100,99933,100,100053,100,99910,100,100058,100,99901,100,100059,100,99898,100,100066,200,99891,100,100067,100,99890,100
2019-06-28 09:34:00.000000000,100010,862,99956,562,100018,100,99951,100,100033,100,99942,100,100047,100,99937,100,100053,100,99933,100,100058,100,99910,100,100059,100,99901,100,100066,200,99898,100,100067,100,99891,100,100084,100,99890,100
2019-06-28 09:34:03.083847759,100010,862,100008,100,100033,100,99956,562,100047,100,99951,100,100053,100,99942,100,100058,100,99937,100,100059,100,99933,100,100066,200,99910,100,100067,100,99901,100,100084,100,99898,100,100098,100,99891,100
2019-06-28 09:34:10.000000000,100010,631,100008,331,100033,331,99956,331,100047,100,99951,100,100053,100,99942,100,100058,100,99937,100,100059,100,99933,100,100066,200,99910,100,100067,100,99901,100,100084,100,99898,100,100098,100,99891,100
2019-06-28 09:34:20.000000000,100010,492,100008,192,100033,192,99956,192,100047,192,99951,192,100053,192,99942,192,100058,192,99937,192,100059,100,99933,100,100066,200,99910,100,100067,100,99901,100,100084,100,99898,100,100098,100,99891,100
2019-06-28 09:34:30.000000000,100010,862,100008,562,100033,100,99956,100,100047,100,99951,100,100053,100,99942,100,100058,100,99937,100,100059,100,99933,100,100066,200,99910,100,100067,100,99901,100,100084,100,99898,100,100098,100,99891,100
2019-06-28 09:34:37.892333870,100010,862,100008,562,100033,100,99956,100,100047,100,99951,100,100053,100,99942,100,100058,100,99937,100,100059,100,99933,100,100066,200,99926,100,100067,100,99910,100,100084,100,99901,100,100098,100,99898,100
2019-06-28 09:34:40.000000000,100010,516,100008,216,100033,216,99956,216,100047,216,99951,216,100053,216,99942,216,100058,100,99937,100,100059,100,99933,100,100066,200,99926,100,100067,100,99910,100,100084,100,99901,100,100098,100,99898,100
2019-06-28 09:34:50.000000000,100010,557,100008,257,100033,252,99956,252,100047,252,99951,252,100053,100,99942,100,100058,100,99937,100,100059,100,99933,100,100066,200,99926,100,100067,100,99910,100,100084,100,99901,100,100098,100,99898,100
2019-06-28 09:34:56.194834320,100010,557,100008,257,100033,252,99956,252,100047,252,99951,252,100053,100,99942,100,100058,100,99937,100,100059,100,99933,100,100066,200,99926,100,100067,100,99910,100,100084,100,99901,100,100098,100,99898,100
2019-06-28 09:34:56.218291579,100010,557,100008,257,100033,252,99956,252,100047,252,99951,252,100053,100,99942,100,100058,100,99937,100,100059,100,99933,100,100066,200,99926,100,100067,100,99910,100,100084,100,99901,100,100098,100,99898,100
2019-06-28 09:34:57.332782070,100010,457,100008,257,100033,252,99956,252,100047,252,99951,152,100053,100,99942,100,100058,100,99937,100,100059,100,99933,100,100066,200,99926,100,100067,100,99910,100,100084,100,99901,100,100098,100,99898,100
2019-06-28 09:35:00.000000000,100010,457,100008,257,100033,252,99956,252,100047,252,99942,252,100053,100,99937,100,100058,100,99933,100,100059,100,99926,100,100066,200,99910,100,100067,100,99901,100,100084,100,99898,100,100098,100,99891,100
2019-06-28 09:35:04.778569999,100010,457,100008,257,100033,252,99956,252,100047,252,99942,252,100053,100,99937,100,100058,100,99933,100,100059,100,99926,100,100066,200,99910,100,100067,100,99901,100,100084,100,99898,100,100098,100,99891,100
2019-06-28 09:35:10.000000000,100010,457,100008,257,100033,252,99956,252,100047,252,99942,252,100053,100,99937,100,100058,100,99933,100,100059,100,99926,100,100066,200,99910,100,100067,100,99901,100,100084,100,99898,100,100098,100,99891,100
2019-06-28 09:35:20.000000000,100010,531,100008,331,100033,331,99956,331,100047,100,99942,100,100053,100,99937,100,100058,100,99933,100,100059,100,99926,100,100066,200,99910,100,100067,100,99901,100,100084,100,99898,100,100098,100,99891,100
2019-06-28 09:35:30.000000000,100010,392,100008,192,100033,192,99956,192,100047,192,99942,192,100053,192,99937,192,100058,192,99933,192,100059,100,99926,100,100066,200,99910,100,100067,100,99901,100,100084,100,99898,100,100098,100,99891,100
2019-06-28 09:35:40.000000000,100010,416,100008,216,100033,216,99956,216,100047,216,99942,216,100053,216,99937,216,100058,100,99933,100,100059,100,99926,100,100066,200,99910,100,100067,100,99901,100,100084,100,99898,100,100098,100,99891,100
2019-06-28 09:35:40.949754441,100010,316,100008,216,100033,216,99956,216,100047,216,99942,216,100053,216,99937,216,100058,100,99933,100,100059,100,99926,100,100066,200,99910,100,100067,100,99901,100,100084,100,99898,100,100098,100,99891,100
2019-06-28 09:35:43.691612331,100010,216,100008,216,100033,216,99956,216,100047,216,99942,216,100053,216,99937,216,100058,100,99933,100,100059,100,99926,100,100066,200,99910,100,100067,100,99901,100,100084,100,99898,100,100098,100,99891,100
2019-06-28 09:35:45.805439484,100010,116,100008,216,100033,216,99956,216,100047,216,99942,216,100053,216,99937,216,100058,100,99933,100,100059,100,99926,100,100066,200,99910,100,100067,100,99901,100,100084,100,99898,100,100098,100,99891,100
2019-06-28 09:35:50.000000000,100033,192,100008,192,100047,192,99956,192,100053,192,99942,192,100058,192,99937,192,100059,192,99933,192,100066,200,99926,100,100067,100,99910,100,100084,100,99901,100,100098,100,99898,100,100099,100,99891,100
2019-06-28 09:36:00.000000000,100033,257,100008,257,100047,252,99956,252,100053,252,99942,252,100058,100,99937,100,100059,100,99933,100,100066,200,99926,100,100067,100,99910,100,100084,100,99901,100,100098,100,99898,100,100099,100,99891,100
2019-06-28 09:36:05.030949231,100033,257,100010,100,100047,252,100008,257,100053,252,99956,252,100058,100,99942,252,100066,200,99937,100,100067,100,99933,100,100084,100,99926,100,100098,100,99910,100,100099,100,99901,100,100102,100,99898,100
2019-06-28 09:36:10.000000000,100033,192,100010,192,100047,192,100008,192,100053,192,99956,192,100058,192,99942,192,100066,292,99937,192,100067,100,99933,100,100084,100,99926,100,100098,100,99910,100,100099,100,99901,100,100102,100,99898,100
2019-06-28 09:36:20.000000000,100033,192,100010,192,100047,192,100008,192,100053,192,99956,192,100058,192,99942,192,100066,292,99937,192,100067,100,99933,100,100084,100,99926,100,100098,100,99910,100,100099,100,99901,100,100102,100,99898,100
2019-06-28 09:36:22.237074375,100033,92,100010,192,100047,192,100008,192,100053,192,99956,192,100058,192,99942,192,100066,292,99937,192,100067,100,99933,100,100084,100,99926,100,100098,100,99910,100,100099,100,99901,100,100102,100,99898,100
2019-06-28 09:36:26.363536628,100033,92,100010,192,100047,192,100008,192,100053,192,99956,192,100058,192,99942,192,100066,292,99937,192,100067,100,99933,100,100098,100,99926,100,100099,100,99910,100,100102,100,99901,100,100157,100,99898,100
2019-06-28 09:36:30.000000000,100047,216,100010,216,100053,216,100008,216,100058,216,99956,216,100066,316,99942,216,100067,100,99937,100,100098,100,99933,100,100099,100,99926,100,100102,100,99910,100,100157,100,99901,100,100389,100,99898,100
2019-06-28 09:36:40.000000000,100047,216,100010,216,100053,216,100008,216,100058,216,99956,216,100066,316,99942,216,100067,100,99937,100,100098,100,99933,100,100099,100,99926,100,100102,100,99910,100,100157,100,99901,100,100389,100,99898,100
2019-06-28 09:36:46.879513758,100047,116,100010,216,100053,216,100008,216,100058,216,99956,216,100066,316,99942,216,100067,100,99937,100,100098,100,99926,100,100099,100,99910,100,100102,100,99901,100,100157,100,99898,100,100389,100,99891,100
2019-06-28 09:36:50.000000000,100053,331,100010,331,100058,331,100008,331,100066,200,99956,100,100067,100,99942,100,100098,100,99937,100,100099,100,99926,100,100102,100,99910,100,100157,100,99901,100,100389,100,99898,100,100474,100,99891,100
2019-06-28 09:37:00.000000000,100053,257,100010,257,100058,252,100008,252,100066,352,99956,252,100067,100,99942,100,100098,100,99937,100,100099,100,99926,100,100102,100,99910,100,100157,100,99901,100,100389,100,99898,100,100474,100,99891,100
2019-06-28 09:37:10.000000000,100053,562,100010,562,100058,100,100008,100,100066,200,99956,100,100067,100,99942,100,100098,100,99937,100,100099,100,99926,100,100102,100,99910,100,100157,100,99901,100,100389,100,99898,100,100474,100,99891,100
2019-06-28 09:37:20.000000000,100053,216,100010,216,100058,216,100008,216,100066,316,99956,216,100067,216,99942,216,100098,100,99937,100,100099,100,99926,100,100102,100,99910,100,100157,100,99901,100,100389,100,99898,100,100474,100,99891,100
2019-06-28 09:37:24.630119893,100053,216,100033,100,100058,216,100010,216,100066,316,100008,216,100067,216,99956,216,100098,100,99942,216,100099,100,99937,100,100102,100,99926,100,100157,100,99910,100,100389,100,99901,100,100474,100,99898,100
2019-06-28 09:37:30.000000000,100053,257,100033,257,100058,252,100010,252,100066,352,100008,252,100067,100,99956,100,100098,100,99942,100,100099,100,99937,100,100102,100,99926,100,100157,100,99910,100,100389,100,99901,100,100474,100,99898,100
2019-06-28 09:37:31.676562369,100053,257,100033,357,100058,252,100010,252,100066,352,100008,252,100067,100,99956,100,100098,100,99942,100,100099,100,99937,100,100102,100,99926,100,100157,100,99910,100,100389,100,99901,100,100474,100,99898,100
2019-06-28 09:37:40.000000000,100053,562,100033,662,100058,100,100010,100,100066,200,100008,100,100067,100,99956,100,100098,100,99942,100,100099,100,99937,100,100102,100,99926,100,100157,100,99910,100,100389,100,99901,100,100474,100,99898,100
2019-06-28 09:37:44.553368288,100053,462,100033,662,100058,100,100010,100,100066,200,100008,100,100098,100,99956,100,100099,100,99942,100,100102,100,99937,100,100157,100,99926,100,100389,100,99910,100,100474,100,99901,100,100672,100,99898,100
2019-06-28 09:37:49.997080079,100053,462,100047,100,100058,100,100033,662,100066,200,100010,100,100098,100,100008,100,100099,100,99956,100,100102,100,99942,100,100157,100,99937,100,100389,100,99926,100,100474,100,99910,100,100672,100,99901,100
2019-06-28 09:37:50.000000000,100058,257,100047,257,100066,352,100033,352,100098,252,100010,252,100099,100,100008,100,100102,100,99956,100,100157,100,99942,100,100389,100,99937,100,100474,100,99926,100,100672,100,99910,100,100864,100,99901,100
2019-06-28 09:37:59.236129447,100058,257,100047,257,100066,352,100033,352,100098,252,100010,252,100099,100,100008,100,100102,100,99956,100,100157,100,99942,100,100389,100,99937,100,100474,100,99926,100,100672,100,99910,100,100864,100,99901,100
2019-06-28 09:38:00.000000000,100058,562,100047,562,100066,200,100033,200,100098,100,100010,100,100099,100,100008,100,100102,100,99956,100,100157,100,99942,100,100389,100,99937,100,100474,100,99926,100,100672,100,99910,100,100864,100,99901,100
2019-06-28 09:38:01.298400958,100058,462,100047,562,100066,200,100033,200,100098,100,100010,100,100099,100,100008,100,100102,100,99956,100,100157,100,99942,100,100389,100,99937,100,100474,100,99910,100,100672,100,99901,100,100864,100,99898,100
2019-06-28 09:38:10.000000000,100066,292,100047,192,100098,192,100033,292,100099,192,100010,192,100102,192,100008,192,100157,192,99956,192,100389,100,99942,100,100474,100,99937,100,100672,100,99910,100,100864,100,99901,100,100910,100,99898,100
2019-06-28 09:38:20.000000000,100066,662,100047,562,100098,100,100033,200,100099,100,100010,100,100102,100,100008,100,100157,100,99956,100,100389,100,99942,100,100474,100,99937,100,100672,100,99910,100,100864,100,99901,100,100910,100,99898,100
2019-06-28 09:38:22.444740942,100066,662,100047,562,100098,100,100033,200,100099,100,100010,100,100102,100,100008,100,100157,100,99956,100,100389,100,99942,100,100474,100,99937,100,100864,100,99910,100,100910,100,99901,100,101126,100,99898,100
2019-06-28 09:38:23.156049857,100066,562,100047,562,100098,100,100033,200,100099,100,100010,100,100102,100,100008,100,100157,100,99956,100,100389,100,99942,100,100474,100,99937,100,100864,100,99910,100,100910,100,99901,100,101126,100,99898,100
2019-06-28 09:38:30.000000000,100066,331,100047,331,100098,331,100033,431,100099,100,100010,100,100102,100,100008,100,100157,100,99956,100,100389,100,99942,100,100474,100,99937,100,100864,100,99910,100,100910,100,99901,100,101126,100,99898,100
2019-06-28 09:38:40.000000000,100066,257,100047,257,100098,252,100033,352,100099,252,100010,252,100102,100,100008,100,100157,100,99956,100,100389,100,99942,100,100474,100,99937,100,100864,100,99910,100,100910,100,99901,100,101126,100,99898,100
2019-06-28 09:38:41.398441445,100066,157,100047,257,100098,252,100033,352,100099,252,100010,252,100102,100,100008,100,100157,100,99956,100,100389,100,99942,100,100474,100,99937,100,100864,100,99910,100,100910,100,99901,100,101126,100,99898,100
2019-06-28 09:38:42.078589082,100066,157,100047,257,100098,152,100033,352,100099,252,100010,252,100102,100,100008,100,100157,100,99956,100,100389,100,99942,100,100474,100,99937,100,100864,100,99910,100,100910,100,99901,100,101006,100,99898,100
2019-06-28 09:38:50.000000000,100099,257,100047,257,100102,252,100033,352,100157,252,100010,252,100389,100,100008,100,100474,100,99956,100,100864,100,99942,100,100910,100,99937,100,101006,100,99910,100,101126,100,99901,100,,,99898,100
2019-06-28 09:38:57.893980306,100099,157,100047,257,100102,252,100033,352,100157,252,100010,252,100389,100,100008,100,100474,100,99956,100,100864,100,99942,100,100910,100,99937,100,101006,100,99910,100,101126,100,99901,100,,,99898,100
2019-06-28 09:39:00.000000000,100102,257,100047,257,100157,252,100033,352,100389,252,100010,252,100474,100,100008,100,100864,100,99956,100,100910,100,99942,100,101006,100,99937,100,101126,100,99910,100,,,99901,100,,,99898,100
2019-06-28 09:39:10.000000000,100102,192,100047,192,100157,192,100033,292,100389,192,100010,192,100474,192,100008,192,100864,192,99956,192,100910,100,99942,100,101006,100,99937,100,101126,100,99910,100,,,99901,100,,,99898,100
2019-06-28 09:39:20.000000000,100102,216,100047,216,100157,216,100033,316,100389,216,100010,216,100474,216,100008,216,100864,100,99956,100,100910,100,99942,100,101006,100,99937,100,101126,100,99910,100,,,99901,100,,,99898,100
2019-06-28 09:39:27.859494558,100102,116,100047,216,100157,216,100033,316,100389,216,100010,216,100474,216,100008,216,100864,100,99956,100,100910,100,99942,100,101006,100,99937,100,101126,100,99910,100,,,99901,100,,,99898,100
2019-06-28 09:39:30.000000000,100157,257,100047,257,100389,252,100033,352,100474,252,100010,252,100864,100,100008,100,100910,100,99956,100,101006,100,99942,100,101126,100,99937,100,,,99910,100,,,99901,100,,,99898,100
2019-06-28 09:39:34.732826096,100157,257,100047,257,100389,252,100033,352,100474,252,100010,252,100640,100,100008,100,100864,100,99956,100,100910,100,99942,100,101006,100,99937,100,101126,100,99910,100,,,99901,100,,,99898,100
2019-06-28 09:39:35.445591255,100157,157,100047,257,100389,152,100033,352,100474,252,100010,252,100640,100,100008,100,100864,100,99956,100,100910,100,99942,100,101006,100,99937,100,101126,100,99910,100,,,99901,100,,,99898,100
2019-06-28 09:39:37.298344306,100157,157,100047,257,100389,152,100033,352,100474,252,100010,252,100640,100,100008,100,100674,100,99956,100,100864,100,99942,100,100910,100,99937,100,101006,100,99910,100,101126,100,99901,100,,,99891,100
2019-06-28 09:39:40.000000000,100474,257,100047,257,100640,252,100033,352,100674,252,100010,252,100864,100,100008,100,100910,100,99956,100,101006,100,99942,100,101126,100,99937,100,,,99910,100,,,99901,100,,,99891,100
2019-06-28 09:39:50.000000000,100474,257,100047,257,100640,252,100033,352,100674,252,100010,252,100864,100,100008,100,100910,100,99956,100,101006,100,99942,100,101126,100,99937,100,,,99910,100,,,99901,100,,,99891,100
2019-06-28 09:40:00.000000000,100474,257,100047,257,100640,252,100033,352,100674,252,100010,252,100864,100,100008,100,100910,100,99956,100,101006,100,99942,100,101126,100,99937,100,,,99910,100,,,99901,100,,,99891,100
2019-06-28 09:40:10.000000000,100474,562,100047,562,100640,100,100033,200,100674,100,100010,100,100864,100,100008,100,100910,100,99956,100,101006,100,99942,100,101126,100,99937,100,,,99910,100,,,99901,100,,,99891,100
2019-06-28 09:40:20.000000000,100474,257,100047,257,100640,252,100033,352,100674,252,100010,252,100864,100,100008,100,100910,100,99956,100,101006,100,99942,100,101126,100,99937,100,,,99910,100,,,99901,100,,,99891,100
2019-06-28 09:40:26.211434933,100474,257,100047,257,100640,252,100033,352,100674,252,100010,252,100864,100,100008,100,100910,100,99956,100,101006,100,99942,100,101126,100,99937,100,101170,100,99910,100,,,99901,100,,,99891,100
2019-06-28 09:40:30.000000000,100474,257,100047,257,100640,252,100033,352,100674,252,100010,252,100864,100,100008,100,100910,100,99956,100,101006,100,99942,100,101126,100,99937,100,101170,100,99910,100,,,99901,100,,,99891,100
2019-06-28 09:40:40.000000000,100474,257,100047,257,100640,252,100033,352,100674,252,100010,252,100864,100,100008,100,100910,100,99956,100,101006,100,99942,100,101126,100,99937,100,101170,100,99910,100,,,99901,100,,,99891,100
2019-06-28 09:40:50.000000000,100474,192,100047,192,100640,192,100033,292,100674,192,100010,192,100864,192,100008,192,100910,192,99956,192,101006,100,99942,100,101126,100,99937,100,101170,100,99910,100,,,99901,100,,,99891,100
2019-06-28 09:41:00.000000000,100474,331,100047,331,100640,331,100033,431,100674,100,100010,100,100864,100,100008,100,100910,100,99956,100,101006,100,99942,100,101126,100,99937,100,101170,100,99910,100,,,99901,100,,,99891,100
2019-06-28 09:41:10.000000000,100474,331,100047,331,100640,331,100033,431,100674,100,100010,100,100864,100,100008,100,100910,100,99956,100,101006,100,99942,100,101126,100,99937,100,101170,100,99910,100,,,99901,100,,,99891,100
2019-06-28 09:41:12.079492117,100474,231,100047,331,100640,331,100033,431,100674,100,100010,100,100864,100,100008,100,100910,100,99956,100,101006,100,99942,100,101126,100,99937,100,101170,100,99910,100,,,99901,100,,,99891,100
2019-06-28 09:41:20.000000000,100640,192,100047,192,100674,192,100033,292,100864,192,100010,192,100910,192,100008,192,101006,192,99956,192,101126,100,99942,100,101170,100,99937,100,,,99910,100,,,99901,100,,,99891,100
2019-06-28 09:41:29.243589421,100640,192,100047,192,100674,192,100033,292,100864,192,100010,192,100910,192,100008,192,101006,192,99956,192,101126,100,99942,100,101170,100,99937,100,101231,100,99901,100,,,99891,100,,,99890,100
2019-06-28 09:41:30.000000000,100640,562,100047,562,100674,100,100033,200,100864,100,100010,100,100910,100,100008,100,101006,100,99956,100,101126,100,99942,100,101170,100,99937,100,101231,100,99901,100,,,99891,100,,,99890,100
2019-06-28 09:41:40.000000000,100640,216,100047,216,100674,216,100033,316,100864,216,100010,216,100910,216,100008,216,101006,100,99956,100,101126,100,99942,100,101170,100,99937,100,101231,100,99901,100,,,99891,100,,,99890,100
2019-06-28 09:41:43.299942559,100640,116,100047,216,100674,216,100033,316,100864,216,100010,216,100910,216,100008,216,101006,100,99956,100,101126,100,99942,100,101170,100,99901,100,101231,100,99891,100,,,99890,100,,,99888,100
2019-06-28 09:41:50.000000000,100674,216,100047,216,100864,216,100033,316,100910,216,100010,216,101006,216,100008,216,101126,100,99956,100,101170,100,99942,100,101231,100,99901,100,,,99891,100,,,99890,100,,,99888,100
2019-06-28 09:42:00.000000000,100674,192,100047,192,100864,192,100033,292,100910,192,100010,192,101006,192,100008,192,101126,192,99956,192,101170,100,99942,100,101231,100,99901,100,,,99891,100,,,99890,100,,,99888,100
2019-06-28 09:42:08.123365778,100674,192,100047,192,100864,192,100033,292,100910,192,100010,192,100989,100,100008,192,101006,192,99956,192,101126,192,99942,100,101170,100,99901,100,101231,100,99891,100,,,99890,100,,,99888,100
2019-06-28 09:42:10.000000000,100674,257,100047,257,100864,252,100033,352,100910,252,100010,252,100989,100,100008,100,101006,100,99956,100,101126,100,99942,100,101170,100,99901,100,101231,100,99891,100,,,99890,100,,,99888,100
2019-06-28 09:42:14.332352725,100674,257,100474,100,100864,252,100047,257,100910,252,100033,352,100989,100,100010,252,101006,100,100008,100,101126,100,99956,100,101170,100,99942,100,101231,100,99901,100,,,99891,100,,,99890,100
2019-06-28 09:42:20.000000000,100674,257,100474,257,100864,252,100047,252,100910,252,100033,352,100989,100,100010,100,101006,100,100008,100,101126,100,99956,100,101170,100,99942,100,101231,100,99901,100,,,99891,100,,,99890,100
2019-06-28 09:42:30.000000000,100674,562,100474,562,100864,100,100047,100,100910,100,100033,200,100989,100,100010,100,101006,100,100008,100,101126,100,99956,100,101170,100,99942,100,101231,100,99901,100,,,99891,100,,,99890,100
2019-06-28 09:42:40.000000000,100674,216,100474,216,100864,216,100047,216,100910,216,100033,316,100989,216,100010,216,101006,100,100008,100,101126,100,99956,100,101170,100,99942,100,101231,100,99901,100,,,99891,100,,,99890,100
2019-06-28 09:42:44.084376765,100674,216,100474,216,100864,216,100047,216,100910,216,100033,316,100989,216,100010,216,100992,100,100008,100,101006,100,99956,100,101126,100,99901,100,101170,100,99891,100,101231,100,99890,100,,,99888,100
2019-06-28 09:42:48.319420955,100674,116,100474,216,100864,216,100047,216,100910,216,100033,316,100989,216,100010,216,100992,100,100008,100,101006,100,99956,100,101126,100,99901,100,101170,100,99891,100,101231,100,99890,100,,,99888,100
2019-06-28 09:42:48.596023503,100674,116,100474,216,100864,216,100047,216,100910,216,100033,316,100989,216,100010,216,100992,100,100008,100,101006,100,99956,100,101095,100,99901,100,101126,100,99891,100,101170,100,99890,100,101231,100,99888,100
2019-06-28 09:42:50.000000000,100864,257,100474,257,100910,252,100047,252,100989,252,100033,352,100992,100,100010,100,101006,100,100008,100,101095,100,99956,100,101126,100,99901,100,101170,100,99891,100,101231,100,99890,100,,,99888,100
2019-06-28 09:43:00.000000000,100864,331,100474,331,100910,331,100047,331,100989,100,100033,200,100992,100,100010,100,101006,100,100008,100,101095,100,99956,100,101126,100,99901,100,101170,100,99891,100,101231,100,99890,100,,,99888,100
2019-06-28 09:43:08.255227899,100864,331,100474,331,100910,331,100047,331,100989,100,100033,200,100992,100,100010,100,101006,100,100008,100,101040,100,99901,100,101095,100,99891,100,101126,100,99890,100,101170,100,99888,100,101231,100,99884,100
2019-06-28 09:43:10.000000000,100864,562,100474,562,100910,100,100047,100,100989,100,100033,200,100992,100,100010,100,101006,100,100008,100,101040,100,99901,100,101095,100,99891,100,101126,100,99890,100,101170,100,99888,100,101231,100,99884,100
2019-06-28 09:43:20.000000000,100864,562,100474,562,100910,100,100047,100,100989,100,100033,200,100992,100,100010,100,101006,100,100008,100,101040,100,99901,100,101095,100,99891,100,101126,100,99890,100,101170,100,99888,100,101231,100,99884,100
2019-06-28 09:43:30.000000000,100864,216,100474,216,100910,216,100047,216,100989,216,100033,316,100992,216,100010,216,101006,100,100008,100,101040,100,99901,100,101095,100,99891,100,101126,100,99890,100,101170,100,99888,100,101231,100,99884,100
2019-06-28 09:43:40.000000000,100864,331,100474,331,100910,331,100047,331,100989,100,100033,200,100992,100,100010,100,101006,100,100008,100,101040,100,99901,100,101095,100,99891,100,101126,100,99890,100,101170,100,99888,100,101231,100,99884,100
2019-06-28 09:43:50.000000000,100864,331,100474,331,100910,331,100047,331,100989,100,100033,200,100992,100,100010,100,101006,100,100008,100,101040,100,99901,100,101095,100,99891,100,101126,100,99890,100,101170,100,99888,100,101231,100,99884,100
2019-06-28 09:43:52.377548200,100864,331,100474,331,100910,331,100047,331,100989,100,100033,200,100992,100,100010,100,101006,100,100008,100,101040,100,99901,100,101058,100,99891,100,101095,100,99890,100,101126,100,99888,100,101170,100,99884,100
2019-06-28 09:44:00.000000000,100864,562,100474,562,100910,100,100047,100,100989,100,100033,200,100992,100,100010,100,101006,100,100008,100,101040,100,99901,100,101058,100,99891,100,101095,100,99890,100,101126,100,99888,100,101170,100,99884,100
2019-06-28 09:44:09.439417623,100864,562,100640,100,100910,100,100474,562,100989,100,100047,100,100992,100,100033,200,101006,100,100010,100,101040,100,100008,100,101058,100,99901,100,101095,100,99891,100,101126,100,99890,100,101170,100,99888,100
2019-06-28 09:44:10.000000000,100864,192,100640,192,100910,192,100474,192,100989,192,100047,192,100992,192,100033,292,101006,192,100010,192,101040,100,100008,100,101058,100,99901,100,101095,100,99891,100,101126,100,99890,100,101170,100,99888,100
2019-06-28 09:44:20.000000000,100864,192,100640,192,100910,192,100474,192,100989,192,100047,192,100992,192,100033,292,101006,192,100010,192,101040,100,100008,100,101058,100,99901,100,101095,100,99891,100,101126,100,99890,100,101170,100,99888,100
2019-06-28 09:44:30.000000000,100864,192,100640,192,100910,192,100474,192,100989,192,100047,192,100992,192,100033,292,101006,192,100010,192,101040,100,100008,100,101058,100,99901,100,101095,100,99891,100,101126,100,99890,100,101170,100,99888,100
2019-06-28 09:44:33.416728618,100864,92,100640,192,100910,192,100474,192,100989,192,100047,192,100992,192,100033,292,101006,192,100010,192,101040,100,100008,100,101058,100,99901,100,101095,100,99891,100,101126,100,99890,100,101170,100,99888,100
2019-06-28 09:44:40.000000000,100910,562,100640,562,100989,100,100474,100,100992,100,100047,100,101006,100,100033,200,101040,100,100010,100,101058,100,100008,100,101095,100,99901,100,101126,100,99891,100,101170,100,99890,100,101231,100,99888,100
2019-06-28 09:44:46.270046037,100910,562,100657,100,100989,100,100640,562,100992,100,100474,100,101006,100,100047,100,101040,100,100033,200,101058,100,100010,100,101095,100,100008,100,101126,100,99901,100,101170,100,99891,100,101231,100,99890,100
2019-06-28 09:44:48.954852995,100910,562,100761,100,100989,100,100657,100,100992,100,100640,562,101006,100,100474,100,101040,100,100047,100,101058,100,100033,200,101095,100,100010,100,101126,100,100008,100,101170,100,99901,100,101231,100,99891,100
2019-06-28 09:44:50.000000000,100910,562,100761,562,100989,100,100657,100,100992,100,100640,100,101006,100,100474,100,101040,100,100047,100,101058,100,100033,200,101095,100,100010,100,101126,100,100008,100,101170,100,99901,100,101231,100,99891,100
2019-06-28 09:44:51.684850927,100910,462,100761,562,100989,100,100657,100,100992,100,100640,100,101006,100,100474,100,101040,100,100047,100,101058,100,100033,200,101095,100,100010,100,101126,100,100008,100,101170,100,99901,100,101231,100,99891,100
2019-06-28 09:44:59.595061882,100910,362,100761,562,100989,100,100657,100,100992,100,100640,100,101006,100,100474,100,101040,100,100047,100,101095,100,100033,200,101126,100,100010,100,101170,100,100008,100,101231,100,99901,100,,,99891,100
2019-06-28 09:45:00.000000000,100989,562,100761,562,100992,100,100657,100,101006,100,100640,100,101040,100,100474,100,101095,100,100047,100,101126,100,100033,200,101170,100,100010,100,101231,100,100008,100,,,99901,100,,,99891,100
2019-06-28 09:45:10.000000000,100989,216,100761,216,100992,216,100657,216,101006,216,100640,216,101040,216,100474,216,101095,100,100047,100,101126,100,100033,200,101170,100,100010,100,101231,100,100008,100,,,99901,100,,,99891,100
2019-06-28 09:45:14.748872927,100989,216,100761,116,100992,216,100657,216,101006,216,100640,216,101040,216,100474,216,101095,100,100047,100,101126,100,100033,200,101170,100,100010,100,101231,100,100008,100,,,99891,100,,,99890,100
2019-06-28 09:45:20.000000000,100989,257,100657,257,100992,252,100640,252,101006,252,100474,252,101040,100,100047,100,101095,100,100033,200,101126,100,100010,100,101170,100,100008,100,101231,100,99891,100,,,99890,100,,,99888,100
2019-06-28 09:45:26.249880833,100910,100,100657,257,100989,257,100640,252,100992,252,100474,252,101006,252,100047,100,101040,100,100033,200,101095,100,100010,100,101126,100,100008,100,101170,100,99891,100,101231,100,99890,100,,,99888,100
2019-06-28 09:45:30.000000000,100910,192,100657,192,100989,192,100640,192,100992,192,100474,192,101006,192,100047,192,101040,192,100033,292,101095,100,100010,100,101126,100,100008,100,101170,100,99891,100,101231,100,99890,100,,,99888,100
2019-06-28 09:45:30.958174377,100910,292,100657,192,100989,192,100640,192,100992,192,100474,192,101006,192,100047,92,101040,192,100033,292,101095,100,100010,100,101126,100,100008,100,101170,100,99891,100,101231,100,99890,100,,,99888,100
2019-06-28 09:45:36.538720385,100910,392,100657,192,100989,192,100640,192,100992,192,100474,192,101006,192,100047,92,101040,192,100033,292,101095,100,100010,100,101126,100,100008,100,101170,100,99891,100,101231,100,99890,100,,,99888,100
2019-06-28 09:45:40.000000000,100910,762,100657,562,100989,100,100640,100,100992,100,100474,100,101006,100,100033,200,101040,100,100010,100,101095,100,100008,100,101126,100,99891,100,101170,100,99890,100,101231,100,99888,100,,,99884,100
2019-06-28 09:45:41.356983727,100910,762,100657,462,100989,100,100640,100,100992,100,100474,100,101006,100,100033,200,101040,100,100010,100,101095,100,100008,100,101126,100,99891,100,101170,100,99890,100,101231,100,99888,100,,,99884,100
2019-06-28 09:45:50.000000000,100910,762,100640,562,100989,100,100474,100,100992,100,100033,200,101006,100,100010,100,101040,100,100008,100,101095,100,99891,100,101126,100,99890,100,101170,100,99888,100,101231,100,99884,100,,,99868,100
2019-06-28 09:46:00.000000000,100910,531,100640,331,100989,331,100474,331,100992,100,100033,200,101006,100,100010,100,101040,100,100008,100,101095,100,99891,100,101126,100,99890,100,101170,100,99888,100,101231,100,99884,100,,,99868,100
2019-06-28 09:46:10.000000000,100910,531,100640,331,100989,331,100474,331,100992,100,100033,200,101006,100,100010,100,101040,100,100008,100,101095,100,99891,100,101126,100,99890,100,101170,100,99888,100,101231,100,99884,100,,,99868,100
2019-06-28 09:46:16.572641618,100910,531,100640,331,100989,331,100474,331,100992,100,100033,200,101006,100,100010,100,101040,100,100008,100,101095,100,99891,100,101170,100,99890,100,101231,100,99888,100,101644,100,99884,100,,,99868,100
2019-06-28 09:46:20.000000000,100910,531,100640,331,100989,331,100474,331,100992,100,100033,200,101006,100,100010,100,101040,100,100008,100,101095,100,99891,100,101170,100,99890,100,101231,100,99888,100,101644,100,99884,100,,,99868,100
2019-06-28 09:46:30.000000000,100910,762,100640,562,100989,100,100474,100,100992,100,100033,200,101006,100,100010,100,101040,100,100008,100,101095,100,99891,100,101170,100,99890,100,101231,100,99888,100,101644,100,99884,100,,,99868,100
2019-06-28 09:46:40.000000000,100910,416,100640,216,100989,216,100474,216,100992,216,100033,316,101006,216,100010,216,101040,100,100008,100,101095,100,99891,100,101170,100,99890,100,101231,100,99888,100,101644,100,99884,100,,,99868,100
2019-06-28 09:46:50.000000000,100910,762,100640,562,100989,100,100474,100,100992,100,100033,200,101006,100,100010,100,101040,100,100008,100,101095,100,99891,100,101170,100,99890,100,101231,100,99888,100,101644,100,99884,100,,,99868,100
2019-06-28 09:46:50.050573805,100910,762,100640,462,100989,100,100474,100,100992,100,100033,200,101006,100,100010,100,101040,100,99891,100,101095,100,99890,100,101170,100,99888,100,101231,100,99884,100,101644,100,99868,100,,,99764,100
2019-06-28 09:47:00.000000000,100910,392,100474,192,100989,192,100033,292,100992,192,100010,192,101006,192,99891,192,101040,192,99890,192,101095,100,99888,100,101170,100,99884,100,101231,100,99868,100,101644,100,99764,100,,,99729,100
2019-06-28 09:47:10.000000000,100910,416,100474,216,100989,216,100033,316,100992,216,100010,216,101006,216,99891,216,101040,100,99890,100,101095,100,99888,100,101170,100,99884,100,101231,100,99868,100,101644,100,99764,100,,,99729,100
2019-06-28 09:47:20.000000000,100910,457,100474,257,100989,252,100033,352,100992,252,100010,252,101006,100,99891,100,101040,100,99890,100,101095,100,99888,100,101170,100,99884,100,101231,100,99868,100,101644,100,99764,100,,,99729,100
2019-06-28 09:47:24.000916967,100910,457,100540,100,100989,252,100474,257,100992,252,100033,352,101006,100,100010,252,101040,100,99891,100,101095,100,99890,100,101170,100,99888,100,101231,100,99884,100,101644,100,99868,100,,,99764,100
2019-06-28 09:47:24.064990201,100910,457,100474,257,100989,252,100033,352,100992,252,100010,252,101006,100,99891,100,101040,100,99890,100,101095,100,99888,100,101170,100,99884,100,101231,100,99868,100,101644,100,99764,100,,,99729,100
2019-06-28 09:47:30.000000000,100910,531,100474,331,100989,331,100033,431,100992,100,100010,100,101006,100,99891,100,101040,100,99890,100,101095,100,99888,100,101170,100,99884,100,101231,100,99868,100,101644,100,99764,100,,,99729,100
2019-06-28 09:47:40.000000000,100910,762,100474,562,100989,100,100033,200,100992,100,100010,100,101006,100,99891,100,101040,100,99890,100,101095,100,99888,100,101170,100,99884,100,101231,100,99868,100,101644,100,99764,100,,,99729,100
2019-06-28 09:47:41.946318743,100910,762,100474,462,100989,100,100033,200,100992,100,100010,100,101006,100,99891,100,101040,100,99890,100,101095,100,99888,100,101170,100,99884,100,101231,100,99868,100,101644,100,99764,100,,,99729,100
2019-06-28 09:47:50.000000000,100910,416,100033,316,100989,216,100010,216,100992,216,99891,216,101006,216,99890,216,101040,100,99888,100,101095,100,99884,100,101170,100,99868,100,101231,100,99764,100,101644,100,99729,100,,,99725,100
2019-06-28 09:47:51.195710087,100910,416,100033,216,100989,216,100010,216,100992,216,99891,216,101006,216,99890,216,101040,100,99888,100,101095,100,99884,100,101170,100,99868,100,101231,100,99764,100,101644,100,99729,100,,,99725,100
2019-06-28 09:48:00.000000000,100910,457,100033,257,100989,252,100010,252,100992,252,99891,252,101006,100,99890,100,101040,100,99888,100,101095,100,99884,100,101170,100,99868,100,101231,100,99764,100,101644,100,99729,100,,,99725,100
2019-06-28 09:48:01.659027622,100474,100,100033,257,100910,457,100010,252,100989,252,99891,252,100992,252,99890,100,101006,100,99888,100,101040,100,99884,100,101095,100,99868,100,101170,100,99764,100,101231,100,99729,100,101644,100,99725,100
2019-06-28 09:48:03.074912644,100474,100,100155,100,100910,457,100033,257,100989,252,100010,252,100992,252,99891,252,101006,100,99890,100,101040,100,99888,100,101095,100,99884,100,101170,100,99868,100,101644,100,99764,100,,,99729,100
2019-06-28 09:48:10.000000000,100474,257,100155,257,100910,452,100033,252,100989,252,100010,252,100992,100,99891,100,101006,100,99890,100,101040,100,99888,100,101095,100,99884,100,101170,100,99868,100,101644,100,99764,100,,,99729,100
2019-06-28 09:48:10.735425348,100474,257,100155,257,100910,452,100116,100,100989,252,100033,252,100992,100,100010,252,101006,100,99891,100,101040,100,99890,100,101095,100,99888,100,101170,100,99884,100,101644,100,99868,100,,,99764,100
2019-06-28 09:48:20.000000000,100474,192,100155,192,100910,392,100116,192,100989,192,100033,192,100992,192,100010,192,101006,192,99891,192,101040,100,99890,100,101095,100,99888,100,101170,100,99884,100,101644,100,99868,100,,,99764,100
2019-06-28 09:48:30.000000000,100474,562,100155,562,100910,300,100116,100,100989,100,100033,100,100992,100,100010,100,101006,100,99891,100,101040,100,99890,100,101095,100,99888,100,101170,100,99884,100,101644,100,99868,100,,,99764,100
2019-06-28 09:48:40.000000000,100474,562,100155,562,100910,300,100116,100,100989,100,100033,100,100992,100,100010,100,101006,100,99891,100,101040,100,99890,100,101095,100,99888,100,101170,100,99884,100,101644,100,99868,100,,,99764,100
2019-06-28 09:48:46.353002752,100474,562,100370,100,100910,300,100155,562,100989,100,100116,100,100992,100,100033,100,101006,100,100010,100,101040,100,99891,100,101095,100,99890,100,101170,100,99888,100,101644,100,99884,100,,,99868,100
2019-06-28 09:48:50.000000000,100474,216,100370,216,100910,416,100155,216,100989,216,100116,216,100992,216,100033,216,101006,100,100010,100,101040,100,99891,100,101095,100,99890,100,101170,100,99888,100,101644,100,99884,100,,,99868,100
2019-06-28 09:49:00.000000000,100474,331,100370,331,100910,531,100155,331,100989,100,100116,100,100992,100,100033,100,101006,100,100010,100,101040,100,99891,100,101095,100,99890,100,101170,100,99888,100,101644,100,99884,100,,,99868,100
2019-06-28 09:49:07.788547576,100474,331,100370,331,100598,100,100155,331,100910,531,100116,100,100989,100,100033,100,100992,100,100010,100,101006,100,99891,100,101040,100,99890,100,101095,100,99888,100,101170,100,99884,100,101644,100,99868,100
2019-06-28 09:49:10.000000000,100474,192,100370,192,100598,192,100155,192,100910,392,100116,192,100989,192,100033,192,100992,192,100010,192,101006,100,99891,100,101040,100,99890,100,101095,100,99888,100,101170,100,99884,100,101644,100,99868,100
2019-06-28 09:49:20.000000000,100474,257,100370,257,100598,252,100155,252,100910,452,100116,252,100989,100,100033,100,100992,100,100010,100,101006,100,99891,100,101040,100,99890,100,101095,100,99888,100,101170,100,99884,100,101644,100,99868,100
2019-06-28 09:49:23.152813388,100467,100,100370,257,100474,257,100155,252,100598,252,100116,252,100910,452,100033,100,100989,100,100010,100,100992,100,99891,100,101006,100,99890,100,101040,100,99888,100,101170,100,99884,100,101644,100,99868,100
2019-06-28 09:49:30.000000000,100467,331,100370,331,100474,331,100155,331,100598,100,100116,100,100910,300,100033,100,100989,100,100010,100,100992,100,99891,100,101006,100,99890,100,101040,100,99888,100,101170,100,99884,100,101644,100,99868,100
2019-06-28 09:49:39.482626890,100467,231,100370,331,100474,331,100155,331,100598,100,100033,100,100910,300,100010,100,100989,100,99891,100,100992,100,99890,100,101006,100,99888,100,101040,100,99884,100,101170,100,99868,100,101644,100,99764,100
2019-06-28 09:49:40.000000000,100474,562,100370,562,100598,100,100155,100,100910,300,100033,100,100989,100,100010,100,100992,100,99891,100,101006,100,99890,100,101040,100,99888,100,101170,100,99884,100,101644,100,99868,100,,,99764,100
2019-06-28 09:49:50.000000000,100474,257,100370,257,100598,252,100155,252,100910,452,100033,252,100989,100,100010,100,100992,100,99891,100,101006,100,99890,100,101040,100,99888,100,101170,100,99884,100,101644,100,99868,100,,,99764,100
2019-06-28 09:50:00.000000000,100474,331,100370,331,100598,331,100155,331,100910,300,100033,100,100989,100,100010,100,100992,100,99891,100,101006,100,99890,100,101040,100,99888,100,101170,100,99884,100,101644,100,99868,100,,,99764,100
2019-06-28 09:50:02.314977335,100474,331,100370,231,100598,331,100155,331,100910,300,100033,100,100989,100,100010,100,100992,100,99891,100,101006,100,99890,100,101040,100,99888,100,101170,100,99884,100,101644,100,99868,100,,,99764,100
2019-06-28 09:50:10.000000000,100474,216,100155,216,100598,216,100033,216,100910,416,100010,216,100989,216,99891,216,100992,100,99890,100,101006,100,99888,100,101040,100,99884,100,101170,100,99868,100,101644,100,99764,100,,,99729,100
2019-06-28 09:50:16.169783097,100474,216,100292,100,100598,216,100155,216,100910,416,100033,216,100989,216,100010,216,100992,100,99891,216,101006,100,99890,100,101040,100,99888,100,101170,100,99884,100,101644,100,99868,100,,,99764,100
2019-06-28 09:50:20.000000000,100474,192,100292,192,100598,192,100155,192,100910,392,100033,192,100989,192,100010,192,100992,192,99891,192,101006,100,99890,100,101040,100,99888,100,101170,100,99884,100,101644,100,99868,100,,,99764,100
2019-06-28 09:50:23.998875115,100474,192,100316,100,100598,192,100292,92,100910,392,100155,192,100989,192,100033,192,100992,192,100010,192,101006,100,99891,192,101040,100,99890,100,101170,100,99888,100,101644,100,99884,100,,,99868,100
2019-06-28 09:50:30.000000000,100474,257,100316,257,100598,252,100155,252,100910,452,100033,252,100989,100,100010,100,100992,100,99891,100,101006,100,99890,100,101040,100,99888,100,101170,100,99884,100,101644,100,99868,100,,,99764,100
2019-06-28 09:50:31.842086650,100474,257,100316,257,100598,252,100155,252,100674,100,100033,252,100910,452,100010,100,100989,100,99891,100,100992,100,99890,100,101006,100,99888,100,101040,100,99884,100,101170,100,99868,100,101644,100,99764,100
2019-06-28 09:50:35.453566282,100474,257,100371,100,100598,252,100316,257,100674,100,100155,252,100910,452,100033,252,100989,100,100010,100,100992,100,99891,100,101006,100,99890,100,101040,100,99888,100,101170,100,99884,100,101644,100,99868,100
2019-06-28 09:50:40.000000000,100474,562,100371,562,100598,100,100316,100,100674,100,100155,100,100910,300,100033,100,100989,100,100010,100,100992,100,99891,100,101006,100,99890,100,101040,100,99888,100,101170,100,99884,100,101644,100,99868,100
2019-06-28 09:50:50.000000000,100474,216,100371,216,100598,216,100316,216,100674,216,100155,216,100910,416,100033,216,100989,100,100010,100,100992,100,99891,100,101006,100,99890,100,101040,100,99888,100,101170,100,99884,100,101644,100,99868,100
2019-06-28 09:51:00.000000000,100474,331,100371,331,100598,331,100316,331,100674,100,100155,100,100910,300,100033,100,100989,100,100010,100,100992,100,99891,100,101006,100,99890,100,101040,100,99888,100,101170,100,99884,100,101644,100,99868,100
2019-06-28 09:51:10.000000000,100474,562,100371,562,100598,100,100316,100,100674,100,100155,100,100910,300,100033,100,100989,100,100010,100,100992,100,99891,100,101006,100,99890,100,101040,100,99888,100,101170,100,99884,100,101644,100,99868,100
2019-06-28 09:51:20.000000000,100474,257,100371,257,100598,252,100316,252,100674,252,100155,252,100910,300,100033,100,100989,100,100010,100,100992,100,99891,100,101006,100,99890,100,101040,100,99888,100,101170,100,99884,100,101644,100,99868,100
2019-06-28 09:51:30.000000000,100474,192,100371,192,100598,192,100316,192,100674,192,100155,192,100910,392,100033,192,100989,192,100010,192,100992,100,99891,100,101006,100,99890,100,101040,100,99888,100,101170,100,99884,100,101644,100,99868,100
2019-06-28 09:51:38.780003972,100474,192,100371,192,100598,192,100316,192,100609,100,100155,192,100674,192,100033,192,100910,392,100010,192,100989,192,99891,100,100992,100,99890,100,101006,100,99888,100,101040,100,99884,100,101170,100,99868,100
2019-06-28 09:51:40.000000000,100474,216,100371,216,100598,216,100316,216,100609,216,100155,216,100674,216,100033,216,100910,300,100010,100,100989,100,99891,100,100992,100,99890,100,101006,100,99888,100,101040,100,99884,100,101170,100,99868,100
2019-06-28 09:51:50.000000000,100474,562,100371,562,100598,100,100316,100,100609,100,100155,100,100674,100,100033,100,100910,300,100010,100,100989,100,99891,100,100992,100,99890,100,101006,100,99888,100,101040,100,99884,100,101170,100,99868,100
2019-06-28 09:52:00.000000000,100474,562,100371,562,100598,100,100316,100,100609,100,100155,100,100674,100,100033,100,100910,300,100010,100,100989,100,99891,100,100992,100,99890,100,101006,100,99888,100,101040,100,99884,100,101170,100,99868,100
2019-06-28 09:52:01.090351938,100474,562,100371,562,100598,100,100316,100,100609,100,100155,100,100628,100,100033,100,100674,100,100010,100,100910,300,99891,100,100989,100,99890,100,100992,100,99888,100,101006,100,99884,100,101040,100,99868,100
2019-06-28 09:52:10.000000000,100474,192,100371,192,100598,192,100316,192,100609,192,100155,192,100628,192,100033,192,100674,192,100010,192,100910,300,99891,100,100989,100,99890,100,100992,100,99888,100,101006,100,99884,100,101040,100,99868,100
2019-06-28 09:52:11.498312029,100474,192,100371,192,100598,192,100316,192,100609,192,100155,192,100628,192,100033,192,100674,192,100010,192,100910,300,99891,100,100989,100,99890,100,100992,100,99888,100,100996,100,99884,100,101006,100,99868,100
2019-06-28 09:52:20.000000000,100474,216,100371,216,100598,216,100316,216,100609,216,100155,216,100628,216,100033,216,100674,100,100010,100,100910,300,99891,100,100989,100,99890,100,100992,100,99888,100,100996,100,99884,100,101006,100,99868,100
2019-06-28 09:52:24.031884006,100474,216,100371,216,100598,216,100316,216,100609,116,100155,216,100628,216,100033,216,100674,100,100010,100,100676,100,99891,100,100910,300,99890,100,100989,100,99888,100,100992,100,99884,100,100996,100,99868,100
2019-06-28 09:52:30.000000000,100474,216,100371,216,100598,216,100316,216,100628,216,100155,216,100674,216,100033,216,100676,100,100010,100,100910,300,99891,100,100989,100,99890,100,100992,100,99888,100,100996,100,99884,100,101006,100,99868,100
2019-06-28 09:52:32.763353239,100474,216,100407,100,100598,216,100371,216,100628,216,100316,216,100674,216,100155,216,100676,100,100033,216,100910,300,100010,100,100989,100,99891,100,100992,100,99890,100,100996,100,99888,100,101006,100,99884,100
2019-06-28 09:52:35.914920388,100474,216,100407,100,100598,216,100371,316,100628,216,100316,216,100674,216,100155,216,100676,100,100033,216,100910,300,100010,100,100989,100,99891,100,100992,100,99890,100,100996,100,99888,100,101006,100,99884,100
2019-06-28 09:52:36.447490417,100474,116,100407,100,100598,216,100371,316,100628,216,100316,216,100674,216,100155,216,100676,100,100033,216,100910,300,100010,100,100989,100,99891,100,100992,100,99890,100,100996,100,99888,100,101006,100,99884,100
2019-06-28 09:52:40.000000000,100598,562,100407,562,100628,100,100371,200,100674,100,100316,100,100676,100,100155,100,100910,300,100033,100,100989,100,100010,100,100992,100,99891,100,100996,100,99890,100,101006,100,99888,100,101040,100,99884,100
2019-06-28 09:52:50.000000000,100598,192,100407,192,100628,192,100371,292,100674,192,100316,192,100676,192,100155,192,100910,392,100033,192,100989,100,100010,100,100992,100,99891,100,100996,100,99890,100,101006,100,99888,100,101040,100,99884,100
2019-06-28 09:53:00.000000000,100598,257,100407,257,100628,252,100371,352,100674,252,100316,252,100676,100,100155,100,100910,300,100033,100,100989,100,100010,100,100992,100,99891,100,100996,100,99890,100,101006,100,99888,100,101040,100,99884,100
2019-06-28 09:53:01.467527709,100598,257,100407,257,100628,252,100371,352,100674,252,100316,252,100676,100,100155,100,100852,100,100033,100,100910,300,100010,100,100989,100,99891,100,100992,100,99890,100,100996,100,99888,100,101006,100,99884,100
2019-06-28 09:53:10.000000000,100598,192,100407,192,100628,192,100371,292,100674,192,100316,192,100676,192,100155,192,100852,192,100033,192,100910,300,100010,100,100989,100,99891,100,100992,100,99890,100,100996,100,99888,100,101006,100,99884,100
2019-06-28 09:53:14.201295407,100598,192,100407,192,100628,192,100371,292,100662,100,100316,192,100674,192,100155,192,100676,192,100033,192,100852,192,100010,100,100910,300,99891,100,100989,100,99890,100,100992,100,99888,100,100996,100,99884,100
2019-06-28 09:53:17.423386759,100598,192,100407,192,100628,192,100371,292,100662,100,100316,192,100674,192,100155,192,100676,192,100033,192,100852,192,100010,100,100910,200,99891,100,100989,100,99890,100,100992,100,99888,100,100996,100,99884,100
2019-06-28 09:53:20.000000000,100598,192,100407,192,100628,192,100371,292,100662,192,100316,192,100674,192,100155,192,100676,192,100033,192,100852,100,100010,100,100910,200,99891,100,100989,100,99890,100,100992,100,99888,100,100996,100,99884,100
2019-06-28 09:53:21.333370930,100598,192,100408,100,100628,192,100407,192,100662,192,100371,292,100674,192,100316,192,100676,192,100155,192,100852,100,100033,192,100910,200,100010,100,100989,100,99891,100,100992,100,99890,100,100996,100,99888,100
2019-06-28 09:53:30.000000000,100598,192,100408,192,100628,192,100407,192,100662,192,100371,292,100674,192,100316,192,100676,192,100155,192,100852,100,100033,100,100910,200,100010,100,100989,100,99891,100,100992,100,99890,100,100996,100,99888,100
2019-06-28 09:53:40.000000000,100598,257,100408,257,100628,252,100407,252,100662,252,100371,352,100674,100,100316,100,100676,100,100155,100,100852,100,100033,100,100910,200,100010,100,100989,100,99891,100,100992,100,99890,100,100996,100,99888,100
2019-06-28 09:53:44.060700432,100598,157,100408,257,100628,252,100407,252,100662,252,100371,352,100674,100,100316,100,100676,100,100155,100,100852,100,100033,100,100910,200,100010,100,100989,100,99891,100,100992,100,99890,100,100996,100,99888,100
2019-06-28 09:53:50.000000000,100628,216,100408,216,100662,216,100407,216,100674,216,100371,316,100676,216,100316,216,100852,100,100155,100,100910,200,100033,100,100989,100,100010,100,100992,100,99891,100,100996,100,99890,100,101006,100,99888,100
2019-06-28 09:54:00.000000000,100628,331,100408,331,100662,331,100407,331,100674,100,100371,200,100676,100,100316,100,100852,100,100155,100,100910,200,100033,100,100989,100,100010,100,100992,100,99891,100,100996,100,99890,100,101006,100,99888,100
2019-06-28 09:54:10.000000000,100628,331,100408,331,100662,331,100407,331,100674,100,100371,200,100676,100,100316,100,100852,100,100155,100,100910,200,100033,100,100989,100,100010,100,100992,100,99891,100,100996,100,99890,100,101006,100,99888,100
2019-06-28 09:54:20.000000000,100628,216,100408,216,100662,216,100407,216,100674,216,100371,316,100676,216,100316,216,100852,100,100155,100,100910,200,100033,100,100989,100,100010,100,100992,100,99891,100,100996,100,99890,100,101006,100,99888,100
2019-06-28 09:54:27.558962120,100446,100,100408,216,100628,216,100407,216,100662,216,100371,316,100674,216,100316,216,100676,216,100155,100,100852,100,100033,100,100910,200,100010,100,100989,100,99891,100,100992,100,99890,100,100996,100,99888,100
2019-06-28 09:54:30.000000000,100446,331,100408,331,100628,331,100407,331,100662,100,100371,200,100674,100,100316,100,100676,100,100155,100,100852,100,100033,100,100910,200,100010,100,100989,100,99891,100,100992,100,99890,100,100996,100,99888,100
2019-06-28 09:54:30.956517058,100446,331,100408,331,100473,100,100407,331,100628,331,100371,200,100662,100,100316,100,100674,100,100155,100,100676,100,100033,100,100852,100,100010,100,100910,200,99891,100,100989,100,99890,100,100992,100,99888,100
2019-06-28 09:54:40.000000000,100446,331,100408,331,100473,331,100407,331,100628,100,100371,200,100662,100,100316,100,100674,100,100155,100,100676,100,100033,100,100852,100,100010,100,100910,200,99891,100,100989,100,99890,100,100992,100,99888,100
2019-06-28 09:54:45.864496891,100446,331,100408,331,100473,431,100407,331,100628,100,100371,100,100662,100,100316,100,100674,100,100155,100,100676,100,100033,100,100852,100,100010,100,100910,200,99891,100,100989,100,99890,100,100992,100,99888,100
2019-06-28 09:54:46.239573891,100446,331,100408,331,100473,531,100407,331,100628,100,100371,100,100662,100,100316,100,100674,100,100155,100,100676,100,100033,100,100852,100,100010,100,100910,200,99891,100,100989,100,99890,100,100992,100,99888,100
2019-06-28 09:54:50.000000000,100446,192,100408,192,100473,392,100407,192,100628,192,100371,192,100662,192,100316,192,100674,192,100155,192,100676,100,100033,100,100852,100,100010,100,100910,200,99891,100,100989,100,99890,100,100992,100,99888,100
2019-06-28 09:54:58.030764856,100446,192,100408,92,100473,392,100407,192,100628,192,100371,192,100662,192,100316,192,100674,192,100155,192,100676,100,100033,100,100852,100,100010,100,100910,200,99891,100,100989,100,99890,100,100992,100,99888,100
2019-06-28 09:55:00.000000000,100446,257,100407,257,100473,452,100371,252,100628,252,100316,252,100662,100,100155,100,100674,100,100033,100,100676,100,100010,100,100852,100,99891,100,100910,200,99890,100,100989,100,99888,100,100992,100,99884,100
2019-06-28 09:55:10.000000000,100446,257,100407,257,100473,452,100371,252,100628,252,100316,252,100662,100,100155,100,100674,100,100033,100,100676,100,100010,100,100852,100,99891,100,100910,200,99890,100,100989,100,99888,100,100992,100,99884,100
2019-06-28 09:55:20.000000000,100446,192,100407,192,100473,392,100371,192,100628,192,100316,192,100662,192,100155,192,100674,192,100033,192,100676,100,100010,100,100852,100,99891,100,100910,200,99890,100,100989,100,99888,100,100992,100,99884,100
2019-06-28 09:55:30.000000000,100446,331,100407,331,100473,531,100371,331,100628,100,100316,100,100662,100,100155,100,100674,100,100033,100,100676,100,100010,100,100852,100,99891,100,100910,200,99890,100,100989,100,99888,100,100992,100,99884,100
2019-06-28 09:55:40.000000000,100446,257,100407,257,100473,452,100371,252,100628,252,100316,252,100662,100,100155,100,100674,100,100033,100,100676,100,100010,100,100852,100,99891,100,100910,200,99890,100,100989,100,99888,100,100992,100,99884,100
2019-06-28 09:55:49.128820045,100446,257,100407,157,100473,452,100371,252,100628,252,100316,252,100662,100,100155,100,100674,100,100033,100,100676,100,100010,100,100852,100,99891,100,100910,200,99890,100,100989,100,99888,100,100992,100,99884,100
2019-06-28 09:55:50.000000000,100446,216,100371,216,100473,416,100316,216,100628,216,100155,216,100662,216,100033,216,100674,100,100010,100,100676,100,99891,100,100852,100,99890,100,100910,200,99888,100,100989,100,99884,100,100992,100,99868,100
2019-06-28 09:55:55.586764366,100446,216,100371,216,100473,416,100316,216,100628,216,100155,216,100662,216,100033,216,100674,100,100010,100,100676,100,99957,100,100852,100,99891,100,100910,200,99890,100,100989,100,99888,100,100992,100,99884,100
2019-06-28 09:56:00.000000000,100446,192,100371,192,100473,392,100316,192,100628,192,100155,192,100662,192,100033,192,100674,192,100010,192,100676,100,99957,100,100852,100,99891,100,100910,200,99890,100,100989,100,99888,100,100992,100,99884,100
2019-06-28 09:56:00.434144462,100408,100,100371,192,100446,192,100316,192,100473,392,100155,192,100628,192,100033,192,100662,192,100010,192,100674,192,99957,100,100676,100,99891,100,100852,100,99890,100,100910,200,99888,100,100989,100,99884,100
2019-06-28 09:56:10.000000000,100408,257,100371,257,100446,252,100316,252,100473,452,100155,252,100628,100,100033,100,100662,100,100010,100,100674,100,99957,100,100676,100,99891,100,100852,100,99890,100,100910,200,99888,100,100989,100,99884,100
2019-06-28 09:56:20.000000000,100408,216,100371,216,100446,216,100316,216,100473,416,100155,216,100628,216,100033,216,100662,100,100010,100,100674,100,99957,100,100676,100,99891,100,100852,100,99890,100,100910,200,99888,100,100989,100,99884,100
2019-06-28 09:56:30.000000000,100408,331,100371,331,100446,331,100316,331,100473,300,100155,100,100628,100,100033,100,100662,100,100010,100,100674,100,99957,100,100676,100,99891,100,100852,100,99890,100,100910,200,99888,100,100989,100,99884,100
2019-06-28 09:56:35.497418767,100408,231,100371,231,100446,331,100316,331,100473,300,100155,100,100628,100,100033,100,100662,100,100010,100,100674,100,99957,100,100676,100,99891,100,100852,100,99890,100,100910,200,99888,100,100989,100,99884,100
2019-06-28 09:56:40.000000000,100446,331,100316,331,100473,531,100155,331,100628,100,100033,100,100662,100,100010,100,100674,100,99957,100,100676,100,99891,100,100852,100,99890,100,100910,200,99888,100,100989,100,99884,100,100992,100,99868,100
2019-06-28 09:56:44.007801827,100446,331,100316,331,100473,531,100155,331,100628,100,100033,100,100662,100,100010,100,100674,100,99957,100,100676,100,99891,100,100852,100,99890,100,100910,200,99888,100,100989,100,99884,100,100992,100,99868,100
2019-06-28 09:56:50.000000000,100446,192,100316,192,100473,392,100155,192,100628,192,100033,192,100662,192,100010,192,100674,192,99957,192,100676,100,99891,100,100852,100,99890,100,100910,200,99888,100,100989,100,99884,100,100992,100,99868,100
2019-06-28 09:57:00.000000000,100446,192,100316,192,100473,392,100155,192,100628,192,100033,192,100662,192,100010,192,100674,192,99957,192,100676,100,99891,100,100852,100,99890,100,100910,200,99888,100,100989,100,99884,100,100992,100,99868,100
2019-06-28 09:57:10.000000000,100446,216,100316,216,100473,416,100155,216,100628,216,100033,216,100662,216,100010,216,100674,100,99957,100,100676,100,99891,100,100852,100,99890,100,100910,200,99888,100,100989,100,99884,100,100992,100,99868,100
2019-06-28 09:57:20.000000000,100446,257,100316,257,100473,452,100155,252,100628,252,100033,252,100662,100,100010,100,100674,100,99957,100,100676,100,99891,100,100852,100,99890,100,100910,200,99888,100,100989,100,99884,100,100992,100,99868,100
2019-06-28 09:57:25.477637363,100446,157,100316,257,100473,452,100155,252,100628,252,100033,252,100662,100,100010,100,100674,100,99957,100,100676,100,99891,100,100852,100,99890,100,100910,200,99888,100,100989,100,99884,100,100992,100,99868,100
2019-06-28 09:57:30.000000000,100473,762,100316,562,100628,100,100155,100,100662,100,100033,100,100674,100,100010,100,100676,100,99957,100,100852,100,99891,100,100910,200,99890,100,100989,100,99888,100,100992,100,99884,100,100996,100,99868,100
2019-06-28 09:57:34.455891359,100473,662,100316,562,100628,100,100155,100,100662,100,100033,100,100674,100,100010,100,100676,100,99957,100,100852,100,99891,100,100910,200,99890,100,100989,100,99888,100,100992,100,99884,100,100996,100,99868,100
2019-06-28 09:57:40.000000000,100473,357,100316,257,100628,252,100155,252,100662,252,100033,252,100674,100,100010,100,100676,100,99957,100,100852,100,99891,100,100910,200,99890,100,100989,100,99888,100,100992,100,99884,100,100996,100,99868,100
2019-06-28 09:57:41.255173800,100473,357,100408,100,100628,252,100316,257,100662,252,100155,252,100674,100,100033,252,100676,100,100010,100,100852,100,99957,100,100910,200,99891,100,100989,100,99890,100,100992,100,99888,100,100996,100,99884,100
2019-06-28 09:57:50.000000000,100473,316,100408,216,100628,216,100316,216,100662,216,100155,216,100674,216,100033,216,100676,100,100010,100,100852,100,99957,100,100910,200,99891,100,100989,100,99890,100,100992,100,99888,100,100996,100,99884,100
2019-06-28 09:58:00.000000000,100473,357,100408,257,100628,252,100316,252,100662,252,100155,252,100674,100,100033,100,100676,100,100010,100,100852,100,99957,100,100910,200,99891,100,100989,100,99890,100,100992,100,99888,100,100996,100,99884,100
2019-06-28 09:58:10.000000000,100473,316,100408,216,100628,216,100316,216,100662,216,100155,216,100674,216,100033,216,100676,100,100010,100,100852,100,99957,100,100910,200,99891,100,100989,100,99890,100,100992,100,99888,100,100996,100,99884,100
2019-06-28 09:58:14.845017474,100473,316,100408,316,100628,216,100316,216,100662,216,100155,216,100674,216,100033,216,100676,100,100010,100,100852,100,99957,100,100910,200,99891,100,100989,100,99890,100,100992,100,99888,100,100996,100,99884,100
2019-06-28 09:58:19.204899821,100473,216,100408,316,100628,216,100316,216,100662,216,100155,216,100674,216,100033,216,100676,100,100010,100,100852,100,99957,100,100910,200,99891,100,100989,100,99890,100,100996,100,99888,100,101006,100,99884,100
2019-06-28 09:58:20.000000000,100473,216,100408,316,100628,216,100316,216,100662,216,100155,216,100674,216,100033,216,100676,100,100010,100,100852,100,99957,100,100910,200,99891,100,100989,100,99890,100,100996,100,99888,100,101006,100,99884,100
2019-06-28 09:58:30.000000000,100473,562,100408,662,100628,100,100316,100,100662,100,100155,100,100674,100,100033,100,100676,100,100010,100,100852,100,99957,100,100910,200,99891,100,100989,100,99890,100,100996,100,99888,100,101006,100,99884,100
2019-06-28 09:58:40.000000000,100473,257,100408,357,100628,252,100316,252,100662,252,100155,252,100674,100,100033,100,100676,100,100010,100,100852,100,99957,100,100910,200,99891,100,100989,100,99890,100,100996,100,99888,100,101006,100,99884,100
2019-06-28 09:58:50.000000000,100473,257,100408,357,100628,252,100316,252,100662,252,100155,252,100674,100,100033,100,100676,100,100010,100,100852,100,99957,100,100910,200,99891,100,100989,100,99890,100,100996,100,99888,100,101006,100,99884,100
2019-06-28 09:58:52.984417750,100473,257,100408,357,100628,252,100316,252,100662,252,100155,252,100674,100,100033,100,100676,100,100010,100,100852,100,99957,100,100910,200,99891,100,100989,100,99890,100,100996,100,99888,100,101006,100,99884,100
2019-06-28 09:58:55.290079693,100473,157,100408,357,100628,252,100316,252,100662,252,100155,252,100674,100,100033,100,100676,100,100010,100,100852,100,99957,100,100910,200,99891,100,100989,100,99890,100,100996,100,99888,100,101006,100,99884,100
2019-06-28 09:59:00.000000000,100628,216,100408,316,100662,216,100316,216,100674,216,100155,216,100676,216,100033,216,100852,100,100010,100,100910,200,99957,100,100989,100,99891,100,100996,100,99890,100,101006,100,99888,100,101040,100,99884,100
2019-06-28 09:59:04.571102682,100628,216,100473,100,100662,216,100408,316,100674,216,100316,216,100676,216,100155,216,100852,100,100033,216,100910,200,100010,100,100989,100,99957,100,100996,100,99891,100,101006,100,99890,100,101040,100,99888,100
2019-06-28 09:59:09.886375161,100628,216,100473,100,100662,216,100408,316,100674,216,100316,216,100676,216,100155,216,100852,100,100033,216,100910,200,100010,100,100989,100,99957,100,100996,100,99891,100,101006,100,99890,100,101040,100,99888,100
2019-06-28 09:59:10.000000000,100628,562,100473,562,100662,100,100408,200,100674,100,100316,100,100676,100,100155,100,100852,100,100033,100,100910,200,100010,100,100989,100,99957,100,100996,100,99891,100,101006,100,99890,100,101040,100,99888,100
2019-06-28 09:59:20.000000000,100628,216,100473,216,100662,216,100408,316,100674,216,100316,216,100676,216,100155,216,100852,100,100033,100,100910,200,100010,100,100989,100,99957,100,100996,100,99891,100,101006,100,99890,100,101040,100,99888,100
2019-06-28 09:59:26.454377491,100628,216,100473,316,100662,216,100408,316,100674,216,100316,216,100676,216,100155,216,100852,100,100033,100,100910,200,100010,100,100989,100,99957,100,100996,100,99891,100,101006,100,99890,100,101040,100,99888,100
2019-06-28 09:59:30.000000000,100628,562,100473,662,100662,100,100408,200,100674,100,100316,100,100676,100,100155,100,100852,100,100033,100,100910,200,100010,100,100989,100,99957,100,100996,100,99891,100,101006,100,99890,100,101040,100,99888,100
2019-06-28 09:59:40.000000000,100628,331,100473,431,100662,331,100408,431,100674,100,100316,100,100676,100,100155,100,100852,100,100033,100,100910,200,100010,100,100989,100,99957,100,100996,100,99891,100,101006,100,99890,100,101040,100,99888,100
2019-06-28 09:59:50.000000000,100628,216,100473,316,100662,216,100408,316,100674,216,100316,216,100676,216,100155,216,100852,100,100033,100,100910,200,100010,100,100989,100,99957,100,100996,100,99891,100,101006,100,99890,100,101040,100,99888,100
2019-06-28 10:00:00.000000000,100628,192,100473,292,100662,192,100408,292,100674,192,100316,192,100676,192,100155,192,100852,192,100033,192,100910,200,100010,100,100989,100,99957,100,100996,100,99891,100,101006,100,99890,100,101040,100,99888,100
2019-06-28 10:00:10.000000000,100628,562,100473,662,100662,100,100408,200,100674,100,100316,100,100676,100,100155,100,100852,100,100033,100,100910,200,100010,100,100989,100,99957,100,100996,100,99891,100,101006,100,99890,100,101040,100,99888,100
2019-06-28 10:00:11.130167447,100628,562,100473,762,100662,100,100408,100,100674,100,100316,100,100676,100,100155,100,100852,100,100033,100,100910,200,100010,100,100989,100,99957,100,100996,100,99891,100,101006,100,99890,100,101040,100,99888,100
2019-06-28 10:00:20.000000000,100628,562,100473,762,100662,100,100408,100,100674,100,100316,100,100676,100,100155,100,100852,100,100033,100,100910,200,100010,100,100989,100,99957,100,100996,100,99891,100,101006,100,99890,100,101040,100,99888,100
2019-06-28 10:00:30.000000000,100628,562,100473,762,100662,100,100408,100,100674,100,100316,100,100676,100,100155,100,100852,100,100033,100,100910,200,100010,100,100989,100,99957,100,100996,100,99891,100,101006,100,99890,100,101040,100,99888,100
2019-06-28 10:00:40.000000000,100628,562,100473,762,100662,100,100408,100,100674,100,100316,100,100676,100,100155,100,100852,100,100033,100,100910,200,100010,100,100989,100,99957,100,100996,100,99891,100,101006,100,99890,100,101040,100,99888,100
2019-06-28 10:00:44.756456803,100628,462,100473,762,100662,100,100408,100,100674,100,100316,100,100676,100,100155,100,100852,100,100033,100,100910,200,100010,100,100989,100,99957,100,100996,100,99891,100,101006,100,99890,100,101040,100,99888,100
2019-06-28 10:00:50.000000000,100662,192,100473,392,100674,192,100408,192,100676,192,100316,192,100852,192,100155,192,100910,292,100033,192,100989,100,100010,100,100996,100,99957,100,101006,100,99891,100,101040,100,99890,100,101117,100,99888,100
2019-06-28 10:01:00.000000000,100662,562,100473,762,100674,100,100408,100,100676,100,100316,100,100852,100,100155,100,100910,200,100033,100,100989,100,100010,100,100996,100,99957,100,101006,100,99891,100,101040,100,99890,100,101117,100,99888,100
2019-06-28 10:01:05.116596736,100662,462,100473,762,100674,100,100408,100,100676,100,100316,100,100852,100,100155,100,100910,200,100033,100,100989,100,100010,100,100996,100,99957,100,101006,100,99891,100,101040,100,99890,100,101117,100,99888,100
2019-06-28 10:01:10.000000000,100674,562,100473,762,100676,100,100408,100,100852,100,100316,100,100910,200,100155,100,100989,100,100033,100,100996,100,100010,100,101006,100,99957,100,101040,100,99891,100,101117,100,99890,100,101142,100,99888,100
2019-06-28 10:01:11.163612245,100674,462,100473,762,100676,100,100408,100,100852,100,100316,100,100910,200,100155,100,100989,100,100033,100,100996,100,100010,100,101006,100,99957,100,101040,100,99891,100,101117,100,99890,100,101142,100,99888,100
2019-06-28 10:01:20.000000000,100676,257,100473,457,100852,252,100408,252,100910,352,100316,252,100989,100,100155,100,100996,100,100033,100,101006,100,100010,100,101040,100,99957,100,101117,100,99891,100,101142,100,99890,100,101203,100,99888,100
2019-06-28 10:01:24.918238156,100676,157,100473,457,100852,252,100408,252,100910,352,100316,252,100989,100,100155,100,100996,100,100033,100,101006,100,100010,100,101040,100,99957,100,101117,100,99891,100,101142,100,99890,100,101203,100,99888,100
2019-06-28 10:01:25.804438517,100676,57,100473,457,100852,252,100408,252,100910,352,100316,252,100989,100,100155,100,100996,100,100033,100,101006,100,100010,100,101040,100,99957,100,101117,100,99891,100,101142,100,99890,100,101203,100,99888,100
2019-06-28 10:01:30.000000000,100852,192,100473,392,100910,292,100408,192,100989,192,100316,192,100996,192,100155,192,101006,192,100033,192,101040,100,100010,100,101117,100,99957,100,101142,100,99891,100,101203,100,99890,100,101644,100,99888,100
2019-06-28 10:01:34.296470819,100852,192,100676,100,100910,292,100473,392,100989,192,100408,192,100996,192,100316,192,101006,192,100155,192,101040,100,100033,192,101117,100,100010,100,101142,100,99957,100,101203,100,99891,100,101644,100,99890,100
2019-06-28 10:01:40.000000000,100852,257,100676,257,100910,352,100473,452,100989,252,100408,252,100996,100,100316,100,101006,100,100155,100,101040,100,100033,100,101117,100,100010,100,101142,100,99957,100,101203,100,99891,100,101644,100,99890,100
2019-06-28 10:01:40.555778590,100852,157,100676,257,100910,352,100473,452,100989,252,100408,252,100996,100,100316,100,101006,100,100155,100,101040,100,100033,100,101117,100,100010,100,101142,100,99957,100,101203,100,99891,100,101644,100,99890,100
2019-06-28 10:01:46.482053441,100852,157,100676,257,100910,352,100473,452,100989,252,100408,252,100996,100,100316,100,101006,100,100155,100,101040,100,100033,100,101117,100,100010,100,101127,100,99957,100,101142,100,99891,100,101203,100,99890,100
2019-06-28 10:01:49.750709527,100852,157,100676,257,100910,352,100473,452,100989,252,100408,252,100996,100,100316,100,101006,100,100155,100,101040,100,100033,100,101117,100,100010,100,101127,100,99957,100,101142,100,99891,100,101203,100,99890,100
2019-06-28 10:01:50.000000000,100910,431,100676,331,100989,331,100473,531,100996,100,100408,100,101006,100,100316,100,101040,100,100155,100,101117,100,100033,100,101127,100,100010,100,101142,100,99957,100,101203,100,99891,100,101381,100,99890,100
2019-06-28 10:01:51.423776009,100910,431,100676,231,100989,331,100473,531,100996,100,100408,100,101006,100,100316,100,101040,100,100155,100,101117,100,100033,100,101127,100,100010,100,101142,100,99957,100,101203,100,99891,100,101381,100,99890,100
2019-06-28 10:02:00.000000000,100910,316,100473,416,100989,216,100408,216,100996,216,100316,216,101006,216,100155,216,101040,100,100033,100,101117,100,100010,100,101127,100,99957,100,101142,100,99891,100,101203,100,99890,100,101381,100,99888,100
2019-06-28 10:02:00.728757185,100910,216,100473,416,100989,216,100408,216,100996,216,100316,216,101006,216,100155,216,101040,100,100033,100,101117,100,100010,100,101127,100,99957,100,101142,100,99891,100,101203,100,99890,100,101381,100,99888,100
2019-06-28 10:02:09.095212897,100910,216,100473,416,100989,216,100408,216,100996,216,100316,216,101006,316,100155,216,101117,100,100033,100,101127,100,100010,100,101142,100,99957,100,101203,100,99891,100,101381,100,99890,100,101644,100,99888,100
2019-06-28 10:02:10.000000000,100910,192,100473,392,100989,192,100408,192,100996,192,100316,192,101006,292,100155,192,101117,192,100033,192,101127,100,100010,100,101142,100,99957,100,101203,100,99891,100,101381,100,99890,100,101644,100,99888,100
2019-06-28 10:02:20.000000000,100910,216,100473,416,100989,216,100408,216,100996,216,100316,216,101006,316,100155,216,101117,100,100033,100,101127,100,100010,100,101142,100,99957,100,101203,100,99891,100,101381,100,99890,100,101644,100,99888,100
2019-06-28 10:02:30.000000000,100910,562,100473,762,100989,100,100408,100,100996,100,100316,100,101006,200,100155,100,101117,100,100033,100,101127,100,100010,100,101142,100,99957,100,101203,100,99891,100,101381,100,99890,100,101644,100,99888,100
2019-06-28 10:02:40.000000000,100910,216,100473,416,100989,216,100408,216,100996,216,100316,216,101006,316,100155,216,101117,100,100033,100,101127,100,100010,100,101142,100,99957,100,101203,100,99891,100,101381,100,99890,100,101644,100,99888,100
2019-06-28 10:02:50.000000000,100910,192,100473,392,100989,192,100408,192,100996,192,100316,192,101006,292,100155,192,101117,192,100033,192,101127,100,100010,100,101142,100,99957,100,101203,100,99891,100,101381,100,99890,100,101644,100,99888,100
2019-06-28 10:03:00.000000000,100910,192,100473,392,100989,192,100408,192,100996,192,100316,192,101006,292,100155,192,101117,192,100033,192,101127,100,100010,100,101142,100,99957,100,101203,100,99891,100,101381,100,99890,100,101644,100,99888,100
2019-06-28 10:03:10.000000000,100910,192,100473,392,100989,192,100408,192,100996,192,100316,192,101006,292,100155,192,101117,192,100033,192,101127,100,100010,100,101142,100,99957,100,101203,100,99891,100,101381,100,99890,100,101644,100,99888,100
2019-06-28 10:03:20.000000000,100910,216,100473,416,100989,216,100408,216,100996,216,100316,216,101006,316,100155,216,101117,100,100033,100,101127,100,100010,100,101142,100,99957,100,101203,100,99891,100,101381,100,99890,100,101644,100,99888,100
2019-06-28 10:03:30.000000000,100910,331,100473,531,100989,331,100408,331,100996,100,100316,100,101006,200,100155,100,101117,100,100033,100,101127,100,100010,100,101142,100,99957,100,101203,100,99891,100,101381,100,99890,100,101644,100,99888,100
2019-06-28 10:03:40.000000000,100910,216,100473,416,100989,216,100408,216,100996,216,100316,216,101006,316,100155,216,101117,100,100033,100,101127,100,100010,100,101142,100,99957,100,101203,100,99891,100,101381,100,99890,100,101644,100,99888,100
2019-06-28 10:03:47.851264274,100910,216,100675,100,100989,216,100473,416,100996,216,100408,216,101006,316,100316,216,101117,100,100155,216,101127,100,100033,100,101142,100,100010,100,101203,100,99957,100,101381,100,99891,100,101644,100,99890,100
2019-06-28 10:03:50.000000000,100910,216,100675,216,100989,216,100473,416,100996,216,100408,216,101006,316,100316,216,101117,100,100155,100,101127,100,100033,100,101142,100,100010,100,101203,100,99957,100,101381,100,99891,100,101644,100,99890,100
2019-06-28 10:03:58.247382792,100910,216,100675,216,100989,216,100494,100,100996,216,100473,416,101006,316,100408,216,101117,100,100316,216,101127,100,100155,100,101142,100,100033,100,101203,100,100010,100,101381,100,99957,100,101644,100,99891,100
2019-06-28 10:04:00.000000000,100910,331,100675,331,100989,331,100494,331,100996,100,100473,300,101006,200,100408,100,101117,100,100316,100,101127,100,100155,100,101142,100,100033,100,101203,100,100010,100,101381,100,99957,100,101644,100,99891,100
2019-06-28 10:04:04.835648186,100910,331,100737,100,100989,331,100675,331,100996,100,100494,331,101006,200,100473,300,101117,100,100408,100,101127,100,100316,100,101142,100,100155,100,101203,100,100033,100,101381,100,100010,100,101644,100,99957,100
2019-06-28 10:04:09.729575849,100781,100,100737,100,100910,331,100675,331,100989,331,100494,331,100996,100,100473,300,101006,200,100408,100,101117,100,100316,100,101127,100,100155,100,101142,100,100033,100,101381,100,100010,100,101644,100,99957,100
2019-06-28 10:04:10.000000000,100781,562,100737,562,100910,100,100675,100,100989,100,100494,100,100996,100,100473,300,101006,200,100408,100,101117,100,100316,100,101127,100,100155,100,101142,100,100033,100,101381,100,100010,100,101644,100,99957,100
2019-06-28 10:04:11.937731807,100775,100,100737,562,100781,562,100675,100,100910,100,100494,100,100989,100,100473,300,100996,100,100408,100,101006,200,100316,100,101117,100,100155,100,101127,100,100033,100,101142,100,100010,100,101381,100,99957,100
2019-06-28 10:04:12.670746227,100781,562,100737,562,100910,100,100675,100,100989,100,100494,100,100996,100,100488,100,101006,200,100473,300,101117,100,100408,100,101127,100,100316,100,101142,100,100155,100,101381,100,100033,100,101644,100,100010,100
2019-06-28 10:04:19.419156950,100781,562,100737,562,100851,100,100675,100,100910,100,100494,100,100989,100,100488,100,100996,100,100473,300,101006,200,100408,100,101117,100,100316,100,101127,100,100155,100,101142,100,100033,100,101381,100,100010,100
2019-06-28 10:04:20.000000000,100781,562,100737,562,100851,100,100675,100,100910,100,100494,100,100989,100,100488,100,100996,100,100473,300,101006,200,100408,100,101117,100,100316,100,101127,100,100155,100,101142,100,100033,100,101381,100,100010,100
2019-06-28 10:04:26.244627708,100781,462,100737,562,100851,100,100675,100,100910,100,100494,100,100989,100,100488,100,100996,100,100473,300,101006,100,100408,100,101117,100,100316,100,101127,100,100155,100,101142,100,100033,100,101381,100,100010,100
2019-06-28 10:04:30.000000000,100851,192,100737,192,100910,192,100675,192,100989,192,100494,192,100996,192,100488,192,101006,192,100473,392,101117,100,100408,100,101127,100,100316,100,101142,100,100155,100,101381,100,100033,100,101644,100,100010,100
2019-06-28 10:04:36.854618132,100851,192,100737,192,100910,192,100675,192,100989,192,100494,192,100996,192,100488,192,101006,192,100473,392,101117,100,100316,100,101127,100,100155,100,101142,100,100033,100,101381,100,100010,100,101644,100,99957,100
2019-06-28 10:04:40.000000000,100851,192,100737,192,100910,192,100675,192,100989,192,100494,192,100996,192,100488,192,101006,192,100473,392,101117,100,100316,100,101127,100,100155,100,101142,100,100033,100,101381,100,100010,100,101644,100,99957,100
2019-06-28 10:04:47.514956622,100851,192,100775,100,100910,192,100737,192,100989,192,100675,192,100996,192,100494,192,101006,192,100488,192,101117,100,100473,392,101127,100,100316,100,101142,100,100155,100,101381,100,100033,100,101644,100,100010,100
2019-06-28 10:04:50.000000000,100851,216,100775,216,100910,216,100737,216,100989,216,100675,216,100996,216,100494,216,101006,100,100488,100,101117,100,100473,300,101127,100,100316,100,101142,100,100155,100,101381,100,100033,100,101644,100,100010,100
2019-06-28 10:05:00.000000000,100851,216,100775,216,100910,216,100737,216,100989,216,100675,216,100996,216,100494,216,101006,100,100488,100,101117,100,100473,300,101127,100,100316,100,101142,100,100155,100,101381,100,100033,100,101644,100,100010,100
2019-06-28 10:05:10.000000000,100851,192,100775,192,100910,192,100737,192,100989,192,100675,192,100996,192,100494,192,101006,192,100488,192,101117,100,100473,300,101127,100,100316,100,101142,100,100155,100,101381,100,100033,100,101644,100,100010,100
2019-06-28 10:05:20.000000000,100851,216,100775,216,100910,216,100737,216,100989,216,100675,216,100996,216,100494,216,101006,100,100488,100,101117,100,100473,300,101127,100,100316,100,101142,100,100155,100,101381,100,100033,100,101644,100,100010,100
2019-06-28 10:05:28.321501970,100851,216,100775,216,100910,216,100737,216,100989,216,100675,216,100996,216,100565,100,101006,100,100494,216,101117,100,100488,100,101127,100,100473,300,101142,100,100316,100,101381,100,100155,100,101644,100,100033,100
2019-06-28 10:05:30.000000000,100851,257,100775,257,100910,252,100737,252,100989,252,100675,252,100996,100,100565,100,101006,100,100494,100,101117,100,100488,100,101127,100,100473,300,101142,100,100316,100,101381,100,100155,100,101644,100,100033,100
2019-06-28 10:05:33.450720615,100851,257,100775,357,100910,252,100737,252,100989,252,100675,252,100996,100,100565,100,101006,100,100494,100,101117,100,100488,100,101127,100,100473,300,101142,100,100316,100,101381,100,100155,100,101644,100,100033,100
2019-06-28 10:05:34.104166666,100851,257,100775,357,100910,252,100737,252,100989,252,100734,100,100996,100,100675,252,101006,100,100565,100,101117,100,100494,100,101127,100,100488,100,101142,100,100473,300,101381,100,100316,100,101644,100,100155,100
2019-06-28 10:05:40.000000000,100851,192,100775,292,100910,192,100737,192,100989,192,100734,192,100996,192,100675,192,101006,192,100565,192,101117,100,100494,100,101127,100,100488,100,101142,100,100473,300,101381,100,100316,100,101644,100,100155,100
2019-06-28 10:05:50.000000000,100851,257,100775,357,100910,252,100737,252,100989,252,100734,252,100996,100,100675,100,101006,100,100565,100,101117,100,100494,100,101127,100,100488,100,101142,100,100473,300,101381,100,100316,100,101644,100,100155,100
2019-06-28 10:06:00.000000000,100851,192,100775,292,100910,192,100737,192,100989,192,100734,192,100996,192,100675,192,101006,192,100565,192,101117,100,100494,100,101127,100,100488,100,101142,100,100473,300,101381,100,100316,100,101644,100,100155,100
2019-06-28 10:06:05.692397301,100851,192,100775,292,100880,100,100737,192,100910,192,100734,192,100989,192,100675,192,100996,192,100565,192,101006,192,100494,100,101117,100,100488,100,101127,100,100473,300,101142,100,100316,100,101381,100,100155,100
2019-06-28 10:06:10.000000000,100851,192,100775,292,100880,192,100737,192,100910,192,100734,192,100989,192,100675,192,100996,192,100565,192,101006,100,100494,100,101117,100,100488,100,101127,100,100473,300,101142,100,100316,100,101381,100,100155,100
2019-06-28 10:06:20.000000000,100851,562,100775,662,100880,100,100737,100,100910,100,100734,100,100989,100,100675,100,100996,100,100565,100,101006,100,100494,100,101117,100,100488,100,101127,100,100473,300,101142,100,100316,100,101381,100,100155,100
2019-06-28 10:06:25.467597098,100851,562,100775,562,100880,100,100737,100,100910,100,100734,100,100989,100,100675,100,100996,100,100565,100,101006,100,100494,100,101117,100,100488,100,101127,100,100473,300,101142,100,100316,100,101381,100,100155,100
2019-06-28 10:06:30.000000000,100851,192,100775,192,100880,192,100737,192,100910,192,100734,192,100989,192,100675,192,100996,192,100565,192,101006,100,100494,100,101117,100,100488,100,101127,100,100473,300,101142,100,100316,100,101381,100,100155,100
2019-06-28 10:06:35.983288545,100851,192,100775,192,100880,192,100737,192,100910,192,100734,192,100989,92,100675,192,100996,192,100565,192,101006,100,100502,100,101117,100,100494,100,101127,100,100488,100,101142,100,100473,300,101381,100,100316,100
2019-06-28 10:06:38.445638267,100851,192,100775,92,100880,192,100737,192,100910,192,100734,192,100989,92,100675,192,100996,192,100565,192,101006,100,100502,100,101117,100,100494,100,101127,100,100488,100,101142,100,100473,300,101381,100,100316,100
2019-06-28 10:06:40.000000000,100851,192,100737,192,100880,192,100734,192,100910,192,100675,192,100996,192,100565,192,101006,192,100502,192,101117,100,100494,100,101127,100,100488,100,101142,100,100473,300,101381,100,100316,100,101644,100,100155,100
2019-06-28 10:06:50.000000000,100851,257,100737,257,100880,252,100734,252,100910,252,100675,252,100996,100,100565,100,101006,100,100502,100,101117,100,100494,100,101127,100,100488,100,101142,100,100473,300,101381,100,100316,100,101644,100,100155,100
2019-06-28 10:07:00.000000000,100851,562,100737,562,100880,100,100734,100,100910,100,100675,100,100996,100,100565,100,101006,100,100502,100,101117,100,100494,100,101127,100,100488,100,101142,100,100473,300,101381,100,100316,100,101644,100,100155,100
2019-06-28 10:07:10.000000000,100851,257,100737,257,100880,252,100734,252,100910,252,100675,252,100996,100,100565,100,101006,100,100502,100,101117,100,100494,100,101127,100,100488,100,101142,100,100473,300,101381,100,100316,100,101644,100,100155,100
2019-06-28 10:07:11.807152690,100851,257,100737,257,100880,252,100734,252,100910,252,100675,252,100996,100,100565,100,101006,100,100502,100,101117,100,100494,100,101127,100,100473,300,101142,100,100316,100,101381,100,100155,100,101644,100,100033,100
2019-06-28 10:07:20.000000000,100851,562,100737,562,100880,100,100734,100,100910,100,100675,100,100996,100,100565,100,101006,100,100502,100,101117,100,100494,100,101127,100,100473,300,101142,100,100316,100,101381,100,100155,100,101644,100,100033,100
2019-06-28 10:07:30.000000000,100851,216,100737,216,100880,216,100734,216,100910,216,100675,216,100996,216,100565,216,101006,100,100502,100,101117,100,100494,100,101127,100,100473,300,101142,100,100316,100,101381,100,100155,100,101644,100,100033,100
2019-06-28 10:07:40.000000000,100851,257,100737,257,100880,252,100734,252,100910,252,100675,252,100996,100,100565,100,101006,100,100502,100,101117,100,100494,100,101127,100,100473,300,101142,100,100316,100,101381,100,100155,100,101644,100,100033,100
2019-06-28 10:07:50.000000000,100851,257,100737,257,100880,252,100734,252,100910,252,100675,252,100996,100,100565,100,101006,100,100502,100,101117,100,100494,100,101127,100,100473,300,101142,100,100316,100,101381,100,100155,100,101644,100,100033,100
2019-06-28 10:07:56.137870048,100851,257,100737,257,100880,252,100734,252,100910,252,100675,252,100996,100,100565,100,101006,100,100502,100,101117,100,100494,100,101127,100,100473,200,101142,100,100316,100,101381,100,100155,100,101644,100,100033,100
2019-06-28 10:08:00.000000000,100851,257,100737,257,100880,252,100734,252,100910,252,100675,252,100996,100,100565,100,101006,100,100502,100,101117,100,100494,100,101127,100,100473,200,101142,100,100316,100,101381,100,100155,100,101644,100,100033,100
2019-06-28 10:08:10.000000000,100851,257,100737,257,100880,252,100734,252,100910,252,100675,252,100996,100,100565,100,101006,100,100502,100,101117,100,100494,100,101127,100,100473,200,101142,100,100316,100,101381,100,100155,100,101644,100,100033,100
2019-06-28 10:08:11.783485666,100851,257,100737,257,100880,252,100734,252,100910,252,100675,252,100996,100,100565,100,101006,100,100494,100,101117,100,100473,200,101127,100,100440,100,101142,100,100316,100,101381,100,100155,100,101644,100,100033,100
2019-06-28 10:08:20.000000000,100851,331,100737,331,100880,331,100734,331,100910,100,100675,100,100996,100,100565,100,101006,100,100494,100,101117,100,100473,200,101127,100,100440,100,101142,100,100316,100,101381,100,100155,100,101644,100,100033,100
2019-06-28 10:08:30.000000000,100851,331,100737,331,100880,331,100734,331,100910,100,100675,100,100996,100,100565,100,101006,100,100494,100,101117,100,100473,200,101127,100,100440,100,101142,100,100316,100,101381,100,100155,100,101644,100,100033,100
