,ask_price_1,ask_size_1,bid_price_1,bid_size_1,ask_price_2,ask_size_2,bid_price_2,bid_size_2,ask_price_3,ask_size_3,bid_price_3,bid_size_3,ask_price_4,ask_size_4,bid_price_4,bid_size_4,ask_price_5,ask_size_5,bid_price_5,bid_size_5,ask_price_6,ask_size_6,bid_price_6,bid_size_6,ask_price_7,ask_size_7,bid_price_7,bid_size_7,ask_price_8,ask_size_8,bid_price_8,bid_size_8,ask_price_9,ask_size_9,bid_price_9,bid_size_9,ask_price_10,ask_size_10,bid_price_10,bid_size_10
2019-06-28 09:30:00.000000000,,,99980,100,,,,,,,,,,,,,,,,,,,,,,,,,,,,,,,,,,,,
2019-06-28 09:30:00.000000001,,,99980,100,,,99859,100,,,,,,,,,,,,,,,,,,,,,,,,,,,,,,,,
2019-06-28 09:30:00.000000002,100024,100,99980,100,100031,100,99859,100,,,99833,100,,,,,,,,,,,,,,,,,,,,,,,,,,,,
2019-06-28 09:30:00.000000005,100024,100,99987,100,100031,100,99980,100,100040,100,99859,100,100068,100,99833,100,,,,,,,,,,,,,,,,,,,,,,,,
2019-06-28 09:30:00.000000006,100024,100,99987,100,100031,100,99980,100,100040,100,99859,100,100053,100,99833,100,100068,100,,,,,,,,,,,,,,,,,,,,,,
2019-06-28 09:30:00.000000007,100024,100,99987,100,100031,100,99980,100,100040,100,99859,100,100053,100,99833,100,100068,100,99826,100,,,,,,,,,,,,,,,,,,,,
2019-06-28 09:30:00.000000008,100031,100,99987,100,100040,100,99980,100,100053,100,99859,100,100068,100,99833,100,,,99826,100,,,,,,,,,,,,,,,,,,,,
2019-06-28 09:30:00.000000009,100031,100,99987,100,100040,100,99980,100,100053,100,99926,100,100068,100,99859,100,,,99833,100,,,99826,100,,,,,,,,,,,,,,,,
2019-06-28 09:30:00.000000010,100031,100,99987,100,100040,100,99980,100,100053,100,99926,100,100068,100,99859,100,,,99833,100,,,99828,100,,,99826,100,,,,,,,,,,,,
2019-06-28 09:30:00.000000012,100031,100,99987,100,100040,100,99980,100,100053,100,99926,100,100062,100,99859,100,100068,100,99833,100,,,99828,100,,,99826,100,,,,,,,,,,,,
2019-06-28 09:30:00.000000013,100031,100,99980,100,100040,100,99926,100,100053,100,99859,100,100062,100,99833,100,100068,100,99828,100,,,99826,100,,,,,,,,,,,,,,,,
2019-06-28 09:30:00.000000014,100031,100,100009,100,100040,100,99980,100,100053,100,99926,100,100062,100,99859,100,100068,100,99833,100,,,99828,100,,,99826,100,,,,,,,,,,,,
2019-06-28 09:30:00.000000016,100031,100,100009,100,100040,100,99980,100,100053,100,99967,100,100062,100,99926,100,100068,100,99859,100,100081,100,99833,100,,,99828,100,,,99826,100,,,,,,,,
2019-06-28 09:30:00.000000020,100031,100,100009,100,100040,100,99980,100,100053,100,99967,100,100062,100,99926,100,100068,100,99921,100,100081,100,99859,100,,,99833,100,,,99828,100,,,99826,100,,,,
2019-06-28 09:30:00.000000023,100024,100,100009,100,100031,100,99980,100,100040,100,99967,100,100053,100,99926,100,100062,100,99921,100,100068,100,99859,100,100081,100,99833,100,,,99828,100,,,99826,100,,,,
2019-06-28 09:30:00.000000027,100024,100,100009,100,100031,100,99980,100,100040,100,99967,100,100049,100,99926,100,100053,100,99921,100,100062,100,99859,100,100068,100,99833,100,100081,100,99828,100,,,99826,100,,,,
2019-06-28 09:30:00.000000029,100024,100,100009,100,100031,100,99980,100,100040,100,99967,100,100049,100,99926,100,100053,100,99921,100,100061,100,99859,100,100062,100,99833,100,100068,100,99828,100,100081,100,99826,100,,,,
2019-06-28 09:30:00.000000032,100024,100,100009,100,100031,100,99980,100,100040,100,99967,100,100049,100,99926,100,100053,100,99921,100,100061,100,99902,100,100062,100,99859,100,100068,100,99833,100,100081,100,99828,100,,,99826,100
2019-06-28 09:30:00.000000036,100024,100,100009,100,100031,100,99980,100,100040,100,99967,100,100049,100,99926,100,100053,100,99921,100,100061,100,99902,100,100062,100,99859,100,100068,100,99833,100,100081,100,99828,100,100082,100,99826,100
2019-06-28 09:30:00.000000037,100024,100,100009,100,100031,100,99980,100,100040,100,99967,100,100049,100,99962,100,100053,100,99926,100,100061,100,99921,100,100062,100,99902,100,100068,100,99859,100,100081,100,99833,100,100082,100,99828,100
2019-06-28 09:30:00.000000038,100024,100,100009,100,100031,100,99981,100,100040,100,99980,100,100049,100,99967,100,100053,100,99962,100,100061,100,99926,100,100062,100,99921,100,100068,100,99902,100,100081,100,99859,100,100082,100,99833,100
2019-06-28 09:30:00.000000040,100024,100,99981,100,100031,100,99980,100,100040,100,99967,100,100049,100,99962,100,100053,100,99926,100,100061,100,99921,100,100062,100,99902,100,100068,100,99859,100,100081,100,99833,100,100082,100,99828,100
2019-06-28 09:30:00.000000041,100024,100,99987,100,100031,100,99981,100,100040,100,99980,100,100049,100,99967,100,100053,100,99962,100,100061,100,99926,100,100062,100,99921,100,100068,100,99902,100,100081,100,99859,100,100082,100,99833,100
2019-06-28 09:30:00.000000046,100009,100,99987,100,100024,100,99981,100,100031,100,99980,100,100040,100,99967,100,100049,100,99962,100,100053,100,99926,100,100061,100,99921,100,100062,100,99902,100,100068,100,99859,100,100081,100,99833,100
2019-06-28 09:30:00.000000047,100009,100,99987,100,100024,100,99981,100,100031,100,99980,100,100035,100,99967,100,100040,100,99962,100,100049,100,99926,100,100053,100,99921,100,100061,100,99902,100,100062,100,99859,100,100068,100,99833,100
2019-06-28 09:30:00.000000048,100009,100,99987,100,100015,100,99981,100,100024,100,99980,100,100031,100,99967,100,100035,100,99962,100,100040,100,99926,100,100049,100,99921,100,100053,100,99902,100,100061,100,99859,100,100062,100,99833,100
2019-06-28 09:30:00.000000049,100009,100,99987,100,100015,100,99981,100,100024,100,99980,100,100031,100,99967,100,100035,100,99962,100,100040,100,99926,100,100049,100,99921,100,100053,100,99902,100,100061,100,99859,100,100062,100,99833,100
2019-06-28 09:30:00.000000050,100009,100,99987,100,100015,100,99981,100,100024,100,99980,100,100031,100,99967,100,100035,100,99962,100,100040,100,99926,100,100049,100,99921,100,100053,100,99902,100,100061,100,99859,100,100062,100,99833,100
2019-06-28 09:30:00.000000051,100009,100,99987,100,100015,100,99981,100,100024,100,99980,100,100031,100,99967,100,100035,100,99962,100,100040,100,99926,100,100049,100,99921,100,100053,100,99902,100,100054,100,99859,100,100061,100,99833,100
2019-06-28 09:30:00.000000054,100015,100,99987,100,100024,100,99981,100,100031,100,99980,100,100035,100,99967,100,100040,100,99962,100,100049,100,99926,100,100053,100,99921,100,100054,100,99902,100,100061,100,99859,100,100062,100,99833,100
2019-06-28 09:30:00.000000056,100015,100,99987,100,100024,100,99981,100,100031,100,99980,100,100035,100,99967,100,100040,100,99962,100,100049,100,99926,100,100053,100,99921,100,100054,100,99902,100,100061,100,99859,100,100062,100,99833,100
2019-06-28 09:30:00.000000058,100015,100,99987,100,100024,100,99981,100,100031,100,99980,100,100035,100,99967,100,100040,100,99962,100,100049,100,99926,100,100053,100,99921,100,100054,100,99902,100,100061,100,99859,100,100062,100,99833,100
2019-06-28 09:30:00.000000059,100015,100,99981,100,100017,100,99980,100,100024,100,99967,100,100031,100,99962,100,100035,100,99926,100,100040,100,99921,100,100049,100,99902,100,100053,100,99859,100,100054,100,99833,100,100061,100,99828,100
2019-06-28 09:30:00.000000061,100015,100,99981,100,100017,100,99980,100,100022,100,99967,100,100024,100,99962,100,100031,100,99926,100,100035,100,99921,100,100040,100,99902,100,100049,100,99867,100,100053,100,99859,100,100054,100,99833,100
2019-06-28 09:30:00.000000062,100015,100,99981,100,100017,100,99980,100,100022,100,99967,100,100024,100,99962,100,100031,100,99926,100,100035,100,99921,100,100040,100,99902,100,100049,100,99889,100,100053,100,99867,100,100054,100,99859,100
2019-06-28 09:30:00.000000065,100015,100,99981,100,100017,100,99980,100,100022,100,99967,100,100024,100,99962,100,100031,100,99926,100,100035,100,99921,100,100040,100,99902,100,100049,100,99889,100,100053,100,99867,100,100054,100,99859,100
2019-06-28 09:30:00.000000066,100015,100,99987,100,100017,100,99981,100,100022,100,99980,100,100024,100,99967,100,100031,100,99962,100,100035,100,99926,100,100040,100,99921,100,100049,100,99902,100,100053,100,99889,100,100054,100,99867,100
2019-06-28 09:30:00.000000068,100015,100,99987,100,100017,100,99981,100,100022,100,99980,100,100024,100,99967,100,100031,100,99962,100,100035,100,99926,100,100040,100,99921,100,100049,100,99902,100,100053,100,99900,100,100054,100,99889,100
2019-06-28 09:30:00.000000074,100009,100,99987,100,100015,100,99981,100,100017,100,99980,100,100022,100,99967,100,100024,100,99962,100,100031,100,99926,100,100035,100,99921,100,100040,100,99902,100,100049,100,99900,100,100053,100,99889,100
2019-06-28 09:30:00.000000076,100015,100,99987,100,100017,100,99981,100,100022,100,99980,100,100024,100,99967,100,100031,100,99962,100,100035,100,99926,100,100040,100,99921,100,100049,100,99902,100,100053,100,99900,100,100054,100,99889,100
2019-06-28 09:30:00.000000078,100009,100,99987,100,100015,100,99981,100,100017,100,99980,100,100022,100,99967,100,100024,100,99962,100,100031,100,99926,100,100035,100,99921,100,100040,100,99902,100,100049,100,99900,100,100053,100,99889,100
2019-06-28 09:30:00.000000079,100009,100,99987,100,100015,100,99981,100,100017,100,99980,100,100022,100,99967,100,100024,100,99962,100,100026,100,99926,100,100031,100,99921,100,100035,100,99902,100,100040,100,99900,100,100049,100,99889,100
2019-06-28 09:30:00.000000082,100009,100,99981,100,100015,100,99980,100,100017,100,99967,100,100022,100,99962,100,100024,100,99926,100,100026,100,99921,100,100031,100,99902,100,100035,100,99900,100,100040,100,99889,100,100049,100,99867,100
2019-06-28 09:30:00.000000083,100009,100,99981,100,100015,100,99980,100,100017,100,99967,100,100022,100,99962,100,100024,100,99926,100,100026,100,99921,100,100031,100,99902,100,100035,100,99900,100,100040,100,99889,100,100049,100,99867,100
2019-06-28 09:30:00.000000085,100009,100,99987,100,100015,100,99981,100,100017,100,99980,100,100022,100,99967,100,100024,100,99962,100,100026,100,99926,100,100031,100,99921,100,100035,100,99902,100,100040,100,99900,100,100049,100,99889,100
2019-06-28 09:30:00.000000087,100009,100,99987,100,100015,100,99981,100,100017,100,99980,100,100022,100,99967,100,100024,100,99962,100,100026,100,99926,100,100031,100,99921,100,100035,100,99902,100,100040,100,99900,100,100049,100,99889,100
2019-06-28 09:30:00.000000088,100009,100,99987,100,100015,100,99981,100,100017,100,99980,100,100022,100,99967,100,100024,100,99962,100,100026,100,99926,100,100031,100,99921,100,100035,100,99902,100,100040,100,99900,100,100049,100,99889,100
2019-06-28 09:30:00.000000089,100009,100,99987,100,100015,100,99981,100,100017,100,99980,100,100022,100,99967,100,100024,100,99962,100,100026,100,99926,100,100031,100,99921,100,100035,100,99902,100,100040,100,99900,100,100049,100,99889,100
2019-06-28 09:30:00.000000091,100009,100,99987,100,100015,100,99981,100,100017,100,99980,100,100022,100,99967,100,100024,100,99962,100,100026,100,99926,100,100031,100,99921,100,100035,100,99902,100,100040,100,99900,100,100049,100,99889,100
2019-06-28 09:30:00.000000094,100009,100,99987,100,100015,100,99981,100,100017,100,99980,100,100022,100,99967,100,100024,100,99966,100,100026,100,99962,100,100031,100,99926,100,100035,100,99921,100,100040,100,99902,100,100049,100,99900,100
2019-06-28 09:30:00.000000098,100015,100,99987,100,100017,100,99981,100,100022,100,99980,100,100024,100,99967,100,100026,100,99966,100,100031,100,99962,100,100035,100,99935,100,100040,100,99926,100,100049,100,99921,100,100053,100,99902,100
2019-06-28 09:30:01.773688200,100015,100,100009,100,100017,100,99987,100,100022,100,99981,100,100024,100,99980,100,100026,100,99967,100,100031,100,99966,100,100035,100,99962,100,100040,100,99935,100,100049,100,99926,100,100053,100,99921,100
2019-06-28 09:30:10.000000000,100015,193,100009,193,100017,193,99987,193,100022,193,99981,193,100024,193,99980,193,100026,193,99967,193,100031,100,99966,100,100035,100,99962,100,100040,100,99935,100,100049,100,99926,100,100053,100,99921,100
2019-06-28 09:30:20.000000000,100015,216,100009,216,100017,216,99987,216,100022,216,99981,216,100024,216,99980,216,100026,100,99967,100,100031,100,99966,100,100035,100,99962,100,100040,100,99935,100,100049,100,99926,100,100053,100,99921,100
2019-06-28 09:30:28.553842764,100015,216,100011,100,100017,216,100009,216,100022,216,99987,216,100024,216,99981,216,100026,100,99980,216,100031,100,99967,100,100035,100,99966,100,100040,100,99962,100,100049,100,99935,100,100053,100,99926,100
2019-06-28 09:30:29.017644653,100015,216,100011,100,100017,216,100009,216,100022,216,99987,216,100024,216,99981,216,100026,100,99980,216,100031,100,99967,100,100035,100,99966,100,100040,100,99962,100,100049,100,99935,100,100053,100,99926,100
2019-06-28 09:30:29.929409745,100015,216,100011,100,100017,216,100009,216,100022,216,99987,216,100024,216,99981,216,100031,100,99980,216,100035,100,99967,100,100040,100,99966,100,100049,100,99962,100,100053,100,99935,100,100054,100,99926,100
2019-06-28 09:30:30.000000000,100015,258,100011,258,100017,253,100009,253,100022,253,99987,253,100024,100,99981,100,100031,100,99980,100,100035,100,99967,100,100040,100,99966,100,100049,100,99962,100,100053,100,99935,100,100054,100,99926,100
2019-06-28 09:30:34.168546906,100015,258,100011,258,100017,253,100009,253,100022,253,99987,253,100024,100,99981,100,100031,100,99980,100,100035,100,99967,100,100040,100,99966,100,100049,100,99962,100,100054,100,99935,100,100061,100,99926,100
2019-06-28 09:30:40.000000000,100015,258,100011,258,100017,253,100009,253,100022,253,99987,253,100024,100,99981,100,100031,100,99980,100,100035,100,99967,100,100040,100,99966,100,100049,100,99962,100,100054,100,99935,100,100061,100,99926,100
2019-06-28 09:30:44.354729354,100015,258,100011,258,100017,253,100009,253,100022,253,99987,253,100024,100,99981,100,100031,100,99980,100,100035,100,99967,100,100040,100,99966,100,100049,100,99962,100,100054,100,99935,100,100061,100,99926,100
2019-06-28 09:30:46.256335433,100015,258,100011,258,100017,253,100009,253,100022,253,99987,253,100024,100,99981,100,100031,100,99980,100,100035,100,99967,100,100040,100,99966,100,100049,100,99962,100,100054,100,99935,100,100061,100,99921,100
2019-06-28 09:30:46.742240405,100015,258,100011,258,100017,253,100009,253,100022,253,99987,253,100024,100,99980,100,100031,100,99967,100,100035,100,99966,100,100040,100,99962,100,100049,100,99935,100,100054,100,99921,100,100061,100,99902,100
2019-06-28 09:30:49.350986027,100015,258,100011,158,100017,253,100009,253,100022,253,99987,253,100024,100,99980,100,100031,100,99967,100,100035,100,99966,100,100040,100,99962,100,100049,100,99935,100,100054,100,99921,100,100061,100,99902,100
2019-06-28 09:30:50.000000000,100015,564,100009,564,100017,100,99987,100,100022,100,99980,100,100024,100,99967,100,100031,100,99966,100,100035,100,99962,100,100040,100,99935,100,100049,100,99921,100,100054,100,99902,100,100061,100,99900,100
2019-06-28 09:31:00.000000000,100015,193,100009,193,100017,193,99987,193,100022,193,99980,193,100024,193,99967,193,100031,193,99966,193,100035,100,99962,100,100040,100,99935,100,100049,100,99921,100,100054,100,99902,100,100061,100,99900,100
2019-06-28 09:31:03.642475084,100015,193,100009,193,100017,193,99987,193,100022,193,99980,193,100024,193,99967,193,100031,193,99966,193,100035,100,99962,100,100040,100,99935,100,100049,100,99921,100,100054,100,99902,100,100061,100,99900,100
2019-06-28 09:31:10.000000000,100015,193,100009,193,100017,193,99987,193,100022,193,99980,193,100024,193,99967,193,100031,193,99966,193,100035,100,99962,100,100040,100,99935,100,100049,100,99921,100,100054,100,99902,100,100061,100,99900,100
2019-06-28 09:31:20.000000000,100015,258,100009,258,100017,253,99987,253,100022,253,99980,253,100024,100,99967,100,100031,100,99966,100,100035,100,99962,100,100040,100,99935,100,100049,100,99921,100,100054,100,99902,100,100061,100,99900,100
2019-06-28 09:31:28.512323532,100011,100,100009,258,100015,258,99987,253,100017,253,99980,253,100022,253,99967,100,100024,100,99966,100,100031,100,99962,100,100035,100,99935,100,100049,100,99921,100,100054,100,99902,100,100061,100,99900,100
2019-06-28 09:31:30.000000000,100011,216,100009,216,100015,216,99987,216,100017,216,99980,216,100022,216,99967,216,100024,100,99966,100,100031,100,99962,100,100035,100,99935,100,100049,100,99921,100,100054,100,99902,100,100061,100,99900,100
2019-06-28 09:31:40.000000000,100011,564,100009,564,100015,100,99987,100,100017,100,99980,100,100022,100,99967,100,100024,100,99966,100,100031,100,99962,100,100035,100,99935,100,100049,100,99921,100,100054,100,99902,100,100061,100,99900,100
2019-06-28 09:31:50.000000000,100011,332,100009,332,100015,332,99987,332,100017,100,99980,100,100022,100,99967,100,100024,100,99966,100,100031,100,99962,100,100035,100,99935,100,100049,100,99921,100,100054,100,99902,100,100061,100,99900,100
2019-06-28 09:32:00.000000000,100011,216,100009,216,100015,216,99987,216,100017,216,99980,216,100022,216,99967,216,100024,100,99966,100,100031,100,99962,100,100035,100,99935,100,100049,100,99921,100,100054,100,99902,100,100061,100,99900,100
2019-06-28 09:32:03.517124108,100011,316,100009,216,100015,216,99987,216,100017,216,99980,216,100022,216,99967,216,100024,100,99966,100,100031,100,99962,100,100035,100,99935,100,100049,100,99921,100,100054,100,99902,100,100061,100,99900,100
2019-06-28 09:32:10.000000000,100011,432,100009,332,100015,332,99987,332,100017,100,99980,100,100022,100,99967,100,100024,100,99966,100,100031,100,99962,100,100035,100,99935,100,100049,100,99921,100,100054,100,99902,100,100061,100,99900,100
2019-06-28 09:32:20.000000000,100011,293,100009,193,100015,193,99987,193,100017,193,99980,193,100022,193,99967,193,100024,193,99966,193,100031,100,99962,100,100035,100,99935,100,100049,100,99921,100,100054,100,99902,100,100061,100,99900,100
2019-06-28 09:32:24.245837624,100011,393,100009,193,100015,193,99987,193,100017,193,99980,193,100022,193,99967,193,100024,193,99966,193,100031,100,99962,100,100035,100,99935,100,100049,100,99921,100,100054,100,99902,100,100061,100,99900,100
2019-06-28 09:32:30.000000000,100011,764,100009,564,100015,100,99987,100,100017,100,99980,100,100022,100,99967,100,100024,100,99966,100,100031,100,99962,100,100035,100,99935,100,100049,100,99921,100,100054,100,99902,100,100061,100,99900,100
2019-06-28 09:32:40.000000000,100011,764,100009,564,100015,100,99987,100,100017,100,99980,100,100022,100,99967,100,100024,100,99966,100,100031,100,99962,100,100035,100,99935,100,100049,100,99921,100,100054,100,99902,100,100061,100,99900,100
2019-06-28 09:32:48.844970235,100011,764,100009,564,100015,100,99987,100,100017,100,99980,100,100022,100,99967,100,100024,100,99966,100,100031,100,99962,100,100035,100,99935,100,100049,100,99921,100,100054,100,99902,100,100061,100,99900,100
2019-06-28 09:32:50.000000000,100011,532,100009,332,100015,332,99987,332,100017,100,99980,100,100022,100,99967,100,100024,100,99966,100,100031,100,99962,100,100035,100,99935,100,100049,100,99921,100,100054,100,99902,100,100061,100,99900,100
2019-06-28 09:33:00.000000000,100011,393,100009,193,100015,193,99987,193,100017,193,99980,193,100022,193,99967,193,100024,193,99966,193,100031,100,99962,100,100035,100,99935,100,100049,100,99921,100,100054,100,99902,100,100061,100,99900,100
2019-06-28 09:33:09.765122951,100011,393,100009,193,100015,193,99987,193,100017,193,99980,193,100022,193,99967,193,100024,193,99966,193,100031,100,99962,100,100035,100,99935,100,100049,100,99921,100,100054,100,99902,100,100061,100,99900,100
2019-06-28 09:33:10.000000000,100011,416,100009,216,100015,216,99987,216,100017,216,99980,216,100022,216,99967,216,100024,100,99966,100,100031,100,99962,100,100035,100,99935,100,100049,100,99921,100,100054,100,99902,100,100061,100,99900,100
2019-06-28 09:33:20.000000000,100011,458,100009,258,100015,253,99987,253,100017,253,99980,253,100022,100,99967,100,100024,100,99966,100,100031,100,99962,100,100035,100,99935,100,100049,100,99921,100,100054,100,99902,100,100061,100,99900,100
2019-06-28 09:33:22.597148151,100011,458,100009,158,100015,253,99987,253,100017,253,99980,253,100022,100,99967,100,100024,100,99966,100,100031,100,99962,100,100035,100,99935,100,100049,100,99921,100,100054,100,99902,100,100061,100,99900,100
2019-06-28 09:33:30.000000000,100011,393,99987,193,100015,193,99980,193,100017,193,99967,193,100022,193,99966,193,100024,193,99962,193,100031,100,99935,100,100035,100,99921,100,100049,100,99902,100,100054,100,99900,100,100061,100,99889,100
2019-06-28 09:33:40.000000000,100011,416,99987,216,100015,216,99980,216,100017,216,99967,216,100022,216,99966,216,100024,100,99962,100,100031,100,99935,100,100035,100,99921,100,100049,100,99902,100,100054,100,99900,100,100061,100,99889,100
2019-06-28 09:33:50.000000000,100011,416,99987,216,100015,216,99980,216,100017,216,99967,216,100022,216,99966,216,100024,100,99962,100,100031,100,99935,100,100035,100,99921,100,100049,100,99902,100,100054,100,99900,100,100061,100,99889,100
2019-06-28 09:34:00.000000000,100011,393,99987,193,100015,193,99980,193,100017,193,99967,193,100022,193,99966,193,100024,193,99962,193,100031,100,99935,100,100035,100,99921,100,100049,100,99902,100,100054,100,99900,100,100061,100,99889,100
2019-06-28 09:34:09.622687668,100011,393,99987,193,100015,193,99980,193,100017,193,99967,193,100022,193,99966,193,100024,193,99962,193,100031,100,99935,100,100035,100,99921,100,100049,100,99902,100,100054,100,99900,100,100061,100,99889,100
2019-06-28 09:34:10.000000000,100011,416,99987,216,100015,216,99980,216,100017,216,99967,216,100022,216,99966,216,100024,100,99962,100,100031,100,99935,100,100035,100,99921,100,100049,100,99902,100,100054,100,99900,100,100061,100,99889,100
2019-06-28 09:34:11.159980895,100010,100,99987,216,100011,416,99980,216,100015,216,99967,216,100017,216,99966,216,100022,216,99962,100,100024,100,99935,100,100031,100,99921,100,100035,100,99902,100,100049,100,99900,100,100054,100,99889,100
2019-06-28 09:34:17.173780902,100010,100,99987,216,100011,416,99980,216,100015,216,99967,216,100017,216,99966,216,100022,216,99962,100,100024,100,99935,100,100031,100,99921,100,100035,100,99902,100,100049,100,99900,100,100054,100,99889,100
2019-06-28 09:34:20.000000000,100010,332,99987,332,100011,532,99980,332,100015,100,99967,100,100017,100,99966,100,100022,100,99962,100,100024,100,99935,100,100031,100,99921,100,100035,100,99902,100,100049,100,99900,100,100054,100,99889,100
2019-06-28 09:34:30.000000000,100010,216,99987,216,100011,416,99980,216,100015,216,99967,216,100017,216,99966,216,100022,100,99962,100,100024,100,99935,100,100031,100,99921,100,100035,100,99902,100,100049,100,99900,100,100054,100,99889,100
2019-06-28 09:34:40.000000000,100010,564,99987,564,100011,300,99980,100,100015,100,99967,100,100017,100,99966,100,100022,100,99962,100,100024,100,99935,100,100031,100,99921,100,100035,100,99902,100,100049,100,99900,100,100054,100,99889,100
2019-06-28 09:34:50.000000000,100010,216,99987,216,100011,416,99980,216,100015,216,99967,216,100017,216,99966,216,100022,100,99962,100,100024,100,99935,100,100031,100,99921,100,100035,100,99902,100,100049,100,99900,100,100054,100,99889,100
2019-06-28 09:35:00.000000000,100010,564,99987,564,100011,300,99980,100,100015,100,99967,100,100017,100,99966,100,100022,100,99962,100,100024,100,99935,100,100031,100,99921,100,100035,100,99902,100,100049,100,99900,100,100054,100,99889,100
2019-06-28 09:35:10.000000000,100010,193,99987,193,100011,393,99980,193,100015,193,99967,193,100017,193,99966,193,100022,193,99962,193,100024,100,99935,100,100031,100,99921,100,100035,100,99902,100,100049,100,99900,100,100054,100,99889,100
2019-06-28 09:35:20.000000000,100010,332,99987,332,100011,532,99980,332,100015,100,99967,100,100017,100,99966,100,100022,100,99962,100,100024,100,99935,100,100031,100,99921,100,100035,100,99902,100,100049,100,99900,100,100054,100,99889,100
2019-06-28 09:35:30.000000000,100010,258,99987,258,100011,453,99980,253,100015,253,99967,253,100017,100,99966,100,100022,100,99962,100,100024,100,99935,100,100031,100,99921,100,100035,100,99902,100,100049,100,99900,100,100054,100,99889,100
2019-06-28 09:35:40.000000000,100010,332,99987,332,100011,532,99980,332,100015,100,99967,100,100017,100,99966,100,100022,100,99962,100,100024,100,99935,100,100031,100,99921,100,100035,100,99902,100,100049,100,99900,100,100054,100,99889,100
2019-06-28 09:35:42.353845180,100010,332,99987,232,100011,532,99980,332,100015,100,99967,100,100017,100,99966,100,100022,100,99962,100,100024,100,99935,100,100031,100,99921,100,100035,100,99902,100,100049,100,99900,100,100054,100,99889,100
2019-06-28 09:35:43.190685270,100010,332,99987,232,100011,532,99980,332,100015,100,99967,100,100017,100,99966,100,100022,100,99962,100,100024,100,99935,100,100031,100,99921,100,100035,100,99902,100,100049,100,99900,100,100054,100,99889,100
2019-06-28 09:35:49.345129708,100010,332,99987,232,100011,532,99980,332,100015,100,99966,100,100017,100,99962,100,100022,100,99935,100,100024,100,99921,100,100031,100,99902,100,100035,100,99900,100,100049,100,99889,100,100054,100,99882,100
2019-06-28 09:35:50.000000000,100010,564,99980,564,100011,300,99966,100,100015,100,99962,100,100017,100,99935,100,100022,100,99921,100,100024,100,99902,100,100031,100,99900,100,100035,100,99889,100,100049,100,99882,100,100054,100,99867,100
2019-06-28 09:35:54.368701918,100010,564,99980,464,100011,300,99966,100,100015,100,99962,100,100017,100,99935,100,100022,100,99921,100,100024,100,99902,100,100031,100,99900,100,100035,100,99889,100,100049,100,99882,100,100062,100,99867,100
2019-06-28 09:36:00.000000000,100010,258,99966,258,100011,453,99962,253,100015,253,99935,253,100017,100,99921,100,100022,100,99902,100,100024,100,99900,100,100031,100,99889,100,100035,100,99882,100,100049,100,99867,100,100062,100,99846,100
2019-06-28 09:36:07.707834832,100010,258,99966,158,100011,453,99962,253,100015,253,99935,253,100017,100,99921,100,100022,100,99902,100,100024,100,99900,100,100031,100,99889,100,100035,100,99882,100,100049,100,99867,100,100062,100,99846,100
2019-06-28 09:36:10.000000000,100010,193,99962,193,100011,393,99935,193,100015,193,99921,193,100017,193,99902,193,100022,193,99900,193,100024,100,99889,100,100031,100,99882,100,100035,100,99867,100,100049,100,99846,100,100062,100,99840,100
2019-06-28 09:36:20.000000000,100010,193,99962,193,100011,393,99935,193,100015,193,99921,193,100017,193,99902,193,100022,193,99900,193,100024,100,99889,100,100031,100,99882,100,100035,100,99867,100,100049,100,99846,100,100062,100,99840,100
2019-06-28 09:36:30.000000000,100010,564,99962,564,100011,300,99935,100,100015,100,99921,100,100017,100,99902,100,100022,100,99900,100,100024,100,99889,100,100031,100,99882,100,100035,100,99867,100,100049,100,99846,100,100062,100,99840,100
2019-06-28 09:36:39.826287510,99980,100,99962,564,100010,564,99935,100,100011,300,99921,100,100015,100,99902,100,100017,100,99900,100,100022,100,99889,100,100024,100,99882,100,100031,100,99867,100,100035,100,99846,100,100049,100,99840,100
2019-06-28 09:36:40.000000000,99980,258,99962,258,100010,253,99935,253,100011,453,99921,253,100015,100,99902,100,100017,100,99900,100,100022,100,99889,100,100024,100,99882,100,100031,100,99867,100,100035,100,99846,100,100049,100,99840,100
2019-06-28 09:36:44.141146449,99980,258,99962,158,100010,253,99935,253,100011,453,99921,253,100015,100,99902,100,100017,100,99900,100,100022,100,99882,100,100024,100,99867,100,100031,100,99846,100,100035,100,99840,100,100049,100,99833,100
2019-06-28 09:36:50.000000000,99980,216,99935,216,100010,216,99921,216,100011,416,99902,216,100015,216,99900,216,100017,100,99882,100,100022,100,99867,100,100024,100,99846,100,100031,100,99840,100,100035,100,99833,100,100049,100,99828,100
2019-06-28 09:36:58.449330540,99980,216,99935,216,100010,216,99921,216,100011,416,99902,216,100015,216,99900,216,100017,100,99882,100,100022,100,99867,100,100024,100,99846,100,100031,100,99840,100,100035,100,99833,100,100049,100,99828,100
2019-06-28 09:37:00.000000000,99980,216,99935,216,100010,216,99921,216,100011,416,99902,216,100015,216,99900,216,100017,100,99882,100,100022,100,99867,100,100024,100,99846,100,100031,100,99840,100,100035,100,99833,100,100049,100,99828,100
2019-06-28 09:37:02.648221854,99980,216,99935,116,100010,216,99921,216,100011,416,99902,216,100015,216,99900,216,100017,100,99882,100,100022,100,99867,100,100024,100,99846,100,100031,100,99840,100,100035,100,99833,100,100049,100,99828,100
2019-06-28 09:37:03.091639466,99962,100,99935,116,99980,216,99921,216,100010,216,99902,216,100011,316,99900,216,100015,216,99882,100,100017,100,99867,100,100022,100,99846,100,100024,100,99840,100,100031,100,99833,100,100035,100,99828,100
2019-06-28 09:37:04.190820577,99962,100,99935,116,99980,216,99921,216,100010,216,99902,216,100011,316,99900,116,100015,216,99882,100,100017,100,99867,100,100022,100,99846,100,100024,100,99840,100,100031,100,99833,100,100035,100,99828,100
2019-06-28 09:37:04.901399577,99962,100,99935,116,99980,216,99921,216,100010,216,99902,216,100011,316,99900,116,100015,216,99882,100,100017,100,99867,100,100022,100,99846,100,100024,100,99840,100,100031,100,99833,100,100035,100,99828,100
2019-06-28 09:37:08.198271407,99962,100,99935,116,99980,216,99921,216,100010,216,99902,216,100011,316,99900,116,100015,216,99882,100,100022,100,99867,100,100024,100,99846,100,100031,100,99840,100,100035,100,99833,100,100049,100,99828,100
2019-06-28 09:37:09.337851252,99962,200,99935,116,99980,216,99921,216,100010,216,99902,216,100011,216,99900,116,100015,216,99882,100,100022,100,99867,100,100024,100,99846,100,100031,100,99840,100,100035,100,99833,100,100049,100,99828,100
2019-06-28 09:37:10.000000000,99962,358,99921,258,99980,253,99902,253,100010,253,99882,253,100011,100,99867,100,100015,100,99846,100,100022,100,99840,100,100024,100,99833,100,100031,100,99828,100,100035,100,99826,100,100049,100,99576,100
2019-06-28 09:37:19.385531023,99962,358,99921,258,99980,253,99902,253,100010,253,99882,253,100011,100,99867,100,100015,100,99846,100,100022,100,99840,100,100024,100,99833,100,100031,100,99828,100,100035,100,99826,100,100049,100,99576,100
2019-06-28 09:37:20.000000000,99962,358,99921,258,99980,253,99902,253,100010,253,99882,253,100011,100,99867,100,100015,100,99846,100,100022,100,99840,100,100024,100,99833,100,100031,100,99828,100,100035,100,99826,100,100049,100,99576,100
2019-06-28 09:37:30.000000000,99962,293,99921,193,99980,193,99902,193,100010,193,99882,193,100011,193,99867,193,100015,193,99846,193,100022,100,99840,100,100024,100,99833,100,100031,100,99828,100,100035,100,99826,100,100049,100,99576,100
2019-06-28 09:37:40.000000000,99962,432,99921,332,99980,332,99902,332,100010,100,99882,100,100011,100,99867,100,100015,100,99846,100,100022,100,99840,100,100024,100,99833,100,100031,100,99828,100,100035,100,99826,100,100049,100,99576,100
2019-06-28 09:37:45.061726861,99962,432,99921,332,99980,332,99902,332,100010,100,99882,100,100011,100,99867,100,100015,100,99846,100,100022,100,99840,100,100024,100,99833,100,100031,100,99828,100,100035,100,99826,100,100049,100,99576,100
2019-06-28 09:37:50.000000000,99962,432,99921,332,99980,332,99902,332,100010,100,99882,100,100011,100,99867,100,100015,100,99846,100,100022,100,99840,100,100024,100,99833,100,100031,100,99828,100,100035,100,99826,100,100049,100,99576,100
2019-06-28 09:37:53.350058222,99962,532,99921,332,99980,332,99902,332,100010,100,99882,100,100011,100,99867,100,100015,100,99846,100,100022,100,99840,100,100024,100,99833,100,100031,100,99828,100,100035,100,99826,100,100049,100,99576,100
2019-06-28 09:38:00.000000000,99962,532,99921,332,99980,332,99902,332,100010,100,99882,100,100011,100,99867,100,100015,100,99846,100,100022,100,99840,100,100024,100,99833,100,100031,100,99828,100,100035,100,99826,100,100049,100,99576,100
2019-06-28 09:38:10.000000000,99962,764,99921,564,99980,100,99902,100,100010,100,99882,100,100011,100,99867,100,100015,100,99846,100,100022,100,99840,100,100024,100,99833,100,100031,100,99828,100,100035,100,99826,100,100049,100,99576,100
2019-06-28 09:38:10.955590396,99962,664,99921,564,99980,100,99902,100,100010,100,99882,100,100011,100,99867,100,100015,100,99846,100,100022,100,99840,100,100024,100,99833,100,100031,100,99828,100,100035,100,99826,100,100049,100,99576,100
2019-06-28 09:38:20.000000000,99962,432,99921,332,99980,332,99902,332,100010,100,99882,100,100011,100,99867,100,100015,100,99846,100,100022,100,99840,100,100024,100,99833,100,100031,100,99828,100,100035,100,99826,100,100049,100,99576,100
2019-06-28 09:38:30.000000000,99962,316,99921,216,99980,216,99902,216,100010,216,99882,216,100011,216,99867,216,100015,100,99846,100,100022,100,99840,100,100024,100,99833,100,100031,100,99828,100,100035,100,99826,100,100049,100,99576,100
2019-06-28 09:38:33.873019020,99962,316,99921,216,99980,216,99902,216,100010,216,99882,216,100011,216,99867,216,100015,100,99846,100,100022,100,99840,100,100024,100,99833,100,100031,100,99828,100,100035,100,99826,100,100049,100,99576,100
2019-06-28 09:38:33.994651585,99962,316,99921,216,99980,116,99902,216,100010,216,99882,216,100011,216,99867,216,100015,100,99846,100,100022,100,99840,100,100024,100,99833,100,100031,100,99828,100,100035,100,99826,100,100049,100,99576,100
2019-06-28 09:38:40.000000000,99962,358,99921,258,100010,253,99902,253,100011,253,99882,253,100015,100,99867,100,100022,100,99846,100,100024,100,99840,100,100031,100,99833,100,100035,100,99828,100,100049,100,99826,100,100066,100,99576,100
2019-06-28 09:38:46.946411624,99962,358,99921,258,100010,253,99902,253,100011,253,99882,253,100015,100,99867,100,100022,100,99846,100,100024,100,99840,100,100031,100,99833,100,100035,100,99828,100,100049,100,99826,100,100066,100,99576,100
2019-06-28 09:38:50.000000000,99962,293,99921,193,100010,193,99902,193,100011,193,99882,193,100015,193,99867,193,100022,193,99846,193,100024,100,99840,100,100031,100,99833,100,100035,100,99828,100,100049,100,99826,100,100066,100,99576,100
2019-06-28 09:39:00.000000000,99962,316,99921,216,100010,216,99902,216,100011,216,99882,216,100015,216,99867,216,100022,100,99846,100,100024,100,99840,100,100031,100,99833,100,100035,100,99828,100,100049,100,99826,100,100066,100,99576,100
2019-06-28 09:39:10.000000000,99962,293,99921,193,100010,193,99902,193,100011,193,99882,193,100015,193,99867,193,100022,193,99846,193,100024,100,99840,100,100031,100,99833,100,100035,100,99828,100,100049,100,99826,100,100066,100,99576,100
2019-06-28 09:39:20.000000000,99962,432,99921,332,100010,332,99902,332,100011,100,99882,100,100015,100,99867,100,100022,100,99846,100,100024,100,99840,100,100031,100,99833,100,100035,100,99828,100,100049,100,99826,100,100066,100,99576,100
2019-06-28 09:39:30.000000000,99962,316,99921,216,100010,216,99902,216,100011,216,99882,216,100015,216,99867,216,100022,100,99846,100,100024,100,99840,100,100031,100,99833,100,100035,100,99828,100,100049,100,99826,100,100066,100,99576,100
2019-06-28 09:39:40.000000000,99962,316,99921,216,100010,216,99902,216,100011,216,99882,216,100015,216,99867,216,100022,100,99846,100,100024,100,99840,100,100031,100,99833,100,100035,100,99828,100,100049,100,99826,100,100066,100,99576,100
2019-06-28 09:39:50.000000000,99962,664,99921,564,100010,100,99902,100,100011,100,99882,100,100015,100,99867,100,100022,100,99846,100,100024,100,99840,100,100031,100,99833,100,100035,100,99828,100,100049,100,99826,100,100066,100,99576,100
2019-06-28 09:39:53.035837336,99962,664,99921,464,100010,100,99902,100,100011,100,99882,100,100015,100,99867,100,100022,100,99846,100,100024,100,99840,100,100031,100,99833,100,100035,100,99828,100,100049,100,99826,100,100066,100,99576,100
2019-06-28 09:40:00.000000000,99962,293,99902,193,100010,193,99882,193,100011,193,99867,193,100015,193,99846,193,100022,193,99840,193,100024,100,99833,100,100031,100,99828,100,100035,100,99826,100,100049,100,99576,100,100066,100,99560,100
2019-06-28 09:40:10.000000000,99962,664,99902,564,100010,100,99882,100,100011,100,99867,100,100015,100,99846,100,100022,100,99840,100,100024,100,99833,100,100031,100,99828,100,100035,100,99826,100,100049,100,99576,100,100066,100,99560,100
2019-06-28 09:40:20.000000000,99962,432,99902,332,100010,332,99882,332,100011,100,99867,100,100015,100,99846,100,100022,100,99840,100,100024,100,99833,100,100031,100,99828,100,100035,100,99826,100,100049,100,99576,100,100066,100,99560,100
2019-06-28 09:40:30.000000000,99962,293,99902,193,100010,193,99882,193,100011,193,99867,193,100015,193,99846,193,100022,193,99840,193,100024,100,99833,100,100031,100,99828,100,100035,100,99826,100,100049,100,99576,100,100066,100,99560,100
2019-06-28 09:40:40.000000000,99962,432,99902,332,100010,332,99882,332,100011,100,99867,100,100015,100,99846,100,100022,100,99840,100,100024,100,99833,100,100031,100,99828,100,100035,100,99826,100,100049,100,99576,100,100066,100,99560,100
2019-06-28 09:40:50.000000000,99962,293,99902,193,100010,193,99882,193,100011,193,99867,193,100015,193,99846,193,100022,193,99840,193,100024,100,99833,100,100031,100,99828,100,100035,100,99826,100,100049,100,99576,100,100066,100,99560,100
2019-06-28 09:40:50.597239508,99962,293,99902,93,100010,193,99882,193,100011,193,99867,193,100015,193,99846,193,100022,193,99840,193,100024,100,99833,100,100031,100,99828,100,100035,100,99826,100,100049,100,99576,100,100066,100,99560,100
2019-06-28 09:40:57.071649736,99902,7,99882,193,99962,293,99867,193,100010,193,99846,193,100011,193,99840,193,100015,193,99833,100,100022,193,99828,100,100024,100,99826,100,100031,100,99576,100,100035,100,99560,100,100049,100,99485,100
2019-06-28 09:41:00.000000000,99902,471,99882,564,99962,200,99867,100,100010,100,99846,100,100011,100,99840,100,100015,100,99833,100,100022,100,99828,100,100024,100,99826,100,100031,100,99576,100,100035,100,99560,100,100049,100,99485,100
2019-06-28 09:41:10.000000000,99902,123,99882,216,99962,316,99867,216,100010,216,99846,216,100011,216,99840,216,100015,100,99833,100,100022,100,99828,100,100024,100,99826,100,100031,100,99576,100,100035,100,99560,100,100049,100,99485,100
2019-06-28 09:41:12.598402217,99902,123,99882,116,99962,316,99867,216,100010,216,99846,216,100011,216,99840,216,100015,100,99833,100,100022,100,99828,100,100024,100,99826,100,100031,100,99576,100,100035,100,99560,100,100049,100,99485,100
2019-06-28 09:41:20.000000000,99902,471,99867,564,99962,200,99846,100,100010,100,99840,100,100011,100,99833,100,100015,100,99828,100,100022,100,99826,100,100024,100,99576,100,100031,100,99560,100,100035,100,99485,100,100049,100,99222,100
2019-06-28 09:41:30.000000000,99902,239,99867,332,99962,432,99846,332,100010,100,99840,100,100011,100,99833,100,100015,100,99828,100,100022,100,99826,100,100024,100,99576,100,100031,100,99560,100,100035,100,99485,100,100049,100,99222,100
2019-06-28 09:41:38.138539100,99902,239,99867,332,99962,432,99846,332,100010,100,99840,100,100011,100,99833,100,100015,100,99828,100,100022,100,99826,100,100024,100,99560,100,100031,100,99485,100,100035,100,99222,100,100049,100,99129,100
2019-06-28 09:41:40.000000000,99902,239,99867,332,99962,432,99846,332,100010,100,99840,100,100011,100,99833,100,100015,100,99828,100,100022,100,99826,100,100024,100,99560,100,100031,100,99485,100,100035,100,99222,100,100049,100,99129,100
2019-06-28 09:41:45.350158270,99902,239,99867,332,99962,432,99846,332,100010,100,99840,100,100011,100,99833,100,100015,100,99828,100,100022,100,99826,100,100024,100,99560,100,100031,100,99485,100,100035,100,99154,100,100049,100,99129,100
2019-06-28 09:41:50.000000000,99902,471,99867,564,99962,200,99846,100,100010,100,99840,100,100011,100,99833,100,100015,100,99828,100,100022,100,99826,100,100024,100,99560,100,100031,100,99485,100,100035,100,99154,100,100049,100,99129,100
2019-06-28 09:42:00.000000000,99902,239,99867,332,99962,432,99846,332,100010,100,99840,100,100011,100,99833,100,100015,100,99828,100,100022,100,99826,100,100024,100,99560,100,100031,100,99485,100,100035,100,99154,100,100049,100,99129,100
2019-06-28 09:42:10.000000000,99902,471,99867,564,99962,200,99846,100,100010,100,99840,100,100011,100,99833,100,100015,100,99828,100,100022,100,99826,100,100024,100,99560,100,100031,100,99485,100,100035,100,99154,100,100049,100,99129,100
2019-06-28 09:42:11.805017378,99902,471,99867,464,99962,200,99846,100,100010,100,99840,100,100011,100,99833,100,100015,100,99828,100,100022,100,99826,100,100024,100,99560,100,100031,100,99485,100,100035,100,99154,100,100049,100,99129,100
2019-06-28 09:42:20.000000000,99902,165,99846,258,99962,353,99840,253,100010,253,99833,253,100011,100,99828,100,100015,100,99826,100,100022,100,99560,100,100024,100,99485,100,100031,100,99154,100,100035,100,99129,100,100049,100,99018,100
2019-06-28 09:42:28.768077613,99902,165,99846,258,99962,353,99840,253,100010,253,99833,253,100011,100,99828,100,100015,100,99826,100,100022,100,99560,100,100024,100,99485,100,100031,100,99318,100,100035,100,99154,100,100049,100,99129,100
2019-06-28 09:42:30.000000000,99902,239,99846,332,99962,432,99840,332,100010,100,99833,100,100011,100,99828,100,100015,100,99826,100,100022,100,99560,100,100024,100,99485,100,100031,100,99318,100,100035,100,99154,100,100049,100,99129,100
2019-06-28 09:42:35.914019555,99902,239,99846,232,99962,432,99840,332,100010,100,99833,100,100011,100,99828,100,100015,100,99826,100,100022,100,99560,100,100024,100,99485,100,100031,100,99318,100,100035,100,99154,100,100049,100,99132,100
2019-06-28 09:42:40.000000000,99902,100,99840,193,99962,293,99833,193,100010,193,99828,193,100011,193,99826,193,100015,193,99560,193,100022,100,99485,100,100024,100,99318,100,100031,100,99154,100,100035,100,99132,100,100049,100,99129,100
2019-06-28 09:42:46.852936133,99902,100,99840,93,99962,293,99833,193,100010,193,99828,193,100011,193,99826,193,100015,193,99560,193,100022,100,99485,100,100024,100,99318,100,100031,100,99154,100,100035,100,99132,100,100049,100,99129,100
2019-06-28 09:42:50.000000000,99902,239,99833,332,99962,432,99828,332,100010,100,99826,100,100011,100,99560,100,100015,100,99485,100,100022,100,99318,100,100024,100,99154,100,100031,100,99132,100,100035,100,99129,100,100049,100,99018,100
2019-06-28 09:42:55.730461655,99902,239,99833,332,99962,432,99828,332,100010,100,99826,100,100011,100,99560,100,100015,100,99485,100,100022,100,99318,100,100024,100,99154,100,100031,100,99133,100,100035,100,99132,100,100049,100,99129,100
2019-06-28 09:43:00.000000000,99902,471,99833,564,99962,200,99828,100,100010,100,99826,100,100011,100,99560,100,100015,100,99485,100,100022,100,99318,100,100024,100,99154,100,100031,100,99133,100,100035,100,99132,100,100049,100,99129,100
2019-06-28 09:43:00.460238884,99902,471,99833,564,99962,200,99828,100,100010,100,99826,100,100011,100,99560,100,100015,100,99485,100,100022,100,99318,100,100024,100,99154,100,100031,100,99133,100,100035,100,99132,100,100049,100,99129,100
2019-06-28 09:43:10.000000000,99902,239,99833,332,99962,432,99828,332,100010,100,99826,100,100011,100,99560,100,100015,100,99485,100,100022,100,99318,100,100024,100,99154,100,100031,100,99133,100,100035,100,99132,100,100049,100,99129,100
2019-06-28 09:43:20.000000000,99902,471,99833,564,99962,200,99828,100,100010,100,99826,100,100011,100,99560,100,100015,100,99485,100,100022,100,99318,100,100024,100,99154,100,100031,100,99133,100,100035,100,99132,100,100049,100,99129,100
2019-06-28 09:43:30.000000000,99902,165,99833,258,99962,353,99828,253,100010,253,99826,253,100011,100,99560,100,100015,100,99485,100,100022,100,99318,100,100024,100,99154,100,100031,100,99133,100,100035,100,99132,100,100049,100,99129,100
2019-06-28 09:43:31.719315023,99867,100,99833,258,99902,165,99828,253,99962,353,99826,253,100010,253,99560,100,100011,100,99485,100,100015,100,99318,100,100022,100,99154,100,100024,100,99133,100,100031,100,99132,100,100035,100,99129,100
2019-06-28 09:43:40.000000000,99867,193,99833,193,99902,100,99828,193,99962,293,99826,193,100010,193,99560,193,100011,193,99485,193,100015,100,99318,100,100022,100,99154,100,100024,100,99133,100,100031,100,99132,100,100035,100,99129,100
2019-06-28 09:43:50.000000000,99867,564,99833,564,99902,7,99828,100,99962,200,99826,100,100010,100,99560,100,100011,100,99485,100,100015,100,99318,100,100022,100,99154,100,100024,100,99133,100,100031,100,99132,100,100035,100,99129,100
2019-06-28 09:43:51.646090174,99867,464,99833,564,99902,7,99828,100,99962,200,99826,100,100010,100,99560,100,100011,100,99485,100,100015,100,99318,100,100022,100,99154,100,100024,100,99133,100,100031,100,99132,100,100035,100,99129,100
2019-06-28 09:44:00.000000000,99902,100,99833,193,99962,293,99828,193,100010,193,99826,193,100011,193,99560,193,100015,193,99485,193,100022,100,99318,100,100024,100,99154,100,100031,100,99133,100,100035,100,99132,100,100049,100,99129,100
2019-06-28 09:44:10.000000000,99902,165,99833,258,99962,353,99828,253,100010,253,99826,253,100011,100,99560,100,100015,100,99485,100,100022,100,99318,100,100024,100,99154,100,100031,100,99133,100,100035,100,99132,100,100049,100,99129,100
2019-06-28 09:44:18.690670845,99902,165,99847,100,99962,353,99833,258,100010,253,99828,253,100011,100,99826,253,100015,100,99560,100,100022,100,99485,100,100024,100,99318,100,100031,100,99154,100,100035,100,99133,100,100049,100,99132,100
2019-06-28 09:44:20.000000000,99902,239,99847,332,99962,432,99833,332,100010,100,99828,100,100011,100,99826,100,100015,100,99560,100,100022,100,99485,100,100024,100,99318,100,100031,100,99154,100,100035,100,99133,100,100049,100,99132,100
2019-06-28 09:44:30.000000000,99902,100,99847,193,99962,293,99833,193,100010,193,99828,193,100011,193,99826,193,100015,193,99560,193,100022,100,99485,100,100024,100,99318,100,100031,100,99154,100,100035,100,99133,100,100049,100,99132,100
2019-06-28 09:44:40.000000000,99902,165,99847,258,99962,353,99833,253,100010,253,99828,253,100011,100,99826,100,100015,100,99560,100,100022,100,99485,100,100024,100,99318,100,100031,100,99154,100,100035,100,99133,100,100049,100,99132,100
2019-06-28 09:44:50.000000000,99902,100,99847,193,99962,293,99833,193,100010,193,99828,193,100011,193,99826,193,100015,193,99560,193,100022,100,99485,100,100024,100,99318,100,100031,100,99154,100,100035,100,99133,100,100049,100,99132,100
2019-06-28 09:45:00.000000000,99902,239,99847,332,99962,432,99833,332,100010,100,99828,100,100011,100,99826,100,100015,100,99560,100,100022,100,99485,100,100024,100,99318,100,100031,100,99154,100,100035,100,99133,100,100049,100,99132,100
2019-06-28 09:45:02.530888733,99902,139,99847,332,99962,432,99833,332,100010,100,99828,100,100011,100,99826,100,100015,100,99560,100,100022,100,99485,100,100024,100,99318,100,100031,100,99154,100,100049,100,99133,100,100068,100,99132,100
2019-06-28 09:45:10.000000000,99962,358,99847,258,100010,253,99833,253,100011,253,99828,253,100015,100,99826,100,100022,100,99560,100,100024,100,99485,100,100031,100,99318,100,100049,100,99154,100,100068,100,99133,100,100094,100,99132,100
2019-06-28 09:45:11.204638315,99962,258,99847,258,100010,253,99833,253,100011,253,99828,253,100015,100,99826,100,100022,100,99560,100,100024,100,99485,100,100031,100,99318,100,100049,100,99154,100,100068,100,99133,100,100094,100,99132,100
2019-06-28 09:45:20.000000000,99962,216,99847,216,100010,216,99833,216,100011,216,99828,216,100015,216,99826,216,100022,100,99560,100,100024,100,99485,100,100031,100,99318,100,100049,100,99154,100,100068,100,99133,100,100094,100,99132,100
2019-06-28 09:45:30.000000000,99962,564,99847,564,100010,100,99833,100,100011,100,99828,100,100015,100,99826,100,100022,100,99560,100,100024,100,99485,100,100031,100,99318,100,100049,100,99154,100,100068,100,99133,100,100094,100,99132,100
2019-06-28 09:45:35.480887683,99962,564,99902,100,100010,100,99847,564,100011,100,99833,100,100015,100,99828,100,100022,100,99826,100,100024,100,99560,100,100031,100,99485,100,100049,100,99318,100,100068,100,99154,100,100094,100,99133,100
2019-06-28 09:45:40.000000000,99962,564,99902,564,100010,100,99847,100,100011,100,99833,100,100015,100,99828,100,100022,100,99826,100,100024,100,99560,100,100031,100,99485,100,100049,100,99318,100,100068,100,99154,100,100094,100,99133,100
2019-06-28 09:45:42.774522196,99962,464,99902,564,100010,100,99847,100,100011,100,99833,100,100015,100,99828,100,100022,100,99826,100,100024,100,99560,100,100031,100,99485,100,100049,100,99318,100,100068,100,99154,100,100094,100,99133,100
2019-06-28 09:45:43.525433646,99962,364,99902,564,100010,100,99847,100,100011,100,99833,100,100015,100,99828,100,100022,100,99826,100,100024,100,99560,100,100031,100,99485,100,100049,100,99318,100,100068,100,99154,100,100094,100,99133,100
2019-06-28 09:45:46.127034033,99962,264,99902,564,100010,100,99847,100,100011,100,99833,100,100015,100,99828,100,100022,100,99826,100,100024,100,99560,100,100031,100,99485,100,100049,100,99318,100,100068,100,99154,100,100094,100,99132,100
2019-06-28 09:45:50.000000000,100010,216,99902,216,100011,216,99847,216,100015,216,99833,216,100022,216,99828,216,100024,100,99826,100,100031,100,99560,100,100049,100,99485,100,100068,100,99318,100,100094,100,99154,100,100122,100,99132,100
2019-06-28 09:46:00.000000000,100010,216,99902,216,100011,216,99847,216,100015,216,99833,216,100022,216,99828,216,100024,100,99826,100,100031,100,99560,100,100049,100,99485,100,100068,100,99318,100,100094,100,99154,100,100122,100,99132,100
2019-06-28 09:46:10.000000000,100010,258,99902,258,100011,253,99847,253,100015,253,99833,253,100022,100,99828,100,100024,100,99826,100,100031,100,99560,100,100049,100,99485,100,100068,100,99318,100,100094,100,99154,100,100122,100,99132,100
2019-06-28 09:46:20.000000000,100010,564,99902,564,100011,100,99847,100,100015,100,99833,100,100022,100,99828,100,100024,100,99826,100,100031,100,99560,100,100049,100,99485,100,100068,100,99318,100,100094,100,99154,100,100122,100,99132,100
2019-06-28 09:46:21.825177850,100010,564,99902,564,100011,100,99847,100,100015,100,99833,100,100022,100,99828,100,100024,100,99826,100,100031,100,99560,100,100049,100,99485,100,100068,100,99318,100,100094,100,99154,100,100095,100,99129,100
2019-06-28 09:46:22.218757466,100010,564,99962,100,100011,100,99902,564,100015,100,99847,100,100022,100,99833,100,100024,100,99828,100,100031,100,99826,100,100049,100,99560,100,100068,100,99485,100,100094,100,99318,100,100095,100,99154,100
2019-06-28 09:46:30.000000000,100010,258,99962,258,100011,253,99902,253,100015,253,99847,253,100022,100,99833,100,100024,100,99828,100,100031,100,99826,100,100049,100,99560,100,100068,100,99485,100,100094,100,99318,100,100095,100,99154,100
2019-06-28 09:46:40.000000000,100010,258,99962,258,100011,253,99902,253,100015,253,99847,253,100022,100,99833,100,100024,100,99828,100,100031,100,99826,100,100049,100,99560,100,100068,100,99485,100,100094,100,99318,100,100095,100,99154,100
2019-06-28 09:46:50.000000000,100010,216,99962,216,100011,216,99902,216,100015,216,99847,216,100022,216,99833,216,100024,100,99828,100,100031,100,99826,100,100049,100,99560,100,100068,100,99485,100,100094,100,99318,100,100095,100,99154,100
2019-06-28 09:47:00.000000000,100010,258,99962,258,100011,253,99902,253,100015,253,99847,253,100022,100,99833,100,100024,100,99828,100,100031,100,99826,100,100049,100,99560,100,100068,100,99485,100,100094,100,99318,100,100095,100,99154,100
2019-06-28 09:47:10.000000000,100010,258,99962,258,100011,253,99902,253,100015,253,99847,253,100022,100,99833,100,100024,100,99828,100,100031,100,99826,100,100049,100,99560,100,100068,100,99485,100,100094,100,99318,100,100095,100,99154,100
2019-06-28 09:47:20.000000000,100010,564,99962,564,100011,100,99902,100,100015,100,99847,100,100022,100,99833,100,100024,100,99828,100,100031,100,99826,100,100049,100,99560,100,100068,100,99485,100,100094,100,99318,100,100095,100,99154,100
2019-06-28 09:47:30.000000000,100010,258,99962,258,100011,253,99902,253,100015,253,99847,253,100022,100,99833,100,100024,100,99828,100,100031,100,99826,100,100049,100,99560,100,100068,100,99485,100,100094,100,99318,100,100095,100,99154,100
2019-06-28 09:47:35.329677880,100010,158,99962,258,100011,253,99902,253,100015,253,99847,253,100022,100,99833,100,100024,100,99828,100,100031,100,99826,100,100049,100,99560,100,100068,100,99485,100,100094,100,99318,100,100095,100,99154,100
2019-06-28 09:47:40.000000000,100011,564,99962,564,100015,100,99902,100,100022,100,99847,100,100024,100,99833,100,100031,100,99828,100,100049,100,99826,100,100068,100,99560,100,100094,100,99485,100,100095,100,99318,100,100122,100,99154,100
2019-06-28 09:47:50.000000000,100011,258,99962,258,100015,253,99902,253,100022,253,99847,253,100024,100,99833,100,100031,100,99828,100,100049,100,99826,100,100068,100,99560,100,100094,100,99485,100,100095,100,99318,100,100122,100,99154,100
2019-06-28 09:48:00.000000000,100011,193,99962,193,100015,193,99902,193,100022,193,99847,193,100024,193,99833,193,100031,193,99828,193,100049,100,99826,100,100068,100,99560,100,100094,100,99485,100,100095,100,99318,100,100122,100,99154,100
2019-06-28 09:48:10.000000000,100011,216,99962,216,100015,216,99902,216,100022,216,99847,216,100024,216,99833,216,100031,100,99828,100,100049,100,99826,100,100068,100,99560,100,100094,100,99485,100,100095,100,99318,100,100122,100,99154,100
2019-06-28 09:48:16.136485004,100011,216,99962,216,100015,216,99902,216,100022,216,99847,216,100024,216,99833,216,100031,100,99828,100,100049,100,99826,100,100068,100,99560,100,100094,100,99485,100,100095,100,99318,100,100122,100,99154,100
2019-06-28 09:48:20.000000000,100011,258,99962,258,100015,253,99902,253,100022,253,99847,253,100024,100,99833,100,100031,100,99828,100,100049,100,99826,100,100068,100,99560,100,100094,100,99485,100,100095,100,99318,100,100122,100,99154,100
2019-06-28 09:48:20.446325738,100011,258,99962,258,100015,253,99902,253,100022,253,99847,253,100024,100,99833,100,100031,100,99828,100,100049,100,99826,100,100068,100,99560,100,100094,100,99485,100,100095,100,99318,100,100122,100,99154,100
2019-06-28 09:48:30.000000000,100011,216,99962,216,100015,216,99902,216,100022,216,99847,216,100024,216,99833,216,100031,100,99828,100,100049,100,99826,100,100068,100,99560,100,100094,100,99485,100,100095,100,99318,100,100122,100,99154,100
2019-06-28 09:48:36.320194525,100011,116,99962,216,100015,216,99902,216,100022,216,99847,216,100024,216,99833,216,100031,100,99828,100,100049,100,99826,100,100068,100,99560,100,100094,100,99485,100,100095,100,99318,100,100122,100,99154,100
2019-06-28 09:48:40.000000000,100015,216,99962,216,100022,216,99902,216,100024,216,99847,216,100031,216,99833,216,100049,100,99828,100,100068,100,99826,100,100094,100,99560,100,100095,100,99485,100,100122,100,99318,100,100170,100,99154,100
2019-06-28 09:48:50.000000000,100015,564,99962,564,100022,100,99902,100,100024,100,99847,100,100031,100,99833,100,100049,100,99828,100,100068,100,99826,100,100094,100,99560,100,100095,100,99485,100,100122,100,99318,100,100170,100,99154,100
2019-06-28 09:49:00.000000000,100015,216,99962,216,100022,216,99902,216,100024,216,99847,216,100031,216,99833,216,100049,100,99828,100,100068,100,99826,100,100094,100,99560,100,100095,100,99485,100,100122,100,99318,100,100170,100,99154,100
2019-06-28 09:49:01.147913543,100015,116,99962,216,100022,216,99902,216,100024,216,99847,216,100031,216,99833,216,100068,100,99828,100,100094,100,99826,100,100095,100,99560,100,100122,100,99485,100,100170,100,99318,100,100354,100,99154,100
2019-06-28 09:49:10.000000000,100022,193,99962,193,100024,193,99902,193,100031,193,99847,193,100068,193,99833,193,100094,193,99828,193,100095,100,99826,100,100122,100,99560,100,100170,100,99485,100,100354,100,99318,100,100960,100,99154,100
2019-06-28 09:49:20.000000000,100022,193,99962,193,100024,193,99902,193,100031,193,99847,193,100068,193,99833,193,100094,193,99828,193,100095,100,99826,100,100122,100,99560,100,100170,100,99485,100,100354,100,99318,100,100960,100,99154,100
2019-06-28 09:49:30.000000000,100022,258,99962,258,100024,253,99902,253,100031,253,99847,253,100068,100,99833,100,100094,100,99828,100,100095,100,99826,100,100122,100,99560,100,100170,100,99485,100,100354,100,99318,100,100960,100,99154,100
2019-06-28 09:49:40.000000000,100022,216,99962,216,100024,216,99902,216,100031,216,99847,216,100068,216,99833,216,100094,100,99828,100,100095,100,99826,100,100122,100,99560,100,100170,100,99485,100,100354,100,99318,100,100960,100,99154,100
2019-06-28 09:49:49.489127585,100022,116,99962,216,100024,216,99902,216,100031,216,99847,216,100068,216,99833,216,100094,100,99828,100,100095,100,99826,100,100122,100,99560,100,100170,100,99485,100,100354,100,99318,100,100960,100,99154,100
2019-06-28 09:49:50.000000000,100024,564,99962,564,100031,100,99902,100,100068,100,99847,100,100094,100,99833,100,100095,100,99828,100,100122,100,99826,100,100170,100,99560,100,100354,100,99485,100,100960,100,99318,100,,,99154,100
2019-06-28 09:50:00.000000000,100024,258,99962,258,100031,253,99902,253,100068,253,99847,253,100094,100,99833,100,100095,100,99828,100,100122,100,99826,100,100170,100,99560,100,100354,100,99485,100,100960,100,99318,100,,,99154,100
2019-06-28 09:50:04.210415540,100024,258,99962,258,100031,253,99902,253,100068,253,99847,253,100094,100,99833,100,100095,100,99828,100,100122,100,99826,100,100354,100,99560,100,100960,100,99485,100,101585,100,99318,100,,,99154,100
2019-06-28 09:50:10.000000000,100024,193,99962,193,100031,193,99902,193,100068,193,99847,193,100094,193,99833,193,100095,193,99828,193,100122,100,99826,100,100354,100,99560,100,100960,100,99485,100,101585,100,99318,100,,,99154,100
2019-06-28 09:50:11.096208853,100024,193,99962,193,100031,193,99902,193,100068,193,99847,193,100094,193,99833,193,100095,193,99828,193,100122,100,99826,100,100354,100,99560,100,100960,100,99485,100,101442,100,99318,100,101585,100,99154,100
2019-06-28 09:50:20.000000000,100024,564,99962,564,100031,100,99902,100,100068,100,99847,100,100094,100,99833,100,100095,100,99828,100,100122,100,99826,100,100354,100,99560,100,100960,100,99485,100,101442,100,99318,100,101585,100,99154,100
2019-06-28 09:50:30.000000000,100024,258,99962,258,100031,253,99902,253,100068,253,99847,253,100094,100,99833,100,100095,100,99828,100,100122,100,99826,100,100354,100,99560,100,100960,100,99485,100,101442,100,99318,100,101585,100,99154,100
2019-06-28 09:50:31.498546206,100024,158,99962,258,100031,253,99902,253,100068,253,99847,253,100094,100,99833,100,100095,100,99828,100,100122,100,99826,100,100354,100,99560,100,100960,100,99485,100,101442,100,99318,100,101585,100,99154,100
2019-06-28 09:50:32.149265862,100024,158,99962,258,100031,253,99902,253,100068,253,99847,253,100094,100,99833,100,100095,100,99828,100,100122,100,99560,100,100354,100,99485,100,100960,100,99318,100,101090,100,99154,100,101442,100,99129,100
2019-06-28 09:50:38.809198489,100024,58,99962,258,100031,253,99902,253,100068,253,99847,253,100094,100,99833,100,100095,100,99828,100,100122,100,99560,100,100354,100,99485,100,100960,100,99318,100,101090,100,99154,100,101442,100,99129,100
2019-06-28 09:50:40.000000000,100031,216,99962,216,100068,216,99902,216,100094,216,99847,216,100095,216,99833,216,100122,100,99828,100,100354,100,99560,100,100960,100,99485,100,101090,100,99318,100,101442,100,99154,100,101585,100,99129,100
2019-06-28 09:50:50.000000000,100031,216,99962,216,100068,216,99902,216,100094,216,99847,216,100095,216,99833,216,100122,100,99828,100,100354,100,99560,100,100960,100,99485,100,101090,100,99318,100,101442,100,99154,100,101585,100,99129,100
2019-06-28 09:51:00.000000000,100031,216,99962,216,100068,216,99902,216,100094,216,99847,216,100095,216,99833,216,100122,100,99828,100,100354,100,99560,100,100960,100,99485,100,101090,100,99318,100,101442,100,99154,100,101585,100,99129,100
2019-06-28 09:51:04.899807275,100031,216,100024,100,100068,216,99962,216,100094,216,99902,216,100095,216,99847,216,100122,100,99833,216,100354,100,99828,100,100960,100,99560,100,101090,100,99485,100,101442,100,99318,100,101585,100,99154,100
2019-06-28 09:51:10.000000000,100031,332,100024,332,100068,332,99962,332,100094,100,99902,100,100095,100,99847,100,100122,100,99833,100,100354,100,99828,100,100960,100,99560,100,101090,100,99485,100,101442,100,99318,100,101585,100,99154,100
2019-06-28 09:51:15.368839864,100031,332,100024,232,100068,332,99962,332,100094,100,99902,100,100095,100,99847,100,100122,100,99833,100,100354,100,99828,100,100960,100,99560,100,101090,100,99485,100,101442,100,99318,100,101585,100,99154,100
2019-06-28 09:51:15.977659125,100031,232,100024,232,100068,332,99962,332,100094,100,99902,100,100095,100,99847,100,100354,100,99833,100,100960,100,99828,100,101090,100,99560,100,101442,100,99485,100,101585,100,99318,100,,,99154,100
2019-06-28 09:51:18.363652176,100031,232,100024,232,100068,332,99962,332,100094,100,99902,100,100095,100,99847,100,100354,100,99833,100,100960,100,99828,100,101090,100,99560,100,101206,100,99485,100,101442,100,99318,100,101585,100,99154,100
2019-06-28 09:51:20.000000000,100068,193,99962,193,100094,193,99902,193,100095,193,99847,193,100354,193,99833,193,100960,193,99828,193,101090,100,99560,100,101206,100,99485,100,101442,100,99318,100,101585,100,99154,100,,,99129,100
2019-06-28 09:51:30.000000000,100068,332,99962,332,100094,332,99902,332,100095,100,99847,100,100354,100,99833,100,100960,100,99828,100,101090,100,99560,100,101206,100,99485,100,101442,100,99318,100,101585,100,99154,100,,,99129,100
2019-06-28 09:51:40.000000000,100068,258,99962,258,100094,253,99902,253,100095,253,99847,253,100354,100,99833,100,100960,100,99828,100,101090,100,99560,100,101206,100,99485,100,101442,100,99318,100,101585,100,99154,100,,,99129,100
2019-06-28 09:51:50.000000000,100068,216,99962,216,100094,216,99902,216,100095,216,99847,216,100354,216,99833,216,100960,100,99828,100,101090,100,99560,100,101206,100,99485,100,101442,100,99318,100,101585,100,99154,100,,,99129,100
2019-06-28 09:51:54.291670295,100068,216,99962,216,100094,216,99902,216,100095,216,99847,216,100354,216,99833,216,100960,100,99828,100,101090,100,99560,100,101100,100,99485,100,101206,100,99318,100,101442,100,99154,100,101585,100,99129,100
2019-06-28 09:51:54.330269122,100068,216,99962,216,100094,216,99902,116,100095,216,99847,216,100354,216,99833,216,100960,100,99828,100,101090,100,99560,100,101100,100,99485,100,101206,100,99318,100,101442,100,99154,100,101585,100,99129,100
2019-06-28 09:51:58.224943327,100068,216,100025,100,100094,216,99962,216,100095,216,99902,116,100354,216,99847,216,100960,100,99833,216,101090,100,99828,100,101100,100,99560,100,101206,100,99485,100,101442,100,99318,100,101585,100,99154,100
2019-06-28 09:52:00.000000000,100068,258,100025,258,100094,253,99962,253,100095,253,99847,253,100354,100,99833,100,100960,100,99828,100,101090,100,99560,100,101100,100,99485,100,101206,100,99318,100,101442,100,99154,100,101585,100,99129,100
2019-06-28 09:52:10.000000000,100068,332,100025,332,100094,332,99962,332,100095,100,99847,100,100354,100,99833,100,100960,100,99828,100,101090,100,99560,100,101100,100,99485,100,101206,100,99318,100,101442,100,99154,100,101585,100,99129,100
2019-06-28 09:52:15.880848967,100068,332,100025,332,100094,332,99962,332,100095,100,99847,100,100354,100,99833,100,100960,100,99560,100,101059,100,99485,100,101090,100,99318,100,101100,100,99154,100,101206,100,99129,100,101442,100,99089,100
2019-06-28 09:52:20.000000000,100068,258,100025,258,100094,253,99962,253,100095,253,99847,253,100354,100,99833,100,100960,100,99560,100,101059,100,99485,100,101090,100,99318,100,101100,100,99154,100,101206,100,99129,100,101442,100,99089,100
2019-06-28 09:52:21.165797070,100068,258,100025,258,100094,253,99962,253,100095,253,99847,253,100354,100,99833,100,100960,100,99560,100,101059,100,99485,100,101090,100,99318,100,101100,100,99154,100,101206,100,99129,100,101442,100,99089,100
2019-06-28 09:52:30.000000000,100068,216,100025,216,100094,216,99962,216,100095,216,99847,216,100354,216,99833,216,100960,100,99560,100,101059,100,99485,100,101090,100,99318,100,101100,100,99154,100,101206,100,99129,100,101442,100,99089,100
2019-06-28 09:52:40.000000000,100068,216,100025,216,100094,216,99962,216,100095,216,99847,216,100354,216,99833,216,100960,100,99560,100,101059,100,99485,100,101090,100,99318,100,101100,100,99154,100,101206,100,99129,100,101442,100,99089,100
2019-06-28 09:52:50.000000000,100068,564,100025,564,100094,100,99962,100,100095,100,99847,100,100354,100,99833,100,100960,100,99560,100,101059,100,99485,100,101090,100,99318,100,101100,100,99154,100,101206,100,99129,100,101442,100,99089,100
2019-06-28 09:53:00.000000000,100068,332,100025,332,100094,332,99962,332,100095,100,99847,100,100354,100,99833,100,100960,100,99560,100,101059,100,99485,100,101090,100,99318,100,101100,100,99154,100,101206,100,99129,100,101442,100,99089,100
2019-06-28 09:53:10.000000000,100068,332,100025,332,100094,332,99962,332,100095,100,99847,100,100354,100,99833,100,100960,100,99560,100,101059,100,99485,100,101090,100,99318,100,101100,100,99154,100,101206,100,99129,100,101442,100,99089,100
2019-06-28 09:53:20.000000000,100068,216,100025,216,100094,216,99962,216,100095,216,99847,216,100354,216,99833,216,100960,100,99560,100,101059,100,99485,100,101090,100,99318,100,101100,100,99154,100,101206,100,99129,100,101442,100,99089,100
2019-06-28 09:53:30.000000000,100068,564,100025,564,100094,100,99962,100,100095,100,99847,100,100354,100,99833,100,100960,100,99560,100,101059,100,99485,100,101090,100,99318,100,101100,100,99154,100,101206,100,99129,100,101442,100,99089,100
2019-06-28 09:53:31.575194526,100068,564,100025,564,100094,100,99962,100,100095,100,99847,100,100354,100,99833,100,100655,100,99560,100,100960,100,99485,100,101059,100,99318,100,101090,100,99154,100,101100,100,99129,100,101206,100,99089,100
2019-06-28 09:53:40.000000000,100068,193,100025,193,100094,193,99962,193,100095,193,99847,193,100354,193,99833,193,100655,193,99560,193,100960,100,99485,100,101059,100,99318,100,101090,100,99154,100,101100,100,99129,100,101206,100,99089,100
2019-06-28 09:53:42.920084974,100068,193,100025,193,100094,193,99962,193,100095,193,99847,93,100354,193,99833,193,100655,193,99560,193,100960,100,99485,100,101059,100,99318,100,101090,100,99154,100,101100,100,99129,100,101206,100,99089,100
2019-06-28 09:53:50.000000000,100068,564,100025,564,100094,100,99962,100,100095,100,99833,100,100354,100,99560,100,100655,100,99485,100,100960,100,99318,100,101059,100,99154,100,101090,100,99129,100,101100,100,99089,100,101206,100,99018,100
2019-06-28 09:54:00.000000000,100068,193,100025,193,100094,193,99962,193,100095,193,99833,193,100354,193,99560,193,100655,193,99485,193,100960,100,99318,100,101059,100,99154,100,101090,100,99129,100,101100,100,99089,100,101206,100,99018,100
2019-06-28 09:54:10.000000000,100068,332,100025,332,100094,332,99962,332,100095,100,99833,100,100354,100,99560,100,100655,100,99485,100,100960,100,99318,100,101059,100,99154,100,101090,100,99129,100,101100,100,99089,100,101206,100,99018,100
2019-06-28 09:54:19.138127426,100068,232,100025,332,100094,332,99962,332,100095,100,99833,100,100354,100,99560,100,100655,100,99485,100,100960,100,99318,100,101059,100,99154,100,101090,100,99129,100,101100,100,99089,100,101206,100,99018,100
2019-06-28 09:54:20.000000000,100094,332,100025,332,100095,332,99962,332,100354,100,99833,100,100655,100,99560,100,100960,100,99485,100,101059,100,99318,100,101090,100,99154,100,101100,100,99129,100,101206,100,99089,100,101442,100,99018,100
2019-06-28 09:54:25.505011859,100094,332,100031,100,100095,332,100025,332,100354,100,99962,332,100655,100,99833,100,100960,100,99560,100,101059,100,99485,100,101090,100,99318,100,101100,100,99154,100,101206,100,99129,100,101442,100,99089,100
2019-06-28 09:54:30.000000000,100094,564,100031,564,100095,100,100025,100,100354,100,99962,100,100655,100,99833,100,100960,100,99560,100,101059,100,99485,100,101090,100,99318,100,101100,100,99154,100,101206,100,99129,100,101442,100,99089,100
2019-06-28 09:54:37.830896321,100094,464,100031,564,100095,100,100025,100,100354,100,99962,100,100655,100,99833,100,100960,100,99560,100,101059,100,99485,100,101090,100,99318,100,101100,100,99154,100,101206,100,99129,100,101442,100,99089,100
2019-06-28 09:54:40.000000000,100095,258,100031,258,100354,253,100025,253,100655,253,99962,253,100960,100,99833,100,101059,100,99560,100,101090,100,99485,100,101100,100,99318,100,101206,100,99154,100,101442,100,99129,100,101470,100,99089,100
2019-06-28 09:54:49.579534819,100095,258,100068,100,100354,253,100031,258,100655,253,100025,253,100960,100,99962,253,101059,100,99833,100,101090,100,99560,100,101100,100,99485,100,101206,100,99318,100,101442,100,99154,100,101470,100,99129,100
2019-06-28 09:54:50.000000000,100095,258,100068,258,100354,253,100031,253,100655,253,100025,253,100960,100,99962,100,101059,100,99833,100,101090,100,99560,100,101100,100,99485,100,101206,100,99318,100,101442,100,99154,100,101470,100,99129,100
2019-06-28 09:55:00.000000000,100095,564,100068,564,100354,100,100031,100,100655,100,100025,100,100960,100,99962,100,101059,100,99833,100,101090,100,99560,100,101100,100,99485,100,101206,100,99318,100,101442,100,99154,100,101470,100,99129,100
2019-06-28 09:55:01.527625084,100095,564,100068,664,100354,100,100031,100,100655,100,100025,100,100960,100,99962,100,101059,100,99833,100,101090,100,99560,100,101100,100,99485,100,101206,100,99318,100,101442,100,99154,100,101470,100,99129,100
2019-06-28 09:55:10.000000000,100095,216,100068,316,100354,216,100031,216,100655,216,100025,216,100960,216,99962,216,101059,100,99833,100,101090,100,99560,100,101100,100,99485,100,101206,100,99318,100,101442,100,99154,100,101470,100,99129,100
2019-06-28 09:55:20.000000000,100095,564,100068,664,100354,100,100031,100,100655,100,100025,100,100960,100,99962,100,101059,100,99833,100,101090,100,99560,100,101100,100,99485,100,101206,100,99318,100,101442,100,99154,100,101470,100,99129,100
2019-06-28 09:55:28.176223949,100095,564,100068,764,100354,100,100031,100,100655,100,99962,100,100960,100,99833,100,101059,100,99560,100,101090,100,99485,100,101100,100,99318,100,101206,100,99154,100,101442,100,99129,100,101470,100,99089,100
2019-06-28 09:55:28.914811283,100095,564,100068,764,100277,100,100031,100,100655,100,99962,100,100960,100,99833,100,101059,100,99560,100,101090,100,99485,100,101100,100,99318,100,101206,100,99154,100,101442,100,99129,100,101470,100,99089,100
2019-06-28 09:55:30.000000000,100095,216,100068,416,100277,216,100031,216,100655,216,99962,216,100960,216,99833,216,101059,100,99560,100,101090,100,99485,100,101100,100,99318,100,101206,100,99154,100,101442,100,99129,100,101470,100,99089,100
2019-06-28 09:55:40.000000000,100095,564,100068,764,100277,100,100031,100,100655,100,99962,100,100960,100,99833,100,101059,100,99560,100,101090,100,99485,100,101100,100,99318,100,101206,100,99154,100,101442,100,99129,100,101470,100,99089,100
2019-06-28 09:55:50.000000000,100095,258,100068,458,100277,253,100031,253,100655,253,99962,253,100960,100,99833,100,101059,100,99560,100,101090,100,99485,100,101100,100,99318,100,101206,100,99154,100,101442,100,99129,100,101470,100,99089,100
2019-06-28 09:56:00.000000000,100095,193,100068,393,100277,193,100031,193,100655,193,99962,193,100960,193,99833,193,101059,193,99560,193,101090,100,99485,100,101100,100,99318,100,101206,100,99154,100,101442,100,99129,100,101470,100,99089,100
2019-06-28 09:56:10.000000000,100095,193,100068,393,100277,193,100031,193,100655,193,99962,193,100960,193,99833,193,101059,193,99560,193,101090,100,99485,100,101100,100,99318,100,101206,100,99154,100,101442,100,99129,100,101470,100,99089,100
2019-06-28 09:56:11.297704196,100095,193,100068,393,100277,193,100031,193,100655,193,99962,193,100890,100,99833,193,100960,193,99560,193,101059,193,99485,100,101090,100,99318,100,101100,100,99154,100,101206,100,99129,100,101442,100,99089,100
2019-06-28 09:56:20.000000000,100095,564,100068,764,100277,100,100031,100,100655,100,99962,100,100890,100,99833,100,100960,100,99560,100,101059,100,99485,100,101090,100,99318,100,101100,100,99154,100,101206,100,99129,100,101442,100,99089,100
2019-06-28 09:56:30.000000000,100095,564,100068,764,100277,100,100031,100,100655,100,99962,100,100890,100,99833,100,100960,100,99560,100,101059,100,99485,100,101090,100,99318,100,101100,100,99154,100,101206,100,99129,100,101442,100,99089,100
2019-06-28 09:56:40.000000000,100095,216,100068,416,100277,216,100031,216,100655,216,99962,216,100890,216,99833,216,100960,100,99560,100,101059,100,99485,100,101090,100,99318,100,101100,100,99154,100,101206,100,99129,100,101442,100,99089,100
2019-06-28 09:56:50.000000000,100095,332,100068,532,100277,332,100031,332,100655,100,99962,100,100890,100,99833,100,100960,100,99560,100,101059,100,99485,100,101090,100,99318,100,101100,100,99154,100,101206,100,99129,100,101442,100,99089,100
2019-06-28 09:57:00.000000000,100095,332,100068,532,100277,332,100031,332,100655,100,99962,100,100890,100,99833,100,100960,100,99560,100,101059,100,99485,100,101090,100,99318,100,101100,100,99154,100,101206,100,99129,100,101442,100,99089,100
2019-06-28 09:57:04.940561893,100095,332,100068,632,100277,332,100031,332,100655,100,99962,100,100890,100,99833,100,100960,100,99560,100,101059,100,99485,100,101090,100,99318,100,101100,100,99154,100,101206,100,99129,100,101442,100,99089,100
2019-06-28 09:57:10.000000000,100095,258,100068,558,100277,253,100031,253,100655,253,99962,253,100890,100,99833,100,100960,100,99560,100,101059,100,99485,100,101090,100,99318,100,101100,100,99154,100,101206,100,99129,100,101442,100,99089,100
2019-06-28 09:57:20.000000000,100095,564,100068,864,100277,100,100031,100,100655,100,99962,100,100890,100,99833,100,100960,100,99560,100,101059,100,99485,100,101090,100,99318,100,101100,100,99154,100,101206,100,99129,100,101442,100,99089,100
2019-06-28 09:57:20.301388126,100095,464,100068,864,100277,100,100031,100,100655,100,99962,100,100890,100,99833,100,100960,100,99560,100,101059,100,99485,100,101090,100,99318,100,101100,100,99154,100,101206,100,99129,100,101442,100,99089,100
2019-06-28 09:57:30.000000000,100277,564,100068,864,100655,100,100031,100,100890,100,99962,100,100960,100,99833,100,101059,100,99560,100,101090,100,99485,100,101100,100,99318,100,101206,100,99154,100,101442,100,99129,100,101470,100,99089,100
2019-06-28 09:57:37.965443522,100277,564,100068,864,100655,100,100031,100,100769,100,99962,100,100890,100,99833,100,100960,100,99560,100,101059,100,99485,100,101090,100,99318,100,101100,100,99154,100,101206,100,99129,100,101442,100,99018,100
2019-06-28 09:57:40.000000000,100277,193,100068,493,100655,193,100031,193,100769,193,99962,193,100890,193,99833,193,100960,193,99560,193,101059,100,99485,100,101090,100,99318,100,101100,100,99154,100,101206,100,99129,100,101442,100,99018,100
2019-06-28 09:57:50.000000000,100277,332,100068,632,100655,332,100031,332,100769,100,99962,100,100890,100,99833,100,100960,100,99560,100,101059,100,99485,100,101090,100,99318,100,101100,100,99154,100,101206,100,99129,100,101442,100,99018,100
2019-06-28 09:58:00.000000000,100277,216,100068,516,100655,216,100031,216,100769,216,99962,216,100890,216,99833,216,100960,100,99560,100,101059,100,99485,100,101090,100,99318,100,101100,100,99154,100,101206,100,99129,100,101442,100,99018,100
2019-06-28 09:58:10.000000000,100277,216,100068,516,100655,216,100031,216,100769,216,99962,216,100890,216,99833,216,100960,100,99560,100,101059,100,99485,100,101090,100,99318,100,101100,100,99154,100,101206,100,99129,100,101442,100,99018,100
2019-06-28 09:58:20.000000000,100277,216,100068,516,100655,216,100031,216,100769,216,99962,216,100890,216,99833,216,100960,100,99560,100,101059,100,99485,100,101090,100,99318,100,101100,100,99154,100,101206,100,99129,100,101442,100,99018,100
2019-06-28 09:58:29.222834704,100277,216,100068,516,100655,216,100031,216,100769,216,99962,216,100890,216,99833,216,101059,100,99560,100,101090,100,99485,100,101100,100,99318,100,101206,100,99154,100,101356,100,99129,100,101442,100,99018,100
2019-06-28 09:58:30.000000000,100277,332,100068,632,100655,332,100031,332,100769,100,99962,100,100890,100,99833,100,101059,100,99560,100,101090,100,99485,100,101100,100,99318,100,101206,100,99154,100,101356,100,99129,100,101442,100,99018,100
2019-06-28 09:58:40.000000000,100277,193,100068,493,100655,193,100031,193,100769,193,99962,193,100890,193,99833,193,101059,193,99560,193,101090,100,99485,100,101100,100,99318,100,101206,100,99154,100,101356,100,99129,100,101442,100,99018,100
2019-06-28 09:58:50.000000000,100277,564,100068,864,100655,100,100031,100,100769,100,99962,100,100890,100,99833,100,101059,100,99560,100,101090,100,99485,100,101100,100,99318,100,101206,100,99154,100,101356,100,99129,100,101442,100,99018,100
2019-06-28 09:59:00.000000000,100277,216,100068,516,100655,216,100031,216,100769,216,99962,216,100890,216,99833,216,101059,100,99560,100,101090,100,99485,100,101100,100,99318,100,101206,100,99154,100,101356,100,99129,100,101442,100,99018,100
2019-06-28 09:59:08.054900286,100277,116,100068,516,100655,216,100031,216,100769,216,99962,216,100890,216,99833,216,101059,100,99560,100,101090,100,99485,100,101100,100,99318,100,101206,100,99154,100,101356,100,99129,100,101442,100,99018,100
2019-06-28 09:59:10.000000000,100655,216,100068,516,100769,216,100031,216,100890,216,99962,216,101059,216,99833,216,101090,100,99560,100,101100,100,99485,100,101206,100,99318,100,101356,100,99154,100,101442,100,99129,100,101470,100,99018,100
2019-06-28 09:59:20.000000000,100655,193,100068,493,100769,193,100031,193,100890,193,99962,193,101059,193,99833,193,101090,193,99560,193,101100,100,99485,100,101206,100,99318,100,101356,100,99154,100,101442,100,99129,100,101470,100,99018,100
2019-06-28 09:59:30.000000000,100655,564,100068,864,100769,100,100031,100,100890,100,99962,100,101059,100,99833,100,101090,100,99560,100,101100,100,99485,100,101206,100,99318,100,101356,100,99154,100,101442,100,99129,100,101470,100,99018,100
2019-06-28 09:59:32.460139803,100337,100,100068,864,100655,564,100031,100,100769,100,99962,100,100890,100,99833,100,101059,100,99560,100,101090,100,99318,100,101100,100,99154,100,101206,100,99129,100,101356,100,99018,100,101442,100,98444,100
2019-06-28 09:59:38.555174619,100337,100,100095,100,100655,564,100068,764,100769,100,100031,100,100890,100,99962,100,101059,100,99833,100,101090,100,99560,100,101100,100,99318,100,101206,100,99154,100,101356,100,99129,100,101442,100,99018,100
2019-06-28 09:59:39.006911772,100655,564,100095,100,100769,100,100068,764,100890,100,100031,100,101059,100,99962,100,101090,100,99833,100,101100,100,99560,100,101206,100,99318,100,101356,100,99154,100,101442,100,99129,100,101470,100,99018,100
2019-06-28 09:59:40.000000000,100655,216,100095,216,100769,216,100068,416,100890,216,100031,216,101059,216,99962,216,101090,100,99833,100,101100,100,99560,100,101206,100,99318,100,101356,100,99154,100,101442,100,99129,100,101470,100,99018,100
2019-06-28 09:59:50.000000000,100655,216,100095,216,100769,216,100068,416,100890,216,100031,216,101059,216,99962,216,101090,100,99833,100,101100,100,99560,100,101206,100,99318,100,101356,100,99154,100,101442,100,99129,100,101470,100,99018,100
2019-06-28 10:00:00.000000000,100655,193,100095,193,100769,193,100068,393,100890,193,100031,193,101059,193,99962,193,101090,193,99833,193,101100,100,99560,100,101206,100,99318,100,101356,100,99154,100,101442,100,99129,100,101470,100,99018,100
2019-06-28 10:00:10.000000000,100655,332,100095,332,100769,332,100068,532,100890,100,100031,100,101059,100,99962,100,101090,100,99833,100,101100,100,99560,100,101206,100,99318,100,101356,100,99154,100,101442,100,99129,100,101470,100,99018,100
2019-06-28 10:00:18.162095131,100655,232,100095,332,100769,332,100068,532,100890,100,100031,100,101059,100,99962,100,101090,100,99833,100,101100,100,99560,100,101206,100,99154,100,101356,100,99129,100,101442,100,99018,100,101470,100,98444,100
2019-06-28 10:00:20.000000000,100769,332,100095,332,100890,332,100068,532,101059,100,100031,100,101090,100,99962,100,101100,100,99833,100,101206,100,99560,100,101356,100,99154,100,101442,100,99129,100,101470,100,99018,100,101585,100,98444,100
2019-06-28 10:00:25.855440272,100686,100,100095,332,100769,332,100068,532,100890,332,100031,100,101059,100,99962,100,101090,100,99833,100,101100,100,99560,100,101206,100,99154,100,101356,100,99129,100,101442,100,99018,100,101470,100,98444,100
2019-06-28 10:00:30.000000000,100686,564,100095,564,100769,100,100068,300,100890,100,100031,100,101059,100,99962,100,101090,100,99833,100,101100,100,99560,100,101206,100,99154,100,101356,100,99129,100,101442,100,99018,100,101470,100,98444,100
2019-06-28 10:00:36.090872403,100686,564,100095,564,100769,100,100068,300,100890,100,100031,100,100920,100,99962,100,101059,100,99833,100,101090,100,99560,100,101100,100,99154,100,101206,100,99129,100,101356,100,99018,100,101442,100,98444,100
2019-06-28 10:00:40.000000000,100686,332,100095,332,100769,332,100068,532,100890,100,100031,100,100920,100,99962,100,101059,100,99833,100,101090,100,99560,100,101100,100,99154,100,101206,100,99129,100,101356,100,99018,100,101442,100,98444,100
2019-06-28 10:00:50.000000000,100686,216,100095,216,100769,216,100068,416,100890,216,100031,216,100920,216,99962,216,101059,100,99833,100,101090,100,99560,100,101100,100,99154,100,101206,100,99129,100,101356,100,99018,100,101442,100,98444,100
2019-06-28 10:01:00.000000000,100686,216,100095,216,100769,216,100068,416,100890,216,100031,216,100920,216,99962,216,101059,100,99833,100,101090,100,99560,100,101100,100,99154,100,101206,100,99129,100,101356,100,99018,100,101442,100,98444,100
2019-06-28 10:01:10.000000000,100686,193,100095,193,100769,193,100068,393,100890,193,100031,193,100920,193,99962,193,101059,193,99833,193,101090,100,99560,100,101100,100,99154,100,101206,100,99129,100,101356,100,99018,100,101442,100,98444,100
2019-06-28 10:01:20.000000000,100686,258,100095,258,100769,253,100068,453,100890,253,100031,253,100920,100,99962,100,101059,100,99833,100,101090,100,99560,100,101100,100,99154,100,101206,100,99129,100,101356,100,99018,100,101442,100,98444,100
2019-06-28 10:01:30.000000000,100686,216,100095,216,100769,216,100068,416,100890,216,100031,216,100920,216,99962,216,101059,100,99833,100,101090,100,99560,100,101100,100,99154,100,101206,100,99129,100,101356,100,99018,100,101442,100,98444,100
2019-06-28 10:01:30.514185934,100686,216,100095,216,100769,216,100068,416,100890,216,100031,216,100920,216,99962,216,101014,100,99833,100,101059,100,99560,100,101090,100,99154,100,101100,100,99129,100,101206,100,99018,100,101356,100,98444,100
2019-06-28 10:01:38.121243007,100686,216,100095,216,100769,216,100068,416,100813,100,100031,216,100890,216,99962,216,100920,216,99833,100,101014,100,99560,100,101059,100,99154,100,101090,100,99129,100,101100,100,98444,100,101206,100,98300,100
2019-06-28 10:01:40.000000000,100686,193,100095,193,100769,193,100068,393,100813,193,100031,193,100890,193,99962,193,100920,193,99833,193,101014,100,99560,100,101059,100,99154,100,101090,100,99129,100,101100,100,98444,100,101206,100,98300,100
2019-06-28 10:01:50.000000000,100686,193,100095,193,100769,193,100068,393,100813,193,100031,193,100890,193,99962,193,100920,193,99833,193,101014,100,99560,100,101059,100,99154,100,101090,100,99129,100,101100,100,98444,100,101206,100,98300,100
2019-06-28 10:01:52.167668789,100686,193,100629,100,100769,193,100095,193,100813,193,100068,393,100890,193,100031,193,100920,193,99962,193,101014,100,99833,193,101059,100,99560,100,101090,100,99154,100,101100,100,99129,100,101206,100,98444,100
2019-06-28 10:02:00.000000000,100686,258,100629,258,100769,253,100095,253,100813,253,100068,453,100890,100,100031,100,100920,100,99962,100,101014,100,99833,100,101059,100,99560,100,101090,100,99154,100,101100,100,99129,100,101206,100,98444,100
2019-06-28 10:02:10.000000000,100686,332,100629,332,100769,332,100095,332,100813,100,100068,300,100890,100,100031,100,100920,100,99962,100,101014,100,99833,100,101059,100,99560,100,101090,100,99154,100,101100,100,99129,100,101206,100,98444,100
2019-06-28 10:02:20.000000000,100686,564,100629,564,100769,100,100095,100,100813,100,100068,300,100890,100,100031,100,100920,100,99962,100,101014,100,99833,100,101059,100,99560,100,101090,100,99154,100,101100,100,99129,100,101206,100,98444,100
2019-06-28 10:02:30.000000000,100686,258,100629,258,100769,253,100095,253,100813,253,100068,453,100890,100,100031,100,100920,100,99962,100,101014,100,99833,100,101059,100,99560,100,101090,100,99154,100,101100,100,99129,100,101206,100,98444,100
2019-06-28 10:02:40.000000000,100686,258,100629,258,100769,253,100095,253,100813,253,100068,453,100890,100,100031,100,100920,100,99962,100,101014,100,99833,100,101059,100,99560,100,101090,100,99154,100,101100,100,99129,100,101206,100,98444,100
2019-06-28 10:02:50.000000000,100686,216,100629,216,100769,216,100095,216,100813,216,100068,416,100890,216,100031,216,100920,100,99962,100,101014,100,99833,100,101059,100,99560,100,101090,100,99154,100,101100,100,99129,100,101206,100,98444,100
2019-06-28 10:02:55.023005916,100655,100,100629,216,100686,216,100095,216,100769,216,100068,416,100813,216,100031,216,100890,216,99962,100,100920,100,99833,100,101014,100,99560,100,101059,100,99154,100,101090,100,99129,100,101100,100,98444,100
2019-06-28 10:03:00.000000000,100655,564,100629,564,100686,100,100095,100,100769,100,100068,300,100813,100,100031,100,100890,100,99962,100,100920,100,99833,100,101014,100,99560,100,101059,100,99154,100,101090,100,99129,100,101100,100,98444,100
2019-06-28 10:03:10.000000000,100655,216,100629,216,100686,216,100095,216,100769,216,100068,416,100813,216,100031,216,100890,100,99962,100,100920,100,99833,100,101014,100,99560,100,101059,100,99154,100,101090,100,99129,100,101100,100,98444,100
2019-06-28 10:03:20.000000000,100655,332,100629,332,100686,332,100095,332,100769,100,100068,300,100813,100,100031,100,100890,100,99962,100,100920,100,99833,100,101014,100,99560,100,101059,100,99154,100,101090,100,99129,100,101100,100,98444,100
2019-06-28 10:03:30.000000000,100655,332,100629,332,100686,332,100095,332,100769,100,100068,300,100813,100,100031,100,100890,100,99962,100,100920,100,99833,100,101014,100,99560,100,101059,100,99154,100,101090,100,99129,100,101100,100,98444,100
2019-06-28 10:03:32.792411467,100655,332,100629,232,100686,332,100095,332,100769,100,100068,300,100813,100,100031,100,100890,100,99962,100,100920,100,99833,100,101014,100,99560,100,101059,100,99129,100,101090,100,98444,100,101100,100,98300,100
2019-06-28 10:03:36.807798234,100655,332,100629,232,100686,332,100333,100,100769,100,100095,332,100813,100,100068,300,100890,100,100031,100,100920,100,99962,100,101014,100,99833,100,101059,100,99560,100,101090,100,99129,100,101100,100,98444,100
2019-06-28 10:03:40.000000000,100655,193,100333,193,100686,193,100095,193,100769,193,100068,393,100813,193,100031,193,100890,193,99962,193,100920,100,99833,100,101014,100,99560,100,101059,100,99129,100,101090,100,98444,100,101100,100,98300,100
2019-06-28 10:03:45.089942603,100655,193,100420,100,100686,193,100333,193,100769,193,100095,193,100813,193,100068,393,100890,193,100031,193,100920,100,99962,193,101014,100,99833,100,101059,100,99560,100,101090,100,99129,100,101100,100,98444,100
2019-06-28 10:03:50.000000000,100655,193,100420,193,100686,193,100333,193,100769,193,100095,193,100813,193,100068,393,100890,193,100031,193,100920,100,99962,100,101014,100,99833,100,101059,100,99560,100,101090,100,99129,100,101100,100,98444,100
2019-06-28 10:03:52.894401415,100655,193,100448,100,100686,193,100420,193,100769,193,100333,193,100813,193,100095,193,100890,193,100068,393,100920,100,100031,193,101014,100,99962,100,101059,100,99833,100,101090,100,99560,100,101100,100,99129,100
2019-06-28 10:04:00.000000000,100655,332,100448,332,100686,332,100420,332,100769,100,100333,100,100813,100,100095,100,100890,100,100068,300,100920,100,100031,100,101014,100,99962,100,101059,100,99833,100,101090,100,99560,100,101100,100,99129,100
2019-06-28 10:04:06.217050346,100655,332,100448,232,100686,332,100420,332,100769,100,100333,100,100813,100,100095,100,100890,100,100068,300,100920,100,100031,100,101014,100,99962,100,101059,100,99833,100,101090,100,99560,100,101100,100,99129,100
2019-06-28 10:04:10.000000000,100655,258,100420,258,100686,253,100333,253,100769,253,100095,253,100813,100,100068,300,100890,100,100031,100,100920,100,99962,100,101014,100,99833,100,101059,100,99560,100,101090,100,99129,100,101100,100,98444,100
2019-06-28 10:04:20.000000000,100655,258,100420,258,100686,253,100333,253,100769,253,100095,253,100813,100,100068,300,100890,100,100031,100,100920,100,99962,100,101014,100,99833,100,101059,100,99560,100,101090,100,99129,100,101100,100,98444,100
2019-06-28 10:04:21.706101392,100655,258,100429,100,100686,253,100420,258,100769,253,100333,253,100813,100,100095,253,100890,100,100068,300,100920,100,100031,100,101014,100,99962,100,101059,100,99833,100,101090,100,99560,100,101100,100,99129,100
2019-06-28 10:04:30.000000000,100655,564,100429,564,100686,100,100420,100,100769,100,100333,100,100813,100,100095,100,100890,100,100068,300,100920,100,100031,100,101014,100,99962,100,101059,100,99833,100,101090,100,99560,100,101100,100,99129,100
2019-06-28 10:04:31.157295118,100655,564,100429,564,100686,100,100420,100,100769,100,100414,100,100813,100,100333,100,100890,100,100095,100,100920,100,100068,300,101014,100,100031,100,101059,100,99962,100,101090,100,99833,100,101206,100,99560,100
2019-06-28 10:04:40.000000000,100655,332,100429,332,100686,332,100420,332,100769,100,100414,100,100813,100,100333,100,100890,100,100095,100,100920,100,100068,300,101014,100,100031,100,101059,100,99962,100,101090,100,99833,100,101206,100,99560,100
2019-06-28 10:04:50.000000000,100655,564,100429,564,100686,100,100420,100,100769,100,100414,100,100813,100,100333,100,100890,100,100095,100,100920,100,100068,300,101014,100,100031,100,101059,100,99962,100,101090,100,99833,100,101206,100,99560,100
2019-06-28 10:04:52.598626583,100629,100,100429,564,100655,564,100420,100,100686,100,100414,100,100769,100,100333,100,100813,100,100095,100,100890,100,100068,300,100920,100,100031,100,101014,100,99962,100,101059,100,99833,100,101090,100,99560,100
2019-06-28 10:05:00.000000000,100629,564,100429,564,100655,100,100420,100,100686,100,100414,100,100769,100,100333,100,100813,100,100095,100,100890,100,100068,300,100920,100,100031,100,101014,100,99962,100,101059,100,99833,100,101090,100,99560,100
2019-06-28 10:05:00.186176525,100629,664,100429,564,100655,100,100420,100,100686,100,100414,100,100769,100,100333,100,100813,100,100095,100,100890,100,100068,300,100920,100,100031,100,101014,100,99962,100,101059,100,99833,100,101090,100,99560,100
2019-06-28 10:05:10.000000000,100629,293,100429,193,100655,193,100420,193,100686,193,100414,193,100769,193,100333,193,100813,193,100095,193,100890,100,100068,300,100920,100,100031,100,101014,100,99962,100,101059,100,99833,100,101090,100,99560,100
2019-06-28 10:05:20.000000000,100629,664,100429,564,100655,100,100420,100,100686,100,100414,100,100769,100,100333,100,100813,100,100095,100,100890,100,100068,300,100920,100,100031,100,101014,100,99962,100,101059,100,99833,100,101090,100,99560,100
2019-06-28 10:05:30.000000000,100629,664,100429,564,100655,100,100420,100,100686,100,100414,100,100769,100,100333,100,100813,100,100095,100,100890,100,100068,300,100920,100,100031,100,101014,100,99962,100,101059,100,99833,100,101090,100,99560,100
2019-06-28 10:05:36.162990486,100629,664,100429,564,100655,100,100420,100,100686,100,100414,100,100769,100,100333,100,100813,100,100095,100,100890,100,100068,300,100920,100,100031,100,101014,100,99962,100,101059,100,99839,100,101090,100,99833,100
2019-06-28 10:05:40.000000000,100629,432,100429,332,100655,332,100420,332,100686,100,100414,100,100769,100,100333,100,100813,100,100095,100,100890,100,100068,300,100920,100,100031,100,101014,100,99962,100,101059,100,99839,100,101090,100,99833,100
2019-06-28 10:05:50.000000000,100629,664,100429,564,100655,100,100420,100,100686,100,100414,100,100769,100,100333,100,100813,100,100095,100,100890,100,100068,300,100920,100,100031,100,101014,100,99962,100,101059,100,99839,100,101090,100,99833,100
2019-06-28 10:05:50.516432837,100629,664,100429,464,100655,100,100420,100,100686,100,100414,100,100769,100,100333,100,100813,100,100095,100,100890,100,100068,300,100920,100,100031,100,101014,100,99962,100,101059,100,99839,100,101090,100,99833,100
2019-06-28 10:06:00.000000000,100629,432,100420,332,100655,332,100414,332,100686,100,100333,100,100769,100,100095,100,100813,100,100068,300,100890,100,100031,100,100920,100,99962,100,101014,100,99839,100,101059,100,99833,100,101090,100,99560,100
2019-06-28 10:06:06.159872132,100629,432,100420,332,100655,332,100414,332,100686,100,100333,100,100769,100,100095,100,100813,100,100068,300,100890,100,100031,100,100920,100,99962,100,101014,100,99839,100,101059,100,99833,100,101090,100,99560,100
2019-06-28 10:06:10.000000000,100629,316,100420,216,100655,216,100414,216,100686,216,100333,216,100769,216,100095,216,100813,100,100068,300,100890,100,100031,100,100920,100,99962,100,101014,100,99839,100,101059,100,99833,100,101090,100,99560,100
2019-06-28 10:06:12.499129545,100629,316,100420,216,100655,216,100414,216,100686,216,100333,216,100769,216,100095,216,100813,100,100068,300,100890,100,100031,100,100920,100,99839,100,101014,100,99833,100,101059,100,99560,100,101090,100,99524,100
2019-06-28 10:06:20.000000000,100629,316,100420,216,100655,216,100414,216,100686,216,100333,216,100769,216,100095,216,100813,100,100068,300,100890,100,100031,100,100920,100,99839,100,101014,100,99833,100,101059,100,99560,100,101090,100,99524,100
2019-06-28 10:06:21.116840149,100448,100,100420,216,100629,316,100414,216,100655,216,100333,216,100686,216,100095,216,100769,216,100068,300,100813,100,100031,100,100890,100,99839,100,100920,100,99833,100,101014,100,99560,100,101059,100,99524,100
2019-06-28 10:06:30.000000000,100448,216,100420,216,100629,316,100414,216,100655,216,100333,216,100686,216,100095,216,100769,100,100068,300,100813,100,100031,100,100890,100,99839,100,100920,100,99833,100,101014,100,99560,100,101059,100,99524,100
2019-06-28 10:06:32.223633663,100448,216,100420,216,100629,316,100414,216,100655,216,100333,216,100686,216,100095,216,100769,100,100068,300,100813,100,100031,100,100890,100,99839,100,100920,100,99833,100,101014,100,99560,100,101059,100,99537,100
2019-06-28 10:06:34.637241026,100448,216,100420,116,100629,316,100414,216,100655,116,100333,216,100686,216,100095,216,100769,100,100068,300,100813,100,100031,100,100890,100,99839,100,100920,100,99833,100,101014,100,99560,100,101059,100,99537,100
2019-06-28 10:06:40.000000000,100448,564,100414,564,100629,200,100333,100,100686,100,100095,100,100769,100,100068,300,100813,100,100031,100,100890,100,99839,100,100920,100,99833,100,101014,100,99560,100,101059,100,99537,100,101090,100,99524,100
2019-06-28 10:06:40.181914732,100429,100,100414,564,100448,464,100333,100,100629,200,100095,100,100686,100,100068,300,100769,100,100031,100,100813,100,99839,100,100890,100,99833,100,100920,100,99560,100,101014,100,99537,100,101059,100,99524,100
2019-06-28 10:06:43.719327491,100429,100,100414,464,100448,464,100333,100,100629,200,100095,100,100686,100,100068,300,100769,100,100031,100,100813,100,99839,100,100890,100,99833,100,100920,100,99560,100,101014,100,99537,100,101059,100,99524,100
2019-06-28 10:06:50.000000000,100429,216,100333,216,100629,316,100095,216,100686,216,100068,416,100769,216,100031,216,100813,100,99839,100,100890,100,99833,100,100920,100,99560,100,101014,100,99537,100,101059,100,99524,100,101090,100,98444,100
2019-06-28 10:06:50.540564221,100429,216,100333,216,100629,316,100095,216,100686,216,100068,416,100769,216,100031,216,100813,100,99833,100,100890,100,99560,100,100920,100,99537,100,101014,100,99535,100,101059,100,99524,100,101090,100,98444,100
2019-06-28 10:07:00.000000000,100429,258,100333,258,100629,353,100095,253,100686,253,100068,453,100769,100,100031,100,100813,100,99833,100,100890,100,99560,100,100920,100,99537,100,101014,100,99535,100,101059,100,99524,100,101090,100,98444,100
2019-06-28 10:07:10.000000000,100429,193,100333,193,100629,293,100095,193,100686,193,100068,393,100769,193,100031,193,100813,193,99833,193,100890,100,99560,100,100920,100,99537,100,101014,100,99535,100,101059,100,99524,100,101090,100,98444,100
2019-06-28 10:07:12.779583076,100429,193,100333,193,100629,293,100095,193,100686,193,100070,100,100769,193,100068,393,100813,193,100031,193,100890,100,99833,193,100920,100,99560,100,101014,100,99537,100,101059,100,99535,100,101090,100,99524,100
2019-06-28 10:07:17.083244740,100429,193,100333,93,100629,293,100095,193,100686,193,100070,100,100769,193,100068,393,100813,193,100031,193,100920,100,99833,193,101014,100,99560,100,101059,100,99537,100,101090,100,99535,100,101206,100,99524,100
2019-06-28 10:07:20.000000000,100429,193,100095,193,100629,293,100070,193,100686,193,100068,393,100769,193,100031,193,100813,193,99833,193,100920,100,99560,100,101014,100,99537,100,101059,100,99535,100,101090,100,99524,100,101206,100,98444,100
2019-06-28 10:07:23.984684422,100414,100,100095,193,100429,193,100070,193,100629,293,100068,393,100686,193,100031,193,100769,193,99833,193,100813,193,99560,100,100920,100,99537,100,101014,100,99535,100,101059,100,99524,100,101090,100,98444,100
2019-06-28 10:07:30.000000000,100414,258,100095,258,100429,253,100070,253,100629,353,100068,453,100686,100,100031,100,100769,100,99833,100,100813,100,99560,100,100920,100,99537,100,101014,100,99535,100,101059,100,99524,100,101090,100,98444,100
2019-06-28 10:07:40.000000000,100414,332,100095,332,100429,332,100070,332,100629,200,100068,300,100686,100,100031,100,100769,100,99833,100,100813,100,99560,100,100920,100,99537,100,101014,100,99535,100,101059,100,99524,100,101090,100,98444,100
2019-06-28 10:07:50.000000000,100414,193,100095,193,100429,193,100070,193,100629,293,100068,393,100686,193,100031,193,100769,193,99833,193,100813,100,99560,100,100920,100,99537,100,101014,100,99535,100,101059,100,99524,100,101090,100,98444,100
2019-06-28 10:08:00.000000000,100414,193,100095,193,100429,193,100070,193,100629,293,100068,393,100686,193,100031,193,100769,193,99833,193,100813,100,99560,100,100920,100,99537,100,101014,100,99535,100,101059,100,99524,100,101090,100,98444,100
2019-06-28 10:08:10.000000000,100414,193,100095,193,100429,193,100070,193,100629,293,100068,393,100686,193,100031,193,100769,193,99833,193,100813,100,99560,100,100920,100,99537,100,101014,100,99535,100,101059,100,99524,100,101090,100,98444,100
2019-06-28 10:08:13.850140760,100414,193,100095,193,100429,193,100070,193,100629,293,100068,393,100686,193,100031,193,100769,193,99878,100,100813,100,99833,193,100920,100,99560,100,101014,100,99537,100,101059,100,99535,100,101090,100,99524,100
2019-06-28 10:08:17.963215750,100414,293,100095,193,100429,193,100070,193,100629,293,100068,393,100686,193,100031,193,100769,193,99878,100,100813,100,99833,193,100920,100,99560,100,101014,100,99537,100,101059,100,99535,100,101090,100,99524,100
2019-06-28 10:08:20.000000000,100414,293,100095,193,100429,193,100070,193,100629,293,100068,393,100686,193,100031,193,100769,193,99878,193,100813,100,99833,100,100920,100,99560,100,101014,100,99537,100,101059,100,99535,100,101090,100,99524,100
2019-06-28 10:08:20.436602004,100414,293,100095,93,100429,193,100070,193,100629,293,100068,393,100686,193,100031,193,100769,193,99878,193,100813,100,99833,100,100920,100,99560,100,101014,100,99537,100,101059,100,99535,100,101090,100,99524,100
2019-06-28 10:08:30.000000000,100414,358,100070,258,100429,253,100068,453,100629,353,100031,253,100686,100,99878,100,100769,100,99833,100,100813,100,99560,100,100920,100,99537,100,101014,100,99535,100,101059,100,99524,100,101090,100,98444,100
2019-06-28 10:08:30.022109431,100414,358,100070,258,100429,253,100068,453,100629,353,100031,253,100686,100,99983,100,100769,100,99878,100,100813,100,99833,100,100920,100,99560,100,101059,100,99537,100,101090,100,99535,100,101206,100,99524,100
2019-06-28 10:08:35.740905512,100122,100,100070,258,100414,358,100068,453,100429,253,100031,253,100629,353,99983,100,100686,100,99878,100,100769,100,99833,100,100813,100,99560,100,100920,100,99537,100,101059,100,99535,100,101090,100,99524,100
2019-06-28 10:08:39.235416052,100414,358,100070,258,100429,253,100068,453,100629,353,100031,253,100686,100,99983,100,100769,100,99878,100,100813,100,99833,100,100920,100,99560,100,101059,100,99537,100,101090,100,99535,100,101206,100,99524,100
2019-06-28 10:08:40.000000000,100414,358,100070,258,100429,253,100068,453,100629,353,100031,253,100686,100,99983,100,100769,100,99878,100,100813,100,99833,100,100920,100,99560,100,101059,100,99537,100,101090,100,99535,100,101206,100,99524,100
