,ask_price_1,ask_size_1,bid_price_1,bid_size_1,ask_price_2,ask_size_2,bid_price_2,bid_size_2,ask_price_3,ask_size_3,bid_price_3,bid_size_3,ask_price_4,ask_size_4,bid_price_4,bid_size_4,ask_price_5,ask_size_5,bid_price_5,bid_size_5,ask_price_6,ask_size_6,bid_price_6,bid_size_6,ask_price_7,ask_size_7,bid_price_7,bid_size_7,ask_price_8,ask_size_8,bid_price_8,bid_size_8,ask_price_9,ask_size_9,bid_price_9,bid_size_9,ask_price_10,ask_size_10,bid_price_10,bid_size_10
2019-06-28 09:30:00.000000000,,,99824,100,,,,,,,,,,,,,,,,,,,,,,,,,,,,,,,,,,,,
2019-06-28 09:30:00.000000001,,,100005,100,,,99824,100,,,,,,,,,,,,,,,,,,,,,,,,,,,,,,,,
2019-06-28 09:30:00.000000002,,,100032,100,,,100005,100,,,99824,100,,,,,,,,,,,,,,,,,,,,,,,,,,,,
2019-06-28 09:30:00.000000004,100157,100,100005,100,,,99824,100,,,,,,,,,,,,,,,,,,,,,,,,,,,,,,,,
2019-06-28 09:30:00.000000006,100157,100,99860,100,,,99824,100,,,,,,,,,,,,,,,,,,,,,,,,,,,,,,,,
2019-06-28 09:30:00.000000008,100157,100,100005,100,,,99860,100,,,99824,100,,,,,,,,,,,,,,,,,,,,,,,,,,,,
2019-06-28 09:30:00.000000009,100157,100,100065,100,,,100005,100,,,99860,100,,,99824,100,,,,,,,,,,,,,,,,,,,,,,,,
2019-06-28 09:30:00.000000015,100157,100,100005,100,,,99860,100,,,99824,100,,,,,,,,,,,,,,,,,,,,,,,,,,,,
2019-06-28 09:30:00.000000018,100157,100,99860,100,,,99824,100,,,,,,,,,,,,,,,,,,,,,,,,,,,,,,,,
2019-06-28 09:30:00.000000019,100157,100,99860,100,,,99824,100,,,,,,,,,,,,,,,,,,,,,,,,,,,,,,,,
2019-06-28 09:30:00.000000020,100066,100,99860,100,100157,100,99824,100,,,,,,,,,,,,,,,,,,,,,,,,,,,,,,,,
2019-06-28 09:30:00.000000025,100066,100,99946,100,100157,100,99860,100,,,99824,100,,,,,,,,,,,,,,,,,,,,,,,,,,,,
2019-06-28 09:30:00.000000026,100066,100,99946,100,100097,100,99860,100,100157,100,99824,100,,,,,,,,,,,,,,,,,,,,,,,,,,,,
2019-06-28 09:30:00.000000035,100066,100,99968,100,100097,100,99946,100,100157,100,99860,100,,,99824,100,,,,,,,,,,,,,,,,,,,,,,,,
2019-06-28 09:30:00.000000036,100066,100,99968,100,100097,100,99946,100,100152,100,99937,100,100157,100,99860,100,,,99824,100,,,,,,,,,,,,,,,,,,,,
2019-06-28 09:30:00.000000038,100066,100,99992,100,100097,100,99968,100,100152,100,99946,100,100157,100,99937,100,,,99860,100,,,99824,100,,,,,,,,,,,,,,,,
2019-06-28 09:30:00.000000040,100066,100,99992,100,100097,100,99968,100,100152,100,99946,100,100157,100,99937,100,,,99889,100,,,99860,100,,,99824,100,,,,,,,,,,,,
2019-06-28 09:30:00.000000041,100005,100,99992,100,100066,100,99968,100,100097,100,99950,100,100152,100,99946,100,100157,100,99937,100,,,99889,100,,,99860,100,,,99824,100,,,,,,,,
2019-06-28 09:30:00.000000042,100005,100,99992,100,100037,100,99968,100,100066,100,99950,100,100097,100,99946,100,100152,100,99937,100,100157,100,99889,100,,,99860,100,,,99824,100,,,,,,,,
2019-06-28 09:30:00.000000043,100005,100,99992,100,100037,100,99968,100,100066,100,99950,100,100078,100,99946,100,100097,100,99937,100,100152,100,99889,100,100157,100,99860,100,,,99824,100,,,,,,,,
2019-06-28 09:30:00.000000044,100005,100,99992,100,100037,100,99968,100,100066,100,99950,100,100071,100,99946,100,100078,100,99937,100,100097,100,99889,100,100152,100,99860,100,100157,100,99824,100,,,,,,,,
2019-06-28 09:30:00.000000047,100005,200,99992,100,100037,100,99968,100,100066,100,99950,100,100071,100,99946,100,100078,100,99937,100,100097,100,99889,100,100152,100,99860,100,100157,100,99824,100,,,,,,,,
2019-06-28 09:30:00.000000049,100005,100,99992,100,100030,100,99968,100,100037,100,99950,100,100066,100,99946,100,100071,100,99937,100,100078,100,99889,100,100097,100,99860,100,100152,100,99824,100,100157,100,,,,,,
2019-06-28 09:30:00.000000050,100004,100,99992,100,100005,100,99968,100,100030,100,99950,100,100037,100,99946,100,100066,100,99937,100,100071,100,99889,100,100078,100,99860,100,100082,100,99824,100,100097,100,,,100152,100,,
2019-06-28 09:30:00.000000054,99994,100,99992,100,100004,100,99968,100,100005,100,99950,100,100030,100,99946,100,100037,100,99937,100,100066,100,99889,100,100071,100,99860,100,100078,100,99824,100,100082,100,,,100097,100,,
2019-06-28 09:30:00.000000056,99994,100,99968,100,100004,100,99950,100,100005,100,99946,100,100030,100,99937,100,100037,100,99889,100,100066,100,99860,100,100071,100,99824,100,100078,100,,,100082,100,,,100097,100,,
2019-06-28 09:30:00.000000057,100004,100,99968,100,100005,100,99950,100,100030,100,99946,100,100037,100,99937,100,100066,100,99889,100,100071,100,99860,100,100078,100,99824,100,100082,100,,,100097,100,,,100152,100,,
2019-06-28 09:30:00.000000058,100004,100,99968,100,100005,100,99950,100,100030,100,99946,100,100037,100,99937,100,100066,100,99889,100,100071,100,99860,100,100078,100,99824,100,100082,100,99809,100,100097,100,,,100152,100,,
2019-06-28 09:30:00.000000059,100004,100,99968,100,100005,100,99950,100,100030,100,99946,100,100034,100,99937,100,100037,100,99889,100,100066,100,99860,100,100071,100,99824,100,100078,100,99809,100,100082,100,,,100097,100,,
2019-06-28 09:30:00.000000060,100004,100,99968,100,100005,100,99950,100,100030,100,99946,200,100034,100,99937,100,100037,100,99925,100,100066,100,99889,100,100071,100,99860,100,100078,100,99836,100,100082,100,99824,100,100097,100,99809,100
2019-06-28 09:30:00.000000061,100004,100,99968,100,100005,100,99950,100,100007,100,99946,200,100030,100,99937,100,100034,100,99925,100,100037,100,99889,100,100066,100,99860,100,100071,100,99836,100,100078,100,99824,100,100082,100,99809,100
2019-06-28 09:30:00.000000062,100005,100,99968,100,100007,100,99950,100,100030,100,99946,200,100034,100,99937,100,100037,100,99925,100,100066,100,99889,100,100071,100,99860,100,100078,100,99836,100,100082,100,99824,100,100097,100,99809,100
2019-06-28 09:30:00.000000064,100004,100,99968,100,100005,100,99950,100,100007,100,99946,200,100030,100,99937,100,100034,100,99925,100,100037,100,99889,100,100066,100,99860,100,100071,100,99836,100,100078,100,99824,100,100082,100,99809,100
2019-06-28 09:30:00.000000065,100004,100,99968,100,100005,100,99955,100,100007,100,99950,100,100030,100,99946,200,100034,100,99937,100,100037,100,99925,100,100066,100,99892,100,100071,100,99889,100,100078,100,99860,100,100082,100,99836,100
2019-06-28 09:30:00.000000066,100004,100,99968,100,100005,100,99955,100,100007,100,99950,100,100030,100,99946,200,100034,100,99937,100,100037,100,99925,100,100050,100,99892,100,100066,100,99889,100,100071,100,99860,100,100078,100,99836,100
2019-06-28 09:30:00.000000067,100004,200,99968,100,100005,100,99955,100,100007,100,99950,100,100030,100,99946,200,100034,100,99937,100,100037,100,99925,100,100050,100,99892,100,100066,100,99889,100,100071,100,99860,100,100078,100,99836,100
2019-06-28 09:30:00.000000069,100004,200,99968,100,100005,100,99955,100,100007,100,99950,100,100030,100,99946,200,100034,100,99937,100,100037,100,99927,100,100050,100,99925,100,100066,100,99892,100,100071,100,99889,100,100078,100,99860,100
2019-06-28 09:30:00.000000071,100004,200,99968,100,100005,100,99955,100,100007,100,99950,100,100030,100,99946,200,100034,100,99937,100,100037,100,99927,100,100050,100,99925,100,100066,100,99911,100,100071,100,99892,100,100078,100,99889,100
2019-06-28 09:30:00.000000073,100003,100,99968,100,100004,100,99955,100,100005,100,99950,100,100007,100,99946,200,100030,100,99937,100,100034,100,99927,100,100037,100,99925,100,100050,100,99911,100,100066,100,99892,100,100071,100,99889,100
2019-06-28 09:30:00.000000077,100004,100,99968,100,100005,100,99955,100,100007,100,99950,100,100030,100,99946,200,100034,100,99937,100,100037,100,99927,100,100050,100,99925,100,100066,100,99911,100,100071,100,99892,100,100078,100,99889,100
2019-06-28 09:30:00.000000078,100004,100,100003,100,100005,100,99968,100,100007,100,99955,100,100030,100,99950,100,100034,100,99946,200,100037,100,99937,100,100050,100,99927,100,100066,100,99925,100,100071,100,99911,100,100078,100,99892,100
2019-06-28 09:30:00.000000084,100004,100,99971,100,100005,100,99968,100,100007,100,99955,100,100030,100,99950,100,100034,100,99946,200,100037,100,99937,100,100050,100,99927,100,100066,100,99925,100,100071,100,99911,100,100078,100,99892,100
2019-06-28 09:30:00.000000085,100004,100,99971,100,100005,100,99968,100,100007,100,99955,100,100030,100,99950,100,100034,100,99949,100,100037,100,99946,200,100050,100,99937,100,100066,100,99927,100,100071,100,99925,100,100078,100,99911,100
2019-06-28 09:30:00.000000086,100004,100,99971,100,100005,100,99968,100,100007,100,99955,100,100030,100,99950,100,100034,100,99949,100,100037,100,99946,200,100050,100,99937,100,100065,100,99927,100,100066,100,99925,100,100071,100,99911,100
2019-06-28 09:30:00.000000089,100004,100,99979,100,100005,100,99971,100,100007,100,99968,100,100030,100,99955,100,100034,100,99950,100,100037,100,99949,100,100050,100,99946,200,100065,100,99937,100,100066,100,99927,100,100071,100,99925,100
2019-06-28 09:30:00.000000091,100004,100,99988,100,100005,100,99979,100,100007,100,99971,100,100030,100,99968,100,100034,100,99955,100,100037,100,99950,100,100050,100,99949,100,100065,100,99946,200,100066,100,99937,100,100071,100,99927,100
2019-06-28 09:30:00.000000092,100004,200,99988,100,100005,100,99979,100,100007,100,99971,100,100030,100,99968,100,100034,100,99955,100,100037,100,99950,100,100050,100,99949,100,100065,100,99946,200,100066,100,99937,100,100071,100,99927,100
2019-06-28 09:30:00.000000093,100004,200,99988,100,100005,100,99979,100,100007,100,99971,100,100030,100,99968,100,100034,100,99955,100,100037,100,99950,100,100050,100,99949,100,100065,100,99946,200,100066,100,99937,100,100071,100,99927,100
2019-06-28 09:30:00.000000094,100004,200,99988,100,100005,100,99979,100,100007,100,99971,100,100030,100,99968,100,100034,100,99955,100,100037,100,99951,100,100050,100,99950,100,100065,100,99949,100,100066,100,99946,200,100071,100,99937,100
2019-06-28 09:30:00.000000096,100004,200,99988,100,100005,100,99979,100,100007,100,99971,100,100030,100,99968,100,100034,100,99955,100,100037,100,99951,100,100050,100,99950,100,100065,100,99949,100,100066,100,99946,200,100071,100,99937,100
2019-06-28 09:30:00.000000097,100004,200,99988,100,100005,100,99979,100,100007,100,99971,100,100019,100,99968,100,100030,100,99955,100,100034,100,99951,100,100037,100,99950,100,100050,100,99949,100,100065,100,99946,200,100066,100,99937,100
2019-06-28 09:30:00.000000098,100004,300,99988,100,100005,100,99979,100,100007,100,99971,100,100019,100,99968,100,100030,100,99955,100,100034,100,99951,100,100037,100,99950,100,100050,100,99949,100,100065,100,99946,200,100066,100,99937,100
2019-06-28 09:30:10.000000000,100004,389,99988,189,100005,189,99979,189,100007,189,99971,189,100019,189,99968,189,100030,189,99955,189,100034,100,99951,100,100037,100,99950,100,100050,100,99949,100,100065,100,99946,200,100066,100,99937,100
2019-06-28 09:30:16.966748818,100004,389,99988,89,100005,189,99979,189,100007,189,99971,189,100019,189,99968,189,100030,189,99955,189,100034,100,99951,100,100037,100,99950,100,100050,100,99949,100,100065,100,99946,200,100066,100,99937,100
2019-06-28 09:30:20.000000000,100004,747,99979,547,100005,100,99971,100,100007,100,99968,100,100019,100,99955,100,100030,100,99951,100,100034,100,99950,100,100037,100,99949,100,100050,100,99946,200,100065,100,99937,100,100066,100,99927,100
2019-06-28 09:30:30.000000000,100004,524,99979,324,100005,324,99971,324,100007,100,99968,100,100019,100,99955,100,100030,100,99951,100,100034,100,99950,100,100037,100,99949,100,100050,100,99946,200,100065,100,99937,100,100066,100,99927,100
2019-06-28 09:30:40.000000000,100004,412,99979,212,100005,212,99971,212,100007,212,99968,212,100019,212,99955,212,100030,100,99951,100,100034,100,99950,100,100037,100,99949,100,100050,100,99946,200,100065,100,99937,100,100066,100,99927,100
2019-06-28 09:30:44.726681509,100004,412,99979,12,100005,212,99971,212,100007,212,99968,212,100019,212,99955,212,100030,100,99951,100,100034,100,99950,100,100037,100,99949,100,100050,100,99946,200,100065,100,99937,100,100066,100,99927,100
2019-06-28 09:30:50.000000000,100004,389,99971,189,100005,189,99968,189,100007,189,99955,189,100019,189,99951,189,100030,189,99950,189,100034,100,99949,100,100037,100,99946,200,100050,100,99937,100,100065,100,99927,100,100066,100,99925,100
2019-06-28 09:31:00.000000000,100004,524,99971,324,100005,324,99968,324,100007,100,99955,100,100019,100,99951,100,100030,100,99950,100,100034,100,99949,100,100037,100,99946,200,100050,100,99937,100,100065,100,99927,100,100066,100,99925,100
2019-06-28 09:31:03.253008713,100004,424,99989,100,100005,324,99971,324,100007,100,99968,324,100019,100,99955,100,100030,100,99951,100,100034,100,99950,100,100037,100,99949,100,100050,100,99946,200,100065,100,99937,100,100066,100,99927,100
2019-06-28 09:31:10.000000000,100004,647,99989,547,100005,100,99971,100,100007,100,99968,100,100019,100,99955,100,100030,100,99951,100,100034,100,99950,100,100037,100,99949,100,100050,100,99946,200,100065,100,99937,100,100066,100,99927,100
2019-06-28 09:31:20.000000000,100004,647,99989,547,100005,100,99971,100,100007,100,99968,100,100019,100,99955,100,100030,100,99951,100,100034,100,99950,100,100037,100,99949,100,100050,100,99946,200,100065,100,99937,100,100066,100,99927,100
2019-06-28 09:31:30.000000000,100004,312,99989,212,100005,212,99971,212,100007,212,99968,212,100019,212,99955,212,100030,100,99951,100,100034,100,99950,100,100037,100,99949,100,100050,100,99946,200,100065,100,99937,100,100066,100,99927,100
2019-06-28 09:31:40.000000000,100004,424,99989,324,100005,324,99971,324,100007,100,99968,100,100019,100,99955,100,100030,100,99951,100,100034,100,99950,100,100037,100,99949,100,100050,100,99946,200,100065,100,99937,100,100066,100,99927,100
2019-06-28 09:31:43.264663468,100004,424,99989,424,100005,324,99971,324,100007,100,99968,100,100019,100,99955,100,100030,100,99951,100,100034,100,99950,100,100037,100,99949,100,100050,100,99946,200,100065,100,99937,100,100066,100,99927,100
2019-06-28 09:31:46.229704682,100004,324,99989,524,100005,324,99971,324,100007,100,99968,100,100019,100,99955,100,100030,100,99951,100,100034,100,99950,100,100037,100,99949,100,100050,100,99946,200,100065,100,99937,100,100066,100,99927,100
2019-06-28 09:31:50.000000000,100004,324,99989,524,100005,324,99971,324,100007,100,99968,100,100019,100,99955,100,100030,100,99951,100,100034,100,99950,100,100037,100,99949,100,100050,100,99946,200,100065,100,99937,100,100066,100,99927,100
2019-06-28 09:32:00.000000000,100004,189,99989,389,100005,189,99971,189,100007,189,99968,189,100019,189,99955,189,100030,189,99951,189,100034,100,99950,100,100037,100,99949,100,100050,100,99946,200,100065,100,99937,100,100066,100,99927,100
2019-06-28 09:32:04.638780678,100004,189,99989,389,100005,189,99971,189,100007,189,99968,189,100009,100,99955,189,100019,189,99951,189,100030,189,99950,100,100034,100,99949,100,100037,100,99946,200,100050,100,99937,100,100065,100,99927,100
2019-06-28 09:32:10.000000000,100004,324,99989,524,100005,324,99971,324,100007,100,99968,100,100009,100,99955,100,100019,100,99951,100,100030,100,99950,100,100034,100,99949,100,100037,100,99946,200,100050,100,99937,100,100065,100,99927,100
2019-06-28 09:32:20.000000000,100004,212,99989,412,100005,212,99971,212,100007,212,99968,212,100009,212,99955,212,100019,100,99951,100,100030,100,99950,100,100034,100,99949,100,100037,100,99946,200,100050,100,99937,100,100065,100,99927,100
2019-06-28 09:32:30.000000000,100004,324,99989,524,100005,324,99971,324,100007,100,99968,100,100009,100,99955,100,100019,100,99951,100,100030,100,99950,100,100034,100,99949,100,100037,100,99946,200,100050,100,99937,100,100065,100,99927,100
2019-06-28 09:32:40.000000000,100004,547,99989,747,100005,100,99971,100,100007,100,99968,100,100009,100,99955,100,100019,100,99951,100,100030,100,99950,100,100034,100,99949,100,100037,100,99946,200,100050,100,99937,100,100065,100,99927,100
2019-06-28 09:32:43.330091132,100004,447,99989,747,100005,100,99971,100,100007,100,99968,100,100009,100,99955,100,100019,100,99951,100,100030,100,99950,100,100034,100,99949,100,100037,100,99946,200,100050,100,99937,100,100065,100,99927,100
2019-06-28 09:32:45.525709682,100004,447,99989,647,100005,100,99971,100,100007,100,99968,100,100009,100,99955,100,100019,100,99951,100,100030,100,99950,100,100034,100,99949,100,100037,100,99946,200,100050,100,99937,100,100065,100,99927,100
2019-06-28 09:32:50.000000000,100005,212,99989,312,100007,212,99971,212,100009,212,99968,212,100019,212,99955,212,100030,100,99951,100,100034,100,99950,100,100037,100,99949,100,100050,100,99946,200,100065,100,99937,100,100066,100,99927,100
2019-06-28 09:32:52.044459860,100005,112,99989,312,100007,212,99971,212,100009,212,99968,212,100019,212,99955,212,100030,100,99951,100,100034,100,99950,100,100037,100,99949,100,100050,100,99946,200,100065,100,99937,100,100066,100,99927,100
2019-06-28 09:32:52.464467441,100005,112,99989,312,100007,212,99971,212,100009,212,99968,212,100019,212,99955,212,100030,100,99951,100,100034,100,99950,100,100037,100,99949,100,100050,100,99946,200,100065,100,99937,100,100066,100,99927,100
2019-06-28 09:33:00.000000000,100007,212,99989,312,100009,212,99971,212,100019,212,99968,212,100030,212,99955,212,100034,100,99951,100,100037,100,99950,100,100050,100,99949,100,100065,100,99946,200,100066,100,99937,100,100071,100,99927,100
2019-06-28 09:33:03.350736836,100007,212,99989,312,100009,212,99971,212,100019,212,99968,212,100030,212,99955,212,100034,100,99951,100,100037,100,99950,100,100050,100,99949,100,100065,100,99946,200,100066,100,99927,100,100071,100,99925,100
2019-06-28 09:33:10.000000000,100007,189,99989,289,100009,189,99971,189,100019,189,99968,189,100030,189,99955,189,100034,189,99951,189,100037,100,99950,100,100050,100,99949,100,100065,100,99946,200,100066,100,99927,100,100071,100,99925,100
2019-06-28 09:33:10.983258359,100007,189,100004,100,100009,189,99989,289,100019,189,99971,189,100030,189,99968,189,100034,189,99955,189,100037,100,99951,189,100050,100,99950,100,100065,100,99949,100,100066,100,99946,200,100071,100,99927,100
2019-06-28 09:33:20.000000000,100007,189,100004,189,100009,189,99989,289,100019,189,99971,189,100030,189,99968,189,100034,189,99955,189,100037,100,99951,100,100050,100,99950,100,100065,100,99949,100,100066,100,99946,200,100071,100,99927,100
2019-06-28 09:33:30.000000000,100007,252,100004,252,100009,248,99989,348,100019,248,99971,248,100030,100,99968,100,100034,100,99955,100,100037,100,99951,100,100050,100,99950,100,100065,100,99949,100,100066,100,99946,200,100071,100,99927,100
2019-06-28 09:33:31.863211041,100007,252,100004,252,100009,248,99989,248,100019,248,99971,248,100030,100,99968,100,100034,100,99955,100,100037,100,99951,100,100050,100,99950,100,100065,100,99949,100,100066,100,99946,200,100071,100,99927,100
2019-06-28 09:33:40.000000000,100007,189,100004,189,100009,189,99989,189,100019,189,99971,189,100030,189,99968,189,100034,189,99955,189,100037,100,99951,100,100050,100,99950,100,100065,100,99949,100,100066,100,99946,200,100071,100,99927,100
2019-06-28 09:33:50.000000000,100007,324,100004,324,100009,324,99989,324,100019,100,99971,100,100030,100,99968,100,100034,100,99955,100,100037,100,99951,100,100050,100,99950,100,100065,100,99949,100,100066,100,99946,200,100071,100,99927,100
2019-06-28 09:34:00.000000000,100007,212,100004,212,100009,212,99989,212,100019,212,99971,212,100030,212,99968,212,100034,100,99955,100,100037,100,99951,100,100050,100,99950,100,100065,100,99949,100,100066,100,99946,200,100071,100,99927,100
2019-06-28 09:34:00.109675272,100007,112,100004,212,100009,212,99989,212,100019,212,99971,212,100030,212,99968,212,100034,100,99955,100,100037,100,99951,100,100050,100,99950,100,100065,100,99949,100,100066,100,99946,200,100071,100,99927,100
2019-06-28 09:34:10.000000000,100009,324,100004,324,100019,324,99989,324,100030,100,99971,100,100034,100,99968,100,100037,100,99955,100,100050,100,99951,100,100065,100,99950,100,100066,100,99949,100,100071,100,99946,200,100082,100,99927,100
2019-06-28 09:34:18.987102293,100009,324,100005,100,100019,324,100004,324,100030,100,99989,324,100034,100,99971,100,100037,100,99968,100,100050,100,99955,100,100065,100,99951,100,100066,100,99950,100,100071,100,99949,100,100082,100,99946,200
2019-06-28 09:34:20.000000000,100009,547,100005,547,100019,100,100004,100,100030,100,99989,100,100034,100,99971,100,100037,100,99968,100,100050,100,99955,100,100065,100,99951,100,100066,100,99950,100,100071,100,99949,100,100082,100,99946,200
2019-06-28 09:34:30.000000000,100009,189,100005,189,100019,189,100004,189,100030,189,99989,189,100034,189,99971,189,100037,189,99968,189,100050,100,99955,100,100065,100,99951,100,100066,100,99950,100,100071,100,99949,100,100082,100,99946,200
2019-06-28 09:34:40.000000000,100009,547,100005,547,100019,100,100004,100,100030,100,99989,100,100034,100,99971,100,100037,100,99968,100,100050,100,99955,100,100065,100,99951,100,100066,100,99950,100,100071,100,99949,100,100082,100,99946,200
2019-06-28 09:34:43.038561417,100009,547,100005,547,100019,100,100004,100,100030,100,99989,100,100034,100,99971,100,100037,100,99968,100,100050,100,99955,100,100065,100,99951,100,100066,100,99950,100,100071,100,99949,100,100082,100,99946,200
2019-06-28 09:34:46.669681460,100009,447,100005,547,100019,100,100004,100,100030,100,99989,100,100034,100,99971,100,100037,100,99968,100,100050,100,99955,100,100065,100,99951,100,100066,100,99950,100,100071,100,99949,100,100082,100,99946,200
2019-06-28 09:34:50.000000000,100019,324,100005,324,100030,324,100004,324,100034,100,99989,100,100037,100,99971,100,100050,100,99968,100,100065,100,99955,100,100066,100,99951,100,100071,100,99950,100,100082,100,99949,100,100093,100,99946,200
2019-06-28 09:35:00.000000000,100019,189,100005,189,100030,189,100004,189,100034,189,99989,189,100037,189,99971,189,100050,189,99968,189,100065,100,99955,100,100066,100,99951,100,100071,100,99950,100,100082,100,99949,100,100093,100,99946,200
2019-06-28 09:35:00.391973811,100019,189,100005,189,100030,189,100004,189,100034,189,99989,189,100037,189,99971,189,100050,189,99968,189,100065,100,99955,100,100066,100,99950,100,100071,100,99949,100,100082,100,99946,200,100093,100,99927,100
2019-06-28 09:35:10.000000000,100019,547,100005,547,100030,100,100004,100,100034,100,99989,100,100037,100,99971,100,100050,100,99968,100,100065,100,99955,100,100066,100,99950,100,100071,100,99949,100,100082,100,99946,200,100093,100,99927,100
2019-06-28 09:35:20.000000000,100019,547,100005,547,100030,100,100004,100,100034,100,99989,100,100037,100,99971,100,100050,100,99968,100,100065,100,99955,100,100066,100,99950,100,100071,100,99949,100,100082,100,99946,200,100093,100,99927,100
2019-06-28 09:35:30.000000000,100019,212,100005,212,100030,212,100004,212,100034,212,99989,212,100037,212,99971,212,100050,100,99968,100,100065,100,99955,100,100066,100,99950,100,100071,100,99949,100,100082,100,99946,200,100093,100,99927,100
2019-06-28 09:35:40.000000000,100019,324,100005,324,100030,324,100004,324,100034,100,99989,100,100037,100,99971,100,100050,100,99968,100,100065,100,99955,100,100066,100,99950,100,100071,100,99949,100,100082,100,99946,200,100093,100,99927,100
2019-06-28 09:35:50.000000000,100019,252,100005,252,100030,248,100004,248,100034,248,99989,248,100037,100,99971,100,100050,100,99968,100,100065,100,99955,100,100066,100,99950,100,100071,100,99949,100,100082,100,99946,200,100093,100,99927,100
2019-06-28 09:35:50.864992704,100019,252,100005,252,100030,248,100004,248,100034,248,99989,248,100037,100,99971,100,100050,100,99968,100,100065,100,99955,100,100071,100,99950,100,100082,100,99949,100,100093,100,99946,200,100097,100,99927,100
2019-06-28 09:36:00.000000000,100019,547,100005,547,100030,100,100004,100,100034,100,99989,100,100037,100,99971,100,100050,100,99968,100,100065,100,99955,100,100071,100,99950,100,100082,100,99949,100,100093,100,99946,200,100097,100,99927,100
2019-06-28 09:36:10.000000000,100019,212,100005,212,100030,212,100004,212,100034,212,99989,212,100037,212,99971,212,100050,100,99968,100,100065,100,99955,100,100071,100,99950,100,100082,100,99949,100,100093,100,99946,200,100097,100,99927,100
2019-06-28 09:36:10.003946701,100019,212,100005,212,100030,212,100004,212,100034,212,99989,212,100037,212,99971,212,100050,100,99968,100,100071,100,99955,100,100082,100,99950,100,100093,100,99949,100,100097,100,99946,200,100134,100,99927,100
2019-06-28 09:36:20.000000000,100019,547,100005,547,100030,100,100004,100,100034,100,99989,100,100037,100,99971,100,100050,100,99968,100,100071,100,99955,100,100082,100,99950,100,100093,100,99949,100,100097,100,99946,200,100134,100,99927,100
2019-06-28 09:36:30.000000000,100019,324,100005,324,100030,324,100004,324,100034,100,99989,100,100037,100,99971,100,100050,100,99968,100,100071,100,99955,100,100082,100,99950,100,100093,100,99949,100,100097,100,99946,200,100134,100,99927,100
2019-06-28 09:36:40.000000000,100019,324,100005,324,100030,324,100004,324,100034,100,99989,100,100037,100,99971,100,100050,100,99968,100,100071,100,99955,100,100082,100,99950,100,100093,100,99949,100,100097,100,99946,200,100134,100,99927,100
2019-06-28 09:36:44.527091704,100019,324,100005,224,100030,324,100004,324,100034,100,99989,100,100037,100,99971,100,100050,100,99968,100,100071,100,99955,100,100082,100,99950,100,100093,100,99949,100,100097,100,99946,200,100134,100,99927,100
2019-06-28 09:36:50.000000000,100019,252,100004,252,100030,248,99989,248,100034,248,99971,248,100037,100,99968,100,100050,100,99955,100,100071,100,99950,100,100082,100,99949,100,100093,100,99946,200,100097,100,99927,100,100134,100,99925,100
2019-06-28 09:37:00.000000000,100019,212,100004,212,100030,212,99989,212,100034,212,99971,212,100037,212,99968,212,100050,100,99955,100,100071,100,99950,100,100082,100,99949,100,100093,100,99946,200,100097,100,99927,100,100134,100,99925,100
2019-06-28 09:37:10.000000000,100019,324,100004,324,100030,324,99989,324,100034,100,99971,100,100037,100,99968,100,100050,100,99955,100,100071,100,99950,100,100082,100,99949,100,100093,100,99946,200,100097,100,99927,100,100134,100,99925,100
2019-06-28 09:37:20.000000000,100019,212,100004,212,100030,212,99989,212,100034,212,99971,212,100037,212,99968,212,100050,100,99955,100,100071,100,99950,100,100082,100,99949,100,100093,100,99946,200,100097,100,99927,100,100134,100,99925,100
2019-06-28 09:37:30.000000000,100019,212,100004,212,100030,212,99989,212,100034,212,99971,212,100037,212,99968,212,100050,100,99955,100,100071,100,99950,100,100082,100,99949,100,100093,100,99946,200,100097,100,99927,100,100134,100,99925,100
2019-06-28 09:37:40.000000000,100019,189,100004,189,100030,189,99989,189,100034,189,99971,189,100037,189,99968,189,100050,189,99955,189,100071,100,99950,100,100082,100,99949,100,100093,100,99946,200,100097,100,99927,100,100134,100,99925,100
2019-06-28 09:37:50.000000000,100019,189,100004,189,100030,189,99989,189,100034,189,99971,189,100037,189,99968,189,100050,189,99955,189,100071,100,99950,100,100082,100,99949,100,100093,100,99946,200,100097,100,99927,100,100134,100,99925,100
2019-06-28 09:38:00.000000000,100019,189,100004,189,100030,189,99989,189,100034,189,99971,189,100037,189,99968,189,100050,189,99955,189,100071,100,99950,100,100082,100,99949,100,100093,100,99946,200,100097,100,99927,100,100134,100,99925,100
2019-06-28 09:38:04.011118474,100019,189,100004,89,100030,189,99989,189,100034,189,99971,189,100037,189,99968,189,100050,189,99955,189,100071,100,99950,100,100082,100,99949,100,100093,100,99946,200,100097,100,99927,100,100134,100,99925,100
2019-06-28 09:38:10.000000000,100019,324,99989,324,100030,324,99971,324,100034,100,99968,100,100037,100,99955,100,100050,100,99950,100,100071,100,99949,100,100082,100,99946,200,100093,100,99927,100,100097,100,99925,100,100134,100,99892,100
2019-06-28 09:38:20.000000000,100019,212,99989,212,100030,212,99971,212,100034,212,99968,212,100037,212,99955,212,100050,100,99950,100,100071,100,99949,100,100082,100,99946,200,100093,100,99927,100,100097,100,99925,100,100134,100,99892,100
2019-06-28 09:38:30.000000000,100019,324,99989,324,100030,324,99971,324,100034,100,99968,100,100037,100,99955,100,100050,100,99950,100,100071,100,99949,100,100082,100,99946,200,100093,100,99927,100,100097,100,99925,100,100134,100,99892,100
2019-06-28 09:38:40.000000000,100019,547,99989,547,100030,100,99971,100,100034,100,99968,100,100037,100,99955,100,100050,100,99950,100,100071,100,99949,100,100082,100,99946,200,100093,100,99927,100,100097,100,99925,100,100134,100,99892,100
2019-06-28 09:38:40.996634056,100019,547,99989,547,100030,100,99971,100,100034,100,99968,100,100037,100,99955,100,100050,100,99950,100,100071,100,99949,100,100082,100,99946,200,100093,100,99927,100,100097,100,99925,100,100134,100,99892,100
2019-06-28 09:38:50.000000000,100019,252,99989,252,100030,248,99971,248,100034,248,99968,248,100037,100,99955,100,100050,100,99950,100,100071,100,99949,100,100082,100,99946,200,100093,100,99927,100,100097,100,99925,100,100134,100,99892,100
2019-06-28 09:39:00.000000000,100019,212,99989,212,100030,212,99971,212,100034,212,99968,212,100037,212,99955,212,100050,100,99950,100,100071,100,99949,100,100082,100,99946,200,100093,100,99927,100,100097,100,99925,100,100134,100,99892,100
2019-06-28 09:39:07.995045014,100019,212,99989,112,100030,212,99971,212,100034,212,99968,212,100037,212,99955,212,100050,100,99950,100,100071,100,99946,200,100082,100,99927,100,100093,100,99925,100,100097,100,99892,100,100134,100,99889,100
2019-06-28 09:39:10.000000000,100019,547,99971,547,100030,100,99968,100,100034,100,99955,100,100037,100,99950,100,100050,100,99946,200,100071,100,99927,100,100082,100,99925,100,100093,100,99892,100,100097,100,99889,100,100134,100,99860,100
2019-06-28 09:39:20.000000000,100019,189,99971,189,100030,189,99968,189,100034,189,99955,189,100037,189,99950,189,100050,189,99946,289,100071,100,99927,100,100082,100,99925,100,100093,100,99892,100,100097,100,99889,100,100134,100,99860,100
2019-06-28 09:39:22.705210745,99971,11,99968,189,100019,189,99955,189,100030,189,99950,189,100034,189,99946,289,100037,189,99927,100,100050,189,99925,100,100071,100,99892,100,100082,100,99889,100,100093,100,99860,100,100097,100,99824,100
2019-06-28 09:39:27.349583443,99971,11,99968,89,100019,189,99955,189,100030,189,99950,189,100034,189,99946,289,100037,189,99927,100,100050,189,99925,100,100071,100,99892,100,100082,100,99889,100,100093,100,99860,100,100097,100,99824,100
2019-06-28 09:39:30.000000000,99971,163,99955,252,100019,248,99950,248,100030,248,99946,348,100034,100,99927,100,100037,100,99925,100,100050,100,99892,100,100071,100,99889,100,100082,100,99860,100,100093,100,99824,100,100097,100,99769,100
2019-06-28 09:39:30.996481126,99971,163,99955,252,100019,248,99950,148,100030,248,99946,348,100034,100,99927,100,100037,100,99925,100,100050,100,99892,100,100071,100,99889,100,100082,100,99860,100,100093,100,99824,100,100097,100,99769,100
2019-06-28 09:39:31.654621427,99971,163,99955,152,100019,248,99950,148,100030,248,99946,348,100034,100,99927,100,100037,100,99925,100,100050,100,99892,100,100071,100,99889,100,100082,100,99860,100,100093,100,99824,100,100097,100,99769,100
2019-06-28 09:39:40.000000000,99971,235,99946,424,100019,324,99927,324,100030,100,99925,100,100034,100,99892,100,100037,100,99889,100,100050,100,99860,100,100071,100,99824,100,100082,100,99769,100,100093,100,98626,100,100097,100,98280,100
2019-06-28 09:39:50.000000000,99971,163,99946,352,100019,248,99927,248,100030,248,99925,248,100034,100,99892,100,100037,100,99889,100,100050,100,99860,100,100071,100,99824,100,100082,100,99769,100,100093,100,98626,100,100097,100,98280,100
2019-06-28 09:39:50.715885600,99971,163,99946,252,100019,248,99927,248,100030,248,99925,248,100034,100,99892,100,100037,100,99889,100,100050,100,99860,100,100071,100,99824,100,100082,100,99769,100,100093,100,98280,100,100097,100,,
2019-06-28 09:39:57.778480294,99971,163,99946,252,100019,248,99927,248,100030,248,99925,248,100034,100,99892,100,100037,100,99889,100,100050,100,99860,100,100071,100,99769,100,100082,100,98280,100,100093,100,,,100097,100,,
2019-06-28 09:40:00.000000000,99971,458,99946,547,100019,100,99927,100,100030,100,99925,100,100034,100,99892,100,100037,100,99889,100,100050,100,99860,100,100071,100,99769,100,100082,100,98280,100,100093,100,,,100097,100,,
2019-06-28 09:40:10.000000000,99971,100,99946,189,100019,189,99927,189,100030,189,99925,189,100034,189,99892,189,100037,189,99889,189,100050,100,99860,100,100071,100,99769,100,100082,100,98280,100,100093,100,,,100097,100,,
2019-06-28 09:40:16.736321738,99971,100,99946,89,100019,89,99927,189,100030,189,99925,189,100034,189,99892,189,100037,189,99889,189,100050,100,99860,100,100071,100,99769,100,100082,100,98280,100,100093,100,,,100097,100,,
2019-06-28 09:40:20.000000000,99971,235,99927,324,100030,324,99925,324,100034,100,99892,100,100037,100,99889,100,100050,100,99860,100,100071,100,99769,100,100082,100,98280,100,100093,100,,,100097,100,,,100134,100,,
2019-06-28 09:40:30.000000000,99971,100,99927,189,100030,189,99925,189,100034,189,99892,189,100037,189,99889,189,100050,189,99860,189,100071,100,99769,100,100082,100,98280,100,100093,100,,,100097,100,,,100134,100,,
2019-06-28 09:40:40.000000000,99971,458,99927,547,100030,100,99925,100,100034,100,99892,100,100037,100,99889,100,100050,100,99860,100,100071,100,99769,100,100082,100,98280,100,100093,100,,,100097,100,,,100134,100,,
2019-06-28 09:40:50.000000000,99971,458,99927,547,100030,100,99925,100,100034,100,99892,100,100037,100,99889,100,100050,100,99860,100,100071,100,99769,100,100082,100,98280,100,100093,100,,,100097,100,,,100134,100,,
2019-06-28 09:41:00.000000000,99971,123,99927,212,100030,212,99925,212,100034,212,99892,212,100037,212,99889,212,100050,100,99860,100,100071,100,99769,100,100082,100,98280,100,100093,100,,,100097,100,,,100134,100,,
2019-06-28 09:41:08.543337435,99946,100,99927,212,99971,123,99925,212,100030,212,99892,212,100034,212,99889,212,100037,212,99860,100,100050,100,99769,100,100071,100,98280,100,100082,100,,,100093,100,,,100097,100,,
2019-06-28 09:41:10.000000000,99946,324,99927,324,99971,235,99925,324,100030,100,99892,100,100034,100,99889,100,100037,100,99860,100,100050,100,99769,100,100071,100,98280,100,100082,100,,,100093,100,,,100097,100,,
2019-06-28 09:41:20.000000000,99946,189,99927,189,99971,100,99925,189,100030,189,99892,189,100034,189,99889,189,100037,189,99860,189,100050,100,99769,100,100071,100,98280,100,100082,100,,,100093,100,,,100097,100,,
2019-06-28 09:41:24.461266452,99946,189,99927,89,99971,100,99925,189,100030,189,99892,189,100034,189,99889,189,100037,189,99860,189,100050,100,99769,100,100071,100,98280,100,100082,100,,,100093,100,,,100097,100,,
2019-06-28 09:41:30.000000000,99946,547,99925,547,99971,11,99892,100,100030,100,99889,100,100034,100,99860,100,100037,100,99769,100,100050,100,98280,100,100071,100,,,100082,100,,,100093,100,,,100097,100,,
2019-06-28 09:41:40.000000000,99946,189,99925,189,99971,100,99892,189,100030,189,99889,189,100034,189,99860,189,100037,189,99769,189,100050,100,98280,100,100071,100,,,100082,100,,,100093,100,,,100097,100,,
2019-06-28 09:41:42.784018065,99946,189,99925,189,99971,100,99892,189,100030,189,99889,189,100034,189,99860,189,100037,189,99769,189,100050,100,98280,100,100071,100,98117,100,100082,100,,,100093,100,,,100097,100,,
2019-06-28 09:41:50.000000000,99946,252,99925,252,99971,159,99892,248,100030,248,99889,248,100034,100,99860,100,100037,100,99769,100,100050,100,98280,100,100071,100,98117,100,100082,100,,,100093,100,,,100097,100,,
2019-06-28 09:42:00.000000000,99946,252,99925,252,99971,159,99892,248,100030,248,99889,248,100034,100,99860,100,100037,100,99769,100,100050,100,98280,100,100071,100,98117,100,100082,100,,,100093,100,,,100097,100,,
2019-06-28 09:42:10.000000000,99946,324,99925,324,99971,235,99892,324,100030,100,99889,100,100034,100,99860,100,100037,100,99769,100,100050,100,98280,100,100071,100,98117,100,100082,100,,,100093,100,,,100097,100,,
2019-06-28 09:42:20.000000000,99946,212,99925,212,99971,123,99892,212,100030,212,99889,212,100034,212,99860,212,100037,100,99769,100,100050,100,98280,100,100071,100,98117,100,100082,100,,,100093,100,,,100097,100,,
2019-06-28 09:42:26.278077559,99945,100,99925,212,99946,212,99892,212,99971,123,99889,212,100030,212,99860,212,100034,212,99769,100,100037,100,98280,100,100050,100,98117,100,100071,100,,,100082,100,,,100093,100,,
2019-06-28 09:42:30.000000000,99945,324,99925,324,99946,324,99892,324,99971,11,99889,100,100030,100,99860,100,100034,100,99769,100,100037,100,98280,100,100050,100,98117,100,100071,100,,,100082,100,,,100093,100,,
2019-06-28 09:42:32.852502632,99945,324,99925,224,99946,324,99892,324,99971,11,99889,100,100030,100,99860,100,100034,100,99769,100,100037,100,98280,100,100050,100,98117,100,100071,100,,,100093,100,,,100097,100,,
2019-06-28 09:42:40.000000000,99945,252,99892,252,99946,248,99889,248,99971,159,99860,248,100030,100,99769,100,100034,100,98280,100,100037,100,98117,100,100050,100,,,100071,100,,,100093,100,,,100097,100,,
2019-06-28 09:42:42.108659608,99945,252,99892,252,99946,248,99889,248,99971,159,99860,248,100030,100,99769,100,100034,100,98832,100,100037,100,98280,100,100050,100,98117,100,100071,100,,,100093,100,,,100097,100,,
2019-06-28 09:42:47.119644299,99945,252,99892,252,99946,248,99889,248,99971,159,99860,248,100030,100,99769,100,100034,100,98832,100,100037,100,98802,100,100050,100,98280,100,100071,100,98117,100,100093,100,,,100097,100,,
2019-06-28 09:42:50.000000000,99945,324,99892,324,99946,324,99889,324,99971,11,99860,100,100030,100,99769,100,100034,100,98832,100,100037,100,98802,100,100050,100,98280,100,100071,100,98117,100,100093,100,,,100097,100,,
2019-06-28 09:43:00.000000000,99945,324,99892,324,99946,324,99889,324,99971,11,99860,100,100030,100,99769,100,100034,100,98832,100,100037,100,98802,100,100050,100,98280,100,100071,100,98117,100,100093,100,,,100097,100,,
2019-06-28 09:43:04.464467648,99945,324,99892,224,99946,324,99889,324,99971,11,99860,100,100030,100,99769,100,100034,100,98832,100,100037,100,98802,100,100050,100,98280,100,100071,100,98117,100,100093,100,,,100097,100,,
2019-06-28 09:43:10.000000000,99945,189,99889,189,99946,189,99860,189,99971,100,99769,189,100030,189,98832,189,100034,189,98802,189,100037,100,98280,100,100050,100,98117,100,100071,100,,,100093,100,,,100097,100,,
2019-06-28 09:43:13.411030371,99925,100,99889,189,99945,189,99860,189,99946,189,99769,189,99971,100,98832,189,100030,189,98802,189,100034,189,98280,100,100037,100,98117,100,100050,100,,,100071,100,,,100093,100,,
2019-06-28 09:43:20.000000000,99925,189,99889,189,99945,189,99860,189,99946,189,99769,189,99971,100,98832,189,100030,189,98802,189,100034,100,98280,100,100037,100,98117,100,100050,100,,,100071,100,,,100093,100,,
2019-06-28 09:43:26.806126486,99925,189,99889,89,99945,189,99860,189,99946,189,99769,189,99971,100,98832,189,100030,189,98802,189,100034,100,98280,100,100037,100,98117,100,100050,100,,,100071,100,,,100093,100,,
2019-06-28 09:43:30.000000000,99925,324,99860,324,99945,324,99769,324,99946,100,98832,100,99971,11,98802,100,100030,100,98280,100,100034,100,98117,100,100037,100,,,100050,100,,,100071,100,,,100093,100,,
2019-06-28 09:43:40.000000000,99925,547,99860,547,99945,100,99769,100,99946,100,98832,100,99971,11,98802,100,100030,100,98280,100,100034,100,98117,100,100037,100,,,100050,100,,,100071,100,,,100093,100,,
2019-06-28 09:43:42.722928325,99925,547,99860,447,99945,100,99769,100,99946,100,98832,100,99971,11,98802,100,100030,100,98280,100,100034,100,98117,100,100037,100,,,100050,100,,,100071,100,,,100093,100,,
2019-06-28 09:43:50.000000000,99925,324,99769,324,99945,324,98832,324,99946,100,98802,100,99971,11,98280,100,100030,100,98117,100,100034,100,,,100037,100,,,100050,100,,,100071,100,,,100093,100,,
2019-06-28 09:43:50.609254352,99925,324,99769,324,99945,324,98832,324,99946,100,98802,100,99971,11,98715,100,100030,100,98280,100,100034,100,98117,100,100037,100,,,100050,100,,,100071,100,,,100093,100,,
2019-06-28 09:44:00.000000000,99925,189,99769,189,99945,189,98832,189,99946,189,98802,189,99971,100,98715,189,100030,189,98280,189,100034,100,98117,100,100037,100,,,100050,100,,,100071,100,,,100093,100,,
2019-06-28 09:44:10.000000000,99925,212,99769,212,99945,212,98832,212,99946,212,98802,212,99971,123,98715,212,100030,100,98280,100,100034,100,98117,100,100037,100,,,100050,100,,,100071,100,,,100093,100,,
2019-06-28 09:44:20.000000000,99925,324,99769,324,99945,324,98832,324,99946,100,98802,100,99971,11,98715,100,100030,100,98280,100,100034,100,98117,100,100037,100,,,100050,100,,,100071,100,,,100093,100,,
2019-06-28 09:44:20.600794692,99925,324,99769,324,99945,324,98832,324,99946,100,98802,100,99971,11,98715,100,100030,100,98280,100,100034,100,98242,100,100037,100,98117,100,100050,100,,,100071,100,,,100093,100,,
2019-06-28 09:44:21.657293036,99925,324,99769,324,99945,324,98832,324,99946,100,98802,100,99971,11,98715,100,100034,100,98280,100,100037,100,98242,100,100050,100,98117,100,100071,100,98100,100,100093,100,,,100097,100,,
2019-06-28 09:44:30.000000000,99925,547,99769,547,99945,100,98832,100,99946,100,98802,100,99971,11,98715,100,100034,100,98280,100,100037,100,98242,100,100050,100,98117,100,100071,100,98100,100,100093,100,,,100097,100,,
2019-06-28 09:44:40.000000000,99925,324,99769,324,99945,324,98832,324,99946,100,98802,100,99971,11,98715,100,100034,100,98280,100,100037,100,98242,100,100050,100,98117,100,100071,100,98100,100,100093,100,,,100097,100,,
2019-06-28 09:44:50.000000000,99925,212,99769,212,99945,212,98832,212,99946,212,98802,212,99971,123,98715,212,100034,100,98280,100,100037,100,98242,100,100050,100,98117,100,100071,100,98100,100,100093,100,,,100097,100,,
2019-06-28 09:45:00.000000000,99925,252,99769,252,99945,248,98832,248,99946,248,98802,248,99971,11,98715,100,100034,100,98280,100,100037,100,98242,100,100050,100,98117,100,100071,100,98100,100,100093,100,,,100097,100,,
2019-06-28 09:45:10.000000000,99925,252,99769,252,99945,248,98832,248,99946,248,98802,248,99971,11,98715,100,100034,100,98280,100,100037,100,98242,100,100050,100,98117,100,100071,100,98100,100,100093,100,,,100097,100,,
2019-06-28 09:45:11.515317265,99925,252,99769,152,99945,248,98832,248,99946,248,98802,248,99971,11,98715,100,100034,100,98280,100,100037,100,98242,100,100050,100,98117,100,100071,100,98100,100,100093,100,,,100097,100,,
2019-06-28 09:45:20.000000000,99925,324,98832,324,99945,324,98802,324,99946,100,98715,100,99971,11,98280,100,100034,100,98242,100,100037,100,98117,100,100050,100,98100,100,100071,100,,,100093,100,,,100097,100,,
2019-06-28 09:45:22.700639404,99925,324,98832,324,99945,324,98802,324,99946,100,98715,100,99971,11,98493,100,100034,100,98280,100,100037,100,98242,100,100050,100,98117,100,100071,100,98100,100,100093,100,,,100097,100,,
2019-06-28 09:45:30.000000000,99925,212,98832,212,99945,212,98802,212,99946,212,98715,212,99971,123,98493,212,100034,100,98280,100,100037,100,98242,100,100050,100,98117,100,100071,100,98100,100,100093,100,,,100097,100,,
2019-06-28 09:45:40.000000000,99925,212,98832,212,99945,212,98802,212,99946,212,98715,212,99971,123,98493,212,100034,100,98280,100,100037,100,98242,100,100050,100,98117,100,100071,100,98100,100,100093,100,,,100097,100,,
2019-06-28 09:45:41.765347956,99925,212,98832,112,99945,212,98802,212,99946,212,98715,212,99971,123,98493,212,100034,100,98280,100,100037,100,98242,100,100050,100,98117,100,100071,100,98100,100,100093,100,,,100097,100,,
2019-06-28 09:45:50.000000000,99925,547,98802,547,99945,100,98715,100,99946,100,98493,100,99971,11,98280,100,100034,100,98242,100,100037,100,98117,100,100050,100,98100,100,100071,100,,,100093,100,,,100097,100,,
2019-06-28 09:45:52.593048944,99925,547,98802,447,99945,100,98715,100,99946,100,98493,100,99971,11,98280,100,100034,100,98242,100,100037,100,98117,100,100050,100,98100,100,100071,100,,,100093,100,,,100097,100,,
2019-06-28 09:46:00.000000000,99925,212,98715,212,99945,212,98493,212,99946,212,98280,212,99971,123,98242,212,100034,100,98117,100,100037,100,98100,100,100050,100,,,100071,100,,,100093,100,,,100097,100,,
2019-06-28 09:46:01.706301166,99925,212,98715,112,99945,212,98493,212,99946,212,98280,212,99971,123,98242,212,100034,100,98117,100,100037,100,98100,100,100050,100,,,100071,100,,,100093,100,,,100097,100,,
2019-06-28 09:46:10.000000000,99925,189,98493,189,99945,189,98280,189,99946,189,98242,189,99971,100,98117,189,100034,189,98100,189,100037,100,,,100050,100,,,100071,100,,,100093,100,,,100097,100,,
2019-06-28 09:46:20.000000000,99925,212,98493,212,99945,212,98280,212,99946,212,98242,212,99971,123,98117,212,100034,100,98100,100,100037,100,,,100050,100,,,100071,100,,,100093,100,,,100097,100,,
2019-06-28 09:46:30.000000000,99925,547,98493,547,99945,100,98280,100,99946,100,98242,100,99971,11,98117,100,100034,100,98100,100,100037,100,,,100050,100,,,100071,100,,,100093,100,,,100097,100,,
2019-06-28 09:46:35.625062706,99925,547,98493,447,99945,100,98242,100,99946,100,98117,100,99971,11,98100,100,100034,100,,,100037,100,,,100050,100,,,100071,100,,,100093,100,,,100097,100,,
2019-06-28 09:46:40.000000000,99925,252,98242,252,99945,248,98117,248,99946,248,98100,248,99971,11,,,100034,100,,,100037,100,,,100050,100,,,100071,100,,,100093,100,,,100097,100,,
2019-06-28 09:46:50.000000000,99925,212,98242,212,99945,212,98117,212,99946,212,98100,212,99971,123,98099,112,100034,100,,,100037,100,,,100050,100,,,100071,100,,,100093,100,,,100097,100,,
2019-06-28 09:47:00.000000000,99925,324,98242,324,99945,324,98117,324,99946,100,98100,100,99971,11,,,100034,100,,,100037,100,,,100050,100,,,100071,100,,,100093,100,,,100097,100,,
2019-06-28 09:47:04.780799404,99925,324,98242,324,99945,324,98117,324,99946,100,98100,100,99971,11,97853,100,100034,100,,,100037,100,,,100050,100,,,100071,100,,,100093,100,,,100097,100,,
2019-06-28 09:47:09.058313283,99925,324,98242,224,99945,324,98117,324,99946,100,98100,100,99971,11,97853,100,100034,100,,,100037,100,,,100050,100,,,100071,100,,,100093,100,,,100097,100,,
2019-06-28 09:47:10.000000000,99925,252,98117,252,99945,248,98100,248,99946,248,97853,248,99971,11,,,100034,100,,,100037,100,,,100050,100,,,100071,100,,,100093,100,,,100097,100,,
2019-06-28 09:47:20.000000000,99925,252,98117,252,99945,248,98100,248,99946,248,97853,248,99971,11,,,100034,100,,,100037,100,,,100050,100,,,100071,100,,,100093,100,,,100097,100,,
2019-06-28 09:47:24.958583364,99925,252,98117,252,99945,248,98100,248,99946,248,98051,100,99971,11,97853,248,100034,100,,,100037,100,,,100050,100,,,100071,100,,,100093,100,,,100097,100,,
2019-06-28 09:47:30.000000000,99925,189,98117,189,99945,189,98100,189,99946,189,98051,189,99971,100,97853,189,100034,189,97852,89,100037,100,,,100050,100,,,100071,100,,,100093,100,,,100097,100,,
2019-06-28 09:47:40.000000000,99925,324,98117,324,99945,324,98100,324,99946,100,98051,100,99971,11,97853,100,100034,100,,,100037,100,,,100050,100,,,100071,100,,,100093,100,,,100097,100,,
2019-06-28 09:47:50.000000000,99925,212,98117,212,99945,212,98100,212,99946,212,98051,212,99971,123,97853,212,100034,100,,,100037,100,,,100050,100,,,100071,100,,,100093,100,,,100097,100,,
2019-06-28 09:47:59.274749946,98493,100,98117,212,99925,212,98100,212,99945,212,98051,212,99946,212,97853,212,99971,123,,,100034,100,,,100037,100,,,100050,100,,,100071,100,,,100093,100,,
2019-06-28 09:48:00.000000000,98493,252,98117,252,99925,248,98100,248,99945,248,98051,248,99946,100,97853,100,99971,11,,,100034,100,,,100037,100,,,100050,100,,,100071,100,,,100093,100,,
2019-06-28 09:48:10.000000000,98493,252,98117,252,99925,248,98100,248,99945,248,98051,248,99946,100,97853,100,99971,11,,,100034,100,,,100037,100,,,100050,100,,,100071,100,,,100093,100,,
2019-06-28 09:48:15.393478212,98493,252,98243,100,99925,248,98117,252,99945,248,98100,248,99946,100,98051,248,99971,11,97853,100,100034,100,,,100037,100,,,100050,100,,,100071,100,,,100093,100,,
2019-06-28 09:48:20.000000000,98493,189,98243,189,99925,189,98117,189,99945,189,98100,189,99946,189,98051,189,99971,100,97853,189,100034,100,,,100037,100,,,100050,100,,,100071,100,,,100093,100,,
2019-06-28 09:48:30.000000000,98493,547,98243,547,99925,100,98117,100,99945,100,98100,100,99946,100,98051,100,99971,11,97853,100,100034,100,,,100037,100,,,100050,100,,,100071,100,,,100093,100,,
2019-06-28 09:48:40.000000000,98493,189,98243,189,99925,189,98117,189,99945,189,98100,189,99946,189,98051,189,99971,100,97853,189,100034,100,,,100037,100,,,100050,100,,,100071,100,,,100093,100,,
2019-06-28 09:48:42.808504257,98493,89,98243,189,99925,189,98117,189,99945,189,98100,189,99946,189,98051,189,99971,100,97853,189,100034,100,,,100037,100,,,100050,100,,,100071,100,,,100093,100,,
2019-06-28 09:48:50.000000000,99925,324,98243,324,99945,324,98117,324,99946,100,98100,100,99971,11,98051,100,100034,100,97853,100,100037,100,,,100050,100,,,100071,100,,,100093,100,,,100097,100,,
2019-06-28 09:49:00.000000000,99925,252,98243,252,99945,248,98117,248,99946,248,98100,248,99971,11,98051,100,100034,100,97853,100,100037,100,,,100050,100,,,100071,100,,,100093,100,,,100097,100,,
2019-06-28 09:49:10.000000000,99925,547,98243,547,99945,100,98117,100,99946,100,98100,100,99971,11,98051,100,100034,100,97853,100,100037,100,,,100050,100,,,100071,100,,,100093,100,,,100097,100,,
2019-06-28 09:49:14.019543036,99925,547,98620,100,99945,100,98243,547,99946,100,98117,100,99971,11,98100,100,100034,100,98051,100,100037,100,97853,100,100050,100,,,100071,100,,,100093,100,,,100097,100,,
2019-06-28 09:49:20.000000000,99925,547,98620,547,99945,100,98243,100,99946,100,98117,100,99971,11,98100,100,100034,100,98051,100,100037,100,97853,100,100050,100,,,100071,100,,,100093,100,,,100097,100,,
2019-06-28 09:49:20.917090811,99925,547,98620,547,99945,100,98244,100,99946,100,98243,100,99971,11,98117,100,100034,100,98100,100,100037,100,98051,100,100050,100,97853,100,100071,100,,,100093,100,,,100097,100,,
2019-06-28 09:49:30.000000000,99925,189,98620,189,99945,189,98244,189,99946,189,98243,189,99971,100,98117,189,100034,189,98100,189,100037,100,98051,100,100050,100,97853,100,100071,100,,,100093,100,,,100097,100,,
2019-06-28 09:49:40.000000000,99925,547,98620,547,99945,100,98244,100,99946,100,98243,100,99971,11,98117,100,100034,100,98100,100,100037,100,98051,100,100050,100,97853,100,100071,100,,,100093,100,,,100097,100,,
2019-06-28 09:49:50.000000000,99925,212,98620,212,99945,212,98244,212,99946,212,98243,212,99971,123,98117,212,100034,100,98100,100,100037,100,98051,100,100050,100,97853,100,100071,100,,,100093,100,,,100097,100,,
2019-06-28 09:49:58.335720359,99925,212,98840,100,99945,212,98620,212,99946,212,98244,212,99971,123,98243,212,100034,100,98117,212,100037,100,98100,100,100050,100,98051,100,100071,100,97853,100,100093,100,,,100097,100,,
2019-06-28 09:50:00.000000000,99925,212,98840,212,99945,212,98620,212,99946,212,98244,212,99971,123,98243,212,100034,100,98117,100,100037,100,98100,100,100050,100,98051,100,100071,100,97853,100,100093,100,,,100097,100,,
2019-06-28 09:50:10.000000000,99925,189,98840,189,99945,189,98620,189,99946,189,98244,189,99971,100,98243,189,100034,189,98117,189,100037,100,98100,100,100050,100,98051,100,100071,100,97853,100,100093,100,,,100097,100,,
2019-06-28 09:50:16.110399110,99925,189,98840,89,99945,189,98620,189,99946,189,98244,189,99971,100,98243,189,100034,189,98117,189,100037,100,98100,100,100050,100,98051,100,100071,100,97853,100,100093,100,,,100097,100,,
2019-06-28 09:50:20.000000000,99925,324,98620,324,99945,324,98244,324,99946,100,98243,100,99971,11,98117,100,100034,100,98100,100,100037,100,98051,100,100050,100,97853,100,100071,100,,,100093,100,,,100097,100,,
2019-06-28 09:50:30.000000000,99925,324,98620,324,99945,324,98244,324,99946,100,98243,100,99971,11,98117,100,100034,100,98100,100,100037,100,98051,100,100050,100,97853,100,100071,100,,,100093,100,,,100097,100,,
2019-06-28 09:50:40.000000000,99925,189,98620,189,99945,189,98244,189,99946,189,98243,189,99971,100,98117,189,100034,189,98100,189,100037,100,98051,100,100050,100,97853,100,100071,100,,,100093,100,,,100097,100,,
2019-06-28 09:50:50.000000000,99925,324,98620,324,99945,324,98244,324,99946,100,98243,100,99971,11,98117,100,100034,100,98100,100,100037,100,98051,100,100050,100,97853,100,100071,100,,,100093,100,,,100097,100,,
2019-06-28 09:50:53.091481500,99925,324,99074,100,99945,324,98620,324,99946,100,98244,324,99971,11,98243,100,100034,100,98117,100,100037,100,98100,100,100050,100,98051,100,100071,100,97853,100,100093,100,,,100097,100,,
2019-06-28 09:50:59.870613399,99925,324,99074,100,99945,324,98858,100,99946,100,98620,324,99971,11,98244,324,100034,100,98243,100,100037,100,98117,100,100050,100,98100,100,100071,100,98051,100,100093,100,97853,100,100097,100,,
2019-06-28 09:51:00.000000000,99925,252,99074,252,99945,248,98858,248,99946,248,98620,248,99971,11,98244,100,100034,100,98243,100,100037,100,98117,100,100050,100,98100,100,100071,100,98051,100,100093,100,97853,100,100097,100,,
2019-06-28 09:51:07.885706130,99331,100,99074,252,99925,252,98858,248,99945,248,98620,248,99946,248,98244,100,99971,11,98243,100,100034,100,98117,100,100037,100,98100,100,100050,100,98051,100,100071,100,97853,100,100093,100,,
2019-06-28 09:51:10.000000000,99331,547,99074,547,99925,100,98858,100,99945,100,98620,100,99946,100,98244,100,99971,11,98243,100,100034,100,98117,100,100037,100,98100,100,100050,100,98051,100,100071,100,97853,100,100093,100,,
2019-06-28 09:51:10.931423542,99331,547,99074,547,99925,100,99013,100,99945,100,98858,100,99946,100,98620,100,99971,11,98244,100,100034,100,98243,100,100037,100,98117,100,100050,100,98100,100,100071,100,98051,100,100093,100,97853,100
2019-06-28 09:51:13.148029330,99331,547,99074,447,99925,100,99013,100,99945,100,98858,100,99946,100,98620,100,99971,11,98244,100,100034,100,98243,100,100037,100,98117,100,100050,100,98100,100,100071,100,98051,100,100093,100,97853,100
2019-06-28 09:51:20.000000000,99331,547,99013,547,99925,100,98858,100,99945,100,98620,100,99946,100,98244,100,99971,11,98243,100,100034,100,98117,100,100037,100,98100,100,100050,100,98051,100,100071,100,97853,100,100093,100,,
2019-06-28 09:51:30.000000000,99331,324,99013,324,99925,324,98858,324,99945,100,98620,100,99946,100,98244,100,99971,11,98243,100,100034,100,98117,100,100037,100,98100,100,100050,100,98051,100,100071,100,97853,100,100093,100,,
2019-06-28 09:51:40.000000000,99331,324,99013,324,99925,324,98858,324,99945,100,98620,100,99946,100,98244,100,99971,11,98243,100,100034,100,98117,100,100037,100,98100,100,100050,100,98051,100,100071,100,97853,100,100093,100,,
2019-06-28 09:51:50.000000000,99331,189,99013,189,99925,189,98858,189,99945,189,98620,189,99946,189,98244,189,99971,100,98243,189,100034,100,98117,100,100037,100,98100,100,100050,100,98051,100,100071,100,97853,100,100093,100,,
2019-06-28 09:52:00.000000000,99331,324,99013,324,99925,324,98858,324,99945,100,98620,100,99946,100,98244,100,99971,11,98243,100,100034,100,98117,100,100037,100,98100,100,100050,100,98051,100,100071,100,97853,100,100093,100,,
2019-06-28 09:52:03.625197627,99331,324,99013,324,99925,324,98858,324,99945,100,98418,100,99946,100,98244,100,99971,11,98243,100,100034,100,98117,100,100037,100,98100,100,100050,100,98051,100,100071,100,97853,100,100093,100,,
2019-06-28 09:52:08.501573525,99331,324,99013,224,99925,324,98858,324,99945,100,98418,100,99946,100,98244,100,99971,11,98243,100,100034,100,98117,100,100037,100,98100,100,100050,100,98051,100,100071,100,97853,100,100093,100,,
2019-06-28 09:52:10.000000000,99331,189,98858,189,99925,189,98418,189,99945,189,98244,189,99946,189,98243,189,99971,100,98117,189,100034,100,98100,100,100037,100,98051,100,100050,100,97853,100,100071,100,,,100093,100,,
2019-06-28 09:52:20.000000000,99331,212,98858,212,99925,212,98418,212,99945,212,98244,212,99946,212,98243,212,99971,11,98117,100,100034,100,98100,100,100037,100,98051,100,100050,100,97853,100,100071,100,,,100093,100,,
2019-06-28 09:52:30.000000000,99331,324,98858,324,99925,324,98418,324,99945,100,98244,100,99946,100,98243,100,99971,11,98117,100,100034,100,98100,100,100037,100,98051,100,100050,100,97853,100,100071,100,,,100093,100,,
2019-06-28 09:52:40.000000000,99331,547,98858,547,99925,100,98418,100,99945,100,98244,100,99946,100,98243,100,99971,11,98117,100,100034,100,98100,100,100037,100,98051,100,100050,100,97853,100,100071,100,,,100093,100,,
2019-06-28 09:52:41.244389775,99074,100,98858,547,99331,547,98418,100,99925,100,98244,100,99945,100,98243,100,99946,100,98117,100,99971,11,98100,100,100034,100,98051,100,100037,100,97853,100,100050,100,,,100071,100,,
2019-06-28 09:52:50.000000000,99074,252,98858,252,99331,248,98418,248,99925,248,98244,248,99945,100,98243,100,99946,100,98117,100,99971,11,98100,100,100034,100,98051,100,100037,100,97853,100,100050,100,,,100071,100,,
2019-06-28 09:53:00.000000000,99074,252,98858,252,99331,248,98418,248,99925,248,98244,248,99945,100,98243,100,99946,100,98117,100,99971,11,98100,100,100034,100,98051,100,100037,100,97853,100,100050,100,,,100071,100,,
2019-06-28 09:53:10.000000000,99074,324,98858,324,99331,324,98418,324,99925,100,98244,100,99945,100,98243,100,99946,100,98117,100,99971,11,98100,100,100034,100,98051,100,100037,100,97853,100,100050,100,,,100071,100,,
2019-06-28 09:53:14.237010505,99074,424,98858,324,99331,324,98418,324,99925,100,98244,100,99945,100,98243,100,99946,100,98117,100,99971,11,98100,100,100034,100,98051,100,100037,100,97853,100,100050,100,,,100071,100,,
2019-06-28 09:53:20.000000000,99074,647,98858,547,99331,100,98418,100,99925,100,98244,100,99945,100,98243,100,99946,100,98117,100,99971,11,98100,100,100034,100,98051,100,100037,100,97853,100,100050,100,,,100071,100,,
2019-06-28 09:53:30.000000000,99074,289,98858,189,99331,189,98418,189,99925,189,98244,189,99945,189,98243,189,99946,189,98117,189,99971,11,98100,100,100034,100,98051,100,100037,100,97853,100,100050,100,,,100071,100,,
2019-06-28 09:53:40.000000000,99074,647,98858,547,99331,100,98418,100,99925,100,98244,100,99945,100,98243,100,99946,100,98117,100,99971,11,98100,100,100034,100,98051,100,100037,100,97853,100,100050,100,,,100071,100,,
2019-06-28 09:53:48.758008595,99005,100,98858,547,99074,647,98418,100,99331,100,98244,100,99925,100,98243,100,99945,100,98117,100,99946,100,98100,100,99971,11,98051,100,100034,100,97853,100,100037,100,,,100050,100,,
2019-06-28 09:53:48.965282160,98970,100,98858,547,99005,100,98418,100,99074,647,98244,100,99331,100,98243,100,99925,100,98117,100,99945,100,98100,100,99946,100,98051,100,99971,11,97853,100,100034,100,,,100037,100,,
2019-06-28 09:53:50.000000000,98970,324,98858,324,99005,324,98418,324,99074,200,98244,100,99331,100,98243,100,99925,100,98117,100,99945,100,98100,100,99946,100,98051,100,99971,11,97853,100,100034,100,,,100037,100,,
2019-06-28 09:53:58.190374145,98970,324,98858,324,99005,324,98739,100,99074,200,98418,324,99331,100,98244,100,99925,100,98243,100,99945,100,98117,100,99946,100,98100,100,99971,11,98051,100,100034,100,97853,100,100037,100,,
2019-06-28 09:54:00.000000000,98970,189,98858,189,99005,189,98739,189,99074,289,98418,189,99331,189,98244,189,99925,189,98243,189,99945,100,98117,100,99946,100,98100,100,99971,11,98051,100,100034,100,97853,100,100037,100,,
2019-06-28 09:54:04.033844406,98970,189,98858,189,99005,189,98739,189,99074,389,98418,189,99331,189,98244,189,99925,189,98243,189,99945,100,98117,100,99946,100,98100,100,99971,11,98051,100,100034,100,97853,100,100037,100,,
2019-06-28 09:54:10.000000000,98970,547,98858,547,99005,100,98739,100,99074,300,98418,100,99331,100,98244,100,99925,100,98243,100,99945,100,98117,100,99946,100,98100,100,99971,11,98051,100,100034,100,97853,100,100037,100,,
2019-06-28 09:54:20.000000000,98970,324,98858,324,99005,324,98739,324,99074,300,98418,100,99331,100,98244,100,99925,100,98243,100,99945,100,98117,100,99946,100,98100,100,99971,11,98051,100,100034,100,97853,100,100037,100,,
2019-06-28 09:54:30.000000000,98970,547,98858,547,99005,100,98739,100,99074,300,98418,100,99331,100,98244,100,99925,100,98243,100,99945,100,98117,100,99946,100,98100,100,99971,11,98051,100,100034,100,97853,100,100037,100,,
2019-06-28 09:54:38.433521996,98970,547,98858,547,99005,100,98739,100,99074,300,98418,100,99331,100,98244,100,99925,100,98243,100,99945,100,98117,100,99971,11,98100,100,100034,100,98051,100,100037,100,97853,100,100050,100,,
2019-06-28 09:54:40.000000000,98970,324,98858,324,99005,324,98739,324,99074,300,98418,100,99331,100,98244,100,99925,100,98243,100,99945,100,98117,100,99971,11,98100,100,100034,100,98051,100,100037,100,97853,100,100050,100,,
2019-06-28 09:54:50.000000000,98970,252,98858,252,99005,248,98739,248,99074,448,98418,248,99331,100,98244,100,99925,100,98243,100,99945,100,98117,100,99971,11,98100,100,100034,100,98051,100,100037,100,97853,100,100050,100,,
2019-06-28 09:54:57.405262968,98970,252,98858,252,99005,248,98739,248,99074,548,98418,248,99331,100,98244,100,99925,100,98243,100,99971,11,98117,100,100034,100,98100,100,100037,100,98051,100,100050,100,97853,100,100071,100,,
2019-06-28 09:55:00.000000000,98970,324,98858,324,99005,324,98739,324,99074,400,98418,100,99331,100,98244,100,99925,100,98243,100,99971,11,98117,100,100034,100,98100,100,100037,100,98051,100,100050,100,97853,100,100071,100,,
2019-06-28 09:55:00.118759742,98970,324,98858,224,99005,324,98739,324,99074,400,98418,100,99331,100,98244,100,99925,100,98243,100,99971,11,98117,100,100034,100,98100,100,100037,100,98051,100,100050,100,97853,100,100071,100,,
2019-06-28 09:55:10.000000000,98970,212,98739,212,99005,212,98418,212,99074,512,98244,212,99331,212,98243,212,99925,100,98117,100,99971,11,98100,100,100034,100,98051,100,100037,100,97853,100,100050,100,,,100071,100,,
2019-06-28 09:55:16.771990680,98970,112,98739,212,99005,212,98418,212,99074,512,98244,212,99331,212,98243,212,99925,100,98117,100,99971,11,98100,100,100034,100,98051,100,100037,100,97853,100,100050,100,,,100071,100,,
2019-06-28 09:55:20.000000000,99005,212,98739,212,99074,512,98418,212,99331,212,98244,212,99925,212,98243,212,99971,11,98117,100,100034,100,98100,100,100037,100,98051,100,100050,100,97853,100,100071,100,,,100093,100,,
2019-06-28 09:55:30.000000000,99005,252,98739,252,99074,548,98418,248,99331,248,98244,248,99925,100,98243,100,99971,11,98117,100,100034,100,98100,100,100037,100,98051,100,100050,100,97853,100,100071,100,,,100093,100,,
2019-06-28 09:55:40.000000000,99005,252,98739,252,99074,548,98418,248,99331,248,98244,248,99925,100,98243,100,99971,11,98117,100,100034,100,98100,100,100037,100,98051,100,100050,100,97853,100,100071,100,,,100093,100,,
2019-06-28 09:55:41.562792871,99005,152,98739,252,99074,548,98418,248,99331,248,98244,248,99925,100,98243,100,99971,11,98117,100,100034,100,98100,100,100037,100,98051,100,100050,100,97853,100,100071,100,,,100093,100,,
2019-06-28 09:55:50.000000000,99074,847,98739,547,99331,100,98418,100,99925,100,98244,100,99971,11,98243,100,100034,100,98117,100,100037,100,98100,100,100050,100,98051,100,100071,100,97853,100,100093,100,,,100097,100,,
2019-06-28 09:56:00.000000000,99074,624,98739,324,99331,324,98418,324,99925,100,98244,100,99971,11,98243,100,100034,100,98117,100,100037,100,98100,100,100050,100,98051,100,100071,100,97853,100,100093,100,,,100097,100,,
2019-06-28 09:56:01.102671897,99074,624,98970,100,99331,324,98739,324,99925,100,98418,324,99971,11,98244,100,100034,100,98243,100,100037,100,98117,100,100050,100,98100,100,100071,100,98051,100,100093,100,97853,100,100097,100,,
2019-06-28 09:56:03.625742303,99074,524,98970,100,99331,324,98739,324,99925,100,98418,324,99971,11,98244,100,100034,100,98243,100,100037,100,98117,100,100050,100,98100,100,100071,100,98051,100,100093,100,97853,100,100097,100,,
2019-06-28 09:56:05.147121488,99074,524,99005,100,99331,324,98970,100,99971,11,98739,324,100034,100,98418,324,100037,100,98244,100,100050,100,98243,100,100071,100,98117,100,100093,100,98100,100,100097,100,98051,100,100134,100,97853,100
2019-06-28 09:56:10.000000000,99074,389,99005,189,99331,189,98970,189,99971,100,98739,189,100034,189,98418,189,100037,189,98244,189,100050,100,98243,100,100071,100,98117,100,100093,100,98100,100,100097,100,98051,100,100134,100,97853,100
2019-06-28 09:56:10.980919364,99074,389,99005,289,99331,189,98970,189,99971,100,98739,189,100034,189,98418,189,100037,189,98244,189,100050,100,98243,100,100071,100,98117,100,100093,100,98100,100,100097,100,98051,100,100134,100,97853,100
2019-06-28 09:56:20.000000000,99074,524,99005,424,99331,324,98970,324,99971,11,98739,100,100034,100,98418,100,100037,100,98244,100,100050,100,98243,100,100071,100,98117,100,100093,100,98100,100,100097,100,98051,100,100134,100,97853,100
2019-06-28 09:56:25.525373410,99074,424,99005,424,99331,324,98970,324,99971,11,98739,100,100034,100,98418,100,100037,100,98244,100,100050,100,98243,100,100071,100,98117,100,100093,100,98100,100,100097,100,98051,100,100134,100,97853,100
2019-06-28 09:56:30.000000000,99074,352,99005,352,99331,248,98970,248,99971,159,98739,248,100034,100,98418,100,100037,100,98244,100,100050,100,98243,100,100071,100,98117,100,100093,100,98100,100,100097,100,98051,100,100134,100,97853,100
2019-06-28 09:56:32.385625122,99074,352,99005,352,99331,248,98970,248,99574,100,98739,248,99971,159,98418,100,100034,100,98244,100,100037,100,98243,100,100050,100,98117,100,100071,100,98100,100,100093,100,98051,100,100134,100,97853,100
2019-06-28 09:56:35.852553100,99074,252,99005,352,99331,248,98970,248,99574,100,98739,248,99971,159,98418,100,100034,100,98244,100,100037,100,98243,100,100050,100,98117,100,100071,100,98100,100,100093,100,98051,100,100134,100,97853,100
2019-06-28 09:56:40.000000000,99074,252,99005,352,99331,248,98970,248,99574,248,98739,248,99971,11,98418,100,100034,100,98244,100,100037,100,98243,100,100050,100,98117,100,100071,100,98100,100,100093,100,98051,100,100134,100,97853,100
2019-06-28 09:56:50.000000000,99074,189,99005,289,99331,189,98970,189,99574,189,98739,189,99971,100,98418,189,100034,189,98244,189,100037,100,98243,100,100050,100,98117,100,100071,100,98100,100,100093,100,98051,100,100134,100,97853,100
2019-06-28 09:56:57.280493232,99074,189,99005,289,99331,189,98970,189,99574,189,98739,189,99585,100,98418,89,99971,100,98244,189,100034,189,98243,100,100037,100,98117,100,100050,100,98100,100,100071,100,98051,100,100093,100,97853,100
2019-06-28 09:57:00.000000000,99074,547,99005,647,99331,100,98970,100,99574,100,98739,100,99585,100,98244,100,99971,11,98243,100,100034,100,98117,100,100037,100,98100,100,100050,100,98051,100,100071,100,97853,100,100093,100,,
2019-06-28 09:57:10.000000000,99074,324,99005,424,99331,324,98970,324,99574,100,98739,100,99585,100,98244,100,99971,11,98243,100,100034,100,98117,100,100037,100,98100,100,100050,100,98051,100,100071,100,97853,100,100093,100,,
2019-06-28 09:57:18.671517833,99074,224,99005,324,99331,324,98970,324,99574,100,98739,100,99585,100,98244,100,99971,11,98243,100,100034,100,98117,100,100037,100,98100,100,100050,100,98051,100,100071,100,97853,100,100093,100,,
2019-06-28 09:57:20.000000000,99331,212,99005,212,99574,212,98970,212,99585,212,98739,212,99971,123,98244,212,100034,100,98243,100,100037,100,98117,100,100050,100,98100,100,100071,100,98051,100,100093,100,97853,100,100134,100,,
2019-06-28 09:57:29.430000830,99331,212,99005,212,99574,212,98970,212,99585,212,98739,212,99971,123,98244,212,100034,100,98243,100,100037,100,98117,100,100050,100,98100,100,100071,100,98051,100,100089,100,97853,100,100093,100,,
2019-06-28 09:57:30.000000000,99331,547,99005,547,99574,100,98970,100,99585,100,98739,100,99971,11,98244,100,100034,100,98243,100,100037,100,98117,100,100050,100,98100,100,100071,100,98051,100,100089,100,97853,100,100093,100,,
2019-06-28 09:57:35.440195911,99331,547,99005,547,99574,100,98970,100,99585,100,98739,100,99971,11,98244,100,100034,100,98243,100,100037,100,98117,100,100050,100,98100,100,100067,100,98051,100,100071,100,97853,100,100089,100,,
2019-06-28 09:57:40.000000000,99331,252,99005,252,99574,248,98970,248,99585,248,98739,248,99971,11,98244,100,100034,100,98243,100,100037,100,98117,100,100050,100,98100,100,100067,100,98051,100,100071,100,97853,100,100089,100,,
2019-06-28 09:57:47.435828891,99331,252,99074,100,99574,248,99005,252,99585,248,98970,248,99971,11,98739,248,100034,100,98244,100,100037,100,98243,100,100050,100,98117,100,100067,100,98100,100,100071,100,98051,100,100089,100,97853,100
2019-06-28 09:57:49.179042240,99331,252,99074,100,99574,248,99005,252,99585,248,98970,248,99971,11,98739,248,100028,100,98244,100,100034,100,98243,100,100037,100,98117,100,100050,100,98100,100,100067,100,98051,100,100071,100,97853,100
2019-06-28 09:57:50.000000000,99331,547,99074,547,99574,100,99005,100,99585,100,98970,100,99971,11,98739,100,100028,100,98244,100,100034,100,98243,100,100037,100,98117,100,100050,100,98100,100,100067,100,98051,100,100071,100,97853,100
2019-06-28 09:58:00.000000000,99331,212,99074,212,99574,212,99005,212,99585,212,98970,212,99971,123,98739,212,100028,100,98244,100,100034,100,98243,100,100037,100,98117,100,100050,100,98100,100,100067,100,98051,100,100071,100,97853,100
2019-06-28 09:58:00.987150634,99331,212,99074,212,99574,212,99005,212,99585,212,98970,212,99971,123,98739,212,100028,100,98244,100,100034,100,98243,100,100037,100,98117,100,100050,100,98100,100,100067,100,98051,100,100071,100,97853,100
2019-06-28 09:58:01.943959107,99331,112,99074,212,99574,212,99005,212,99585,212,98970,212,99971,123,98739,212,100028,100,98244,100,100034,100,98243,100,100037,100,98117,100,100050,100,98100,100,100067,100,98051,100,100071,100,97853,100
2019-06-28 09:58:09.183978193,99331,112,99074,212,99574,212,99005,212,99585,212,98970,212,99971,123,98739,212,100028,100,98244,100,100034,100,98243,100,100037,100,98117,100,100050,200,98100,100,100067,100,98051,100,100071,100,97853,100
2019-06-28 09:58:10.000000000,99574,212,99074,212,99585,212,99005,212,99971,123,98970,212,100028,212,98739,212,100034,100,98244,100,100037,100,98243,100,100050,200,98117,100,100067,100,98100,100,100071,100,98051,100,100089,100,97853,100
2019-06-28 09:58:20.000000000,99574,547,99074,547,99585,100,99005,100,99971,11,98970,100,100028,100,98739,100,100034,100,98244,100,100037,100,98243,100,100050,200,98117,100,100067,100,98100,100,100071,100,98051,100,100089,100,97853,100
2019-06-28 09:58:30.000000000,99574,212,99074,212,99585,212,99005,212,99971,123,98970,212,100028,212,98739,212,100034,100,98244,100,100037,100,98243,100,100050,200,98117,100,100067,100,98100,100,100071,100,98051,100,100089,100,97853,100
2019-06-28 09:58:30.171713002,99574,112,99074,212,99585,212,99005,212,99971,123,98970,212,100028,212,98739,212,100034,100,98244,100,100037,100,98243,100,100050,200,98117,100,100067,100,98100,100,100071,100,98051,100,100089,100,97853,100
2019-06-28 09:58:40.000000000,99585,212,99074,212,99971,123,99005,212,100028,212,98970,212,100034,212,98739,212,100037,100,98244,100,100050,200,98243,100,100067,100,98117,100,100071,100,98100,100,100089,100,98051,100,100093,100,97853,100
2019-06-28 09:58:50.000000000,99585,252,99074,252,99971,159,99005,248,100028,248,98970,248,100034,100,98739,100,100037,100,98244,100,100050,200,98243,100,100067,100,98117,100,100071,100,98100,100,100089,100,98051,100,100093,100,97853,100
2019-06-28 09:59:00.000000000,99585,189,99074,189,99971,100,99005,189,100028,189,98970,189,100034,189,98739,189,100037,189,98244,189,100050,200,98243,100,100067,100,98117,100,100071,100,98100,100,100089,100,98051,100,100093,100,97853,100
2019-06-28 09:59:10.000000000,99585,212,99074,212,99971,123,99005,212,100028,212,98970,212,100034,212,98739,212,100037,100,98244,100,100050,200,98243,100,100067,100,98117,100,100071,100,98100,100,100089,100,98051,100,100093,100,97853,100
2019-06-28 09:59:12.871912809,99585,112,99074,212,99971,123,99005,212,100028,212,98970,212,100034,212,98739,212,100037,100,98244,100,100050,100,98243,100,100067,100,98117,100,100071,100,98100,100,100089,100,98051,100,100093,100,97853,100
2019-06-28 09:59:20.000000000,99971,163,99074,252,100028,248,99005,248,100034,248,98970,248,100037,100,98739,100,100050,100,98244,100,100067,100,98243,100,100071,100,98117,100,100089,100,98100,100,100093,100,98051,100,100096,100,97853,100
2019-06-28 09:59:30.000000000,99971,163,99074,252,100028,248,99005,248,100034,248,98970,248,100037,100,98739,100,100050,100,98244,100,100067,100,98243,100,100071,100,98117,100,100089,100,98100,100,100093,100,98051,100,100096,100,97853,100
2019-06-28 09:59:38.453344799,99971,163,99074,252,100028,248,99005,248,100034,248,98970,248,100037,100,98739,100,100050,100,98244,100,100067,100,98243,100,100071,100,98117,100,100089,100,98100,100,100093,100,98051,100,100096,100,97853,100
2019-06-28 09:59:40.000000000,99971,100,99074,189,100028,189,99005,189,100034,189,98970,189,100037,189,98739,189,100050,189,98244,189,100067,100,98243,100,100071,100,98117,100,100089,100,98100,100,100093,100,98051,100,100096,100,97853,100
2019-06-28 09:59:50.000000000,99971,123,99074,212,100028,212,99005,212,100034,212,98970,212,100037,212,98739,212,100050,100,98244,100,100067,100,98243,100,100071,100,98117,100,100089,100,98100,100,100093,100,98051,100,100096,100,97853,100
2019-06-28 10:00:00.000000000,99971,235,99074,324,100028,324,99005,324,100034,100,98970,100,100037,100,98739,100,100050,100,98244,100,100067,100,98243,100,100071,100,98117,100,100089,100,98100,100,100093,100,98051,100,100096,100,97853,100
2019-06-28 10:00:10.000000000,99971,458,99074,547,100028,100,99005,100,100034,100,98970,100,100037,100,98739,100,100050,100,98244,100,100067,100,98243,100,100071,100,98117,100,100089,100,98100,100,100093,100,98051,100,100096,100,97853,100
2019-06-28 10:00:20.000000000,99971,458,99074,547,100028,100,99005,100,100034,100,98970,100,100037,100,98739,100,100050,100,98244,100,100067,100,98243,100,100071,100,98117,100,100089,100,98100,100,100093,100,98051,100,100096,100,97853,100
2019-06-28 10:00:26.063781091,99971,358,99074,547,100028,100,99005,100,100034,100,98970,100,100037,100,98739,100,100050,100,98244,100,100067,100,98243,100,100071,100,98117,100,100089,100,98100,100,100093,100,98051,100,100134,100,97853,100
2019-06-28 10:00:30.000000000,100028,324,99074,324,100034,324,99005,324,100037,100,98970,100,100050,100,98739,100,100067,100,98244,100,100071,100,98243,100,100089,100,98117,100,100093,100,98100,100,100134,100,98051,100,100152,100,97853,100
2019-06-28 10:00:33.635857644,100028,324,99074,324,100034,324,99005,324,100037,100,98970,100,100050,100,98739,100,100067,100,98244,100,100071,100,98243,100,100089,100,98117,100,100093,100,98100,100,100134,100,98051,100,100152,100,97853,100
2019-06-28 10:00:37.690474073,100028,324,99585,100,100034,324,99074,224,100037,100,99005,324,100050,100,98970,100,100067,100,98739,100,100071,100,98244,100,100089,100,98243,100,100093,100,98117,100,100134,100,98100,100,100152,100,98051,100
2019-06-28 10:00:40.000000000,100028,252,99585,252,100034,248,99005,248,100037,248,98970,248,100050,100,98739,100,100067,100,98244,100,100071,100,98243,100,100089,100,98117,100,100093,100,98100,100,100134,100,98051,100,100152,100,97853,100
2019-06-28 10:00:41.286844068,100028,252,99585,252,100034,248,99005,248,100037,248,98970,248,100050,100,98739,100,100067,100,98244,100,100071,100,98117,100,100089,100,98100,100,100093,100,98051,100,100134,100,97853,100,100152,100,,
2019-06-28 10:00:50.000000000,100028,212,99585,212,100034,212,99005,212,100037,212,98970,212,100050,212,98739,212,100067,100,98244,100,100071,100,98117,100,100089,100,98100,100,100093,100,98051,100,100134,100,97853,100,100152,100,,
2019-06-28 10:01:00.000000000,100028,189,99585,189,100034,189,99005,189,100037,189,98970,189,100050,189,98739,189,100067,189,98244,189,100071,100,98117,100,100089,100,98100,100,100093,100,98051,100,100134,100,97853,100,100152,100,,
2019-06-28 10:01:10.000000000,100028,212,99585,212,100034,212,99005,212,100037,212,98970,212,100050,212,98739,212,100067,100,98244,100,100071,100,98117,100,100089,100,98100,100,100093,100,98051,100,100134,100,97853,100,100152,100,,
2019-06-28 10:01:20.000000000,100028,547,99585,547,100034,100,99005,100,100037,100,98970,100,100050,100,98739,100,100067,100,98244,100,100071,100,98117,100,100089,100,98100,100,100093,100,98051,100,100134,100,97853,100,100152,100,,
2019-06-28 10:01:30.000000000,100028,252,99585,252,100034,248,99005,248,100037,248,98970,248,100050,100,98739,100,100067,100,98244,100,100071,100,98117,100,100089,100,98100,100,100093,100,98051,100,100134,100,97853,100,100152,100,,
2019-06-28 10:01:40.000000000,100028,189,99585,189,100034,189,99005,189,100037,189,98970,189,100050,189,98739,189,100067,189,98244,189,100071,100,98117,100,100089,100,98100,100,100093,100,98051,100,100134,100,97853,100,100152,100,,
2019-06-28 10:01:49.782593801,100028,89,99585,189,100034,189,99005,189,100037,189,98970,189,100050,189,98739,189,100067,189,98244,189,100071,100,98117,100,100089,100,98100,100,100093,100,98051,100,100134,100,97853,100,100152,100,,
2019-06-28 10:01:50.000000000,100034,324,99585,324,100037,324,99005,324,100050,100,98970,100,100067,100,98739,100,100071,100,98244,100,100089,100,98117,100,100093,100,98100,100,100134,100,98051,100,100152,100,97853,100,100387,100,,
2019-06-28 10:02:00.000000000,100034,212,99585,212,100037,212,99005,212,100050,212,98970,212,100067,212,98739,212,100071,100,98244,100,100089,100,98117,100,100093,100,98100,100,100134,100,98051,100,100152,100,97853,100,100387,100,,
2019-06-28 10:02:04.494989269,100034,112,99585,212,100037,212,99005,212,100050,212,98970,212,100067,212,98739,212,100071,100,98244,100,100089,100,98117,100,100093,100,98100,100,100134,100,98051,100,100152,100,97853,100,100387,100,,
2019-06-28 10:02:10.000000000,100037,189,99585,189,100050,189,99005,189,100067,189,98970,189,100071,189,98739,189,100089,189,98244,189,100093,100,98117,100,100134,100,98100,100,100152,100,98051,100,100387,100,97853,100,100638,100,,
2019-06-28 10:02:20.000000000,100037,189,99585,189,100050,189,99005,189,100067,189,98970,189,100071,189,98739,189,100089,189,98244,189,100093,100,98117,100,100134,100,98100,100,100152,100,98051,100,100387,100,97853,100,100638,100,,
2019-06-28 10:02:30.000000000,100037,324,99585,324,100050,324,99005,324,100067,100,98970,100,100071,100,98739,100,100089,100,98244,100,100093,100,98117,100,100134,100,98100,100,100152,100,98051,100,100387,100,97853,100,100638,100,,
2019-06-28 10:02:40.000000000,100037,252,99585,252,100050,248,99005,248,100067,248,98970,248,100071,100,98739,100,100089,100,98244,100,100093,100,98117,100,100134,100,98100,100,100152,100,98051,100,100387,100,97853,100,100638,100,,
2019-06-28 10:02:50.000000000,100037,547,99585,547,100050,100,99005,100,100067,100,98970,100,100071,100,98739,100,100089,100,98244,100,100093,100,98117,100,100134,100,98100,100,100152,100,98051,100,100387,100,97853,100,100638,100,,
2019-06-28 10:03:00.000000000,100037,252,99585,252,100050,248,99005,248,100067,248,98970,248,100071,100,98739,100,100089,100,98244,100,100093,100,98117,100,100134,100,98100,100,100152,100,98051,100,100387,100,97853,100,100638,100,,
2019-06-28 10:03:08.406739042,100037,152,99585,252,100050,248,99005,248,100067,248,98970,248,100071,100,98739,100,100089,100,98244,100,100093,100,98117,100,100134,100,98100,100,100152,100,98051,100,100387,100,97853,100,100638,100,,
2019-06-28 10:03:08.542315906,100037,152,99585,152,100050,248,99005,248,100067,248,98970,248,100071,100,98739,100,100089,100,98244,100,100093,100,98117,100,100134,100,98100,100,100152,100,98051,100,100387,100,97853,100,100638,100,,
2019-06-28 10:03:10.000000000,100050,547,99005,547,100067,100,98970,100,100071,100,98739,100,100089,100,98244,100,100093,100,98117,100,100134,100,98100,100,100152,100,98051,100,100387,100,97853,100,100638,100,,,100789,100,,
2019-06-28 10:03:20.000000000,100050,212,99005,212,100067,212,98970,212,100071,212,98739,212,100089,212,98244,212,100093,100,98117,100,100134,100,98100,100,100152,100,98051,100,100387,100,97853,100,100638,100,,,100789,100,,
2019-06-28 10:03:30.000000000,100050,324,99005,324,100067,324,98970,324,100071,100,98739,100,100089,100,98244,100,100093,100,98117,100,100134,100,98100,100,100152,100,98051,100,100387,100,97853,100,100638,100,,,100789,100,,
2019-06-28 10:03:40.000000000,100050,252,99005,252,100067,248,98970,248,100071,248,98739,248,100089,100,98244,100,100093,100,98117,100,100134,100,98100,100,100152,100,98051,100,100387,100,97853,100,100638,100,,,100789,100,,
2019-06-28 10:03:41.403239805,100050,252,99005,252,100067,248,98970,248,100071,248,98739,248,100089,100,98244,100,100093,100,98117,100,100134,100,98100,100,100152,100,98051,100,100387,100,97853,100,100638,100,,,100692,100,,
2019-06-28 10:03:42.081182194,100050,252,99005,252,100067,248,98970,248,100071,248,98739,248,100089,100,98244,100,100093,100,98117,100,100134,100,98100,100,100152,100,98051,100,100387,100,97853,100,100638,100,,,100692,100,,
2019-06-28 10:03:47.137371151,100050,152,99005,252,100067,248,98970,248,100071,248,98739,248,100089,100,98244,100,100093,100,98117,100,100134,100,98100,100,100152,100,98051,100,100387,100,97853,100,100638,100,,,100692,100,,
2019-06-28 10:03:50.000000000,100067,252,99005,252,100071,248,98970,248,100089,248,98739,248,100093,100,98244,100,100134,100,98117,100,100152,100,98100,100,100387,100,98051,100,100638,100,97853,100,100692,100,,,100789,100,,
2019-06-28 10:04:00.000000000,100067,547,99005,547,100071,100,98970,100,100089,100,98739,100,100093,100,98244,100,100134,100,98117,100,100152,100,98100,100,100387,100,98051,100,100638,100,97853,100,100692,100,,,100789,100,,
2019-06-28 10:04:10.000000000,100067,212,99005,212,100071,212,98970,212,100089,212,98739,212,100093,212,98244,212,100134,100,98117,100,100152,100,98100,100,100387,100,98051,100,100638,100,97853,100,100692,100,,,100789,100,,
2019-06-28 10:04:14.830286510,100067,112,99005,212,100071,212,98970,212,100089,212,98739,212,100093,212,98244,212,100134,100,98117,100,100152,100,98100,100,100387,100,98051,100,100638,100,97853,100,100692,100,,,100789,100,,
2019-06-28 10:04:20.000000000,100071,252,99005,252,100089,248,98970,248,100093,248,98739,248,100134,100,98244,100,100152,100,98117,100,100387,100,98100,100,100638,100,98051,100,100692,100,97853,100,100789,100,,,100914,100,,
2019-06-28 10:04:30.000000000,100071,189,99005,189,100089,189,98970,189,100093,189,98739,189,100134,189,98244,189,100152,189,98117,189,100387,100,98100,100,100638,100,98051,100,100692,100,97853,100,100789,100,,,100914,100,,
2019-06-28 10:04:40.000000000,100071,252,99005,252,100089,248,98970,248,100093,248,98739,248,100134,100,98244,100,100152,100,98117,100,100387,100,98100,100,100638,100,98051,100,100692,100,97853,100,100789,100,,,100914,100,,
2019-06-28 10:04:46.357164211,100071,152,99005,252,100089,248,98970,248,100093,248,98739,248,100134,100,98244,100,100152,100,98117,100,100387,100,98100,100,100638,100,98051,100,100692,100,97853,100,100789,100,,,100914,100,,
2019-06-28 10:04:50.000000000,100089,189,99005,189,100093,189,98970,189,100134,189,98739,189,100152,189,98244,189,100387,189,98117,189,100638,100,98100,100,100692,100,98051,100,100789,100,97853,100,100914,100,,,,,,
2019-06-28 10:04:50.852140515,100089,189,99005,189,100093,189,98970,189,100134,189,98739,189,100152,189,98244,189,100387,189,98117,189,100638,100,98100,100,100692,100,98051,100,100789,100,97853,100,100914,100,,,101123,100,,
2019-06-28 10:05:00.000000000,100089,547,99005,547,100093,100,98970,100,100134,100,98739,100,100152,100,98244,100,100387,100,98117,100,100638,100,98100,100,100692,100,98051,100,100789,100,97853,100,100914,100,,,101123,100,,
2019-06-28 10:05:10.000000000,100089,189,99005,189,100093,189,98970,189,100134,189,98739,189,100152,189,98244,189,100387,189,98117,189,100638,100,98100,100,100692,100,98051,100,100789,100,97853,100,100914,100,,,101123,100,,
2019-06-28 10:05:15.379460552,100089,189,99005,189,100093,189,98970,189,100134,189,98739,189,100152,189,98244,189,100387,189,98117,189,100638,100,98100,100,100692,100,98051,100,100739,100,97853,100,100789,100,,,100914,100,,
2019-06-28 10:05:20.000000000,100089,252,99005,252,100093,248,98970,248,100134,248,98739,248,100152,100,98244,100,100387,100,98117,100,100638,100,98100,100,100692,100,98051,100,100739,100,97853,100,100789,100,,,100914,100,,
2019-06-28 10:05:20.331412040,100089,152,99005,252,100093,248,98970,248,100134,248,98739,248,100152,100,98244,100,100387,100,98117,100,100638,100,98100,100,100692,100,98051,100,100739,100,97853,100,100789,100,,,100914,100,,
2019-06-28 10:05:28.708119714,100089,52,99005,252,100093,248,98970,248,100134,248,98739,248,100152,100,98244,100,100387,100,98117,100,100638,100,98100,100,100692,100,98051,100,100739,100,97853,100,100789,100,,,100914,100,,
2019-06-28 10:05:30.000000000,100093,547,99005,547,100134,100,98970,100,100152,100,98739,100,100387,100,98244,100,100638,100,98117,100,100692,100,98100,100,100739,100,98051,100,100789,100,97853,100,100914,100,,,101123,100,,
2019-06-28 10:05:31.170486743,100093,447,99005,547,100134,100,98970,100,100152,100,98739,100,100387,100,98244,100,100638,100,98117,100,100739,100,98100,100,100789,100,98051,100,100914,100,97853,100,101123,100,,,,,,
2019-06-28 10:05:40.000000000,100134,212,99005,212,100152,212,98970,212,100387,212,98739,212,100638,212,98244,212,100739,100,98117,100,100789,100,98100,100,100914,100,98051,100,101123,100,97853,100,,,,,,,,
2019-06-28 10:05:45.533944252,100134,212,100089,100,100152,212,99005,212,100387,212,98970,212,100638,212,98739,212,100739,100,98244,212,100789,100,98117,100,100914,100,98100,100,101123,100,98051,100,,,97853,100,,,,
2019-06-28 10:05:50.000000000,100134,324,100089,324,100152,324,99005,324,100387,100,98970,100,100638,100,98739,100,100739,100,98244,100,100789,100,98117,100,100914,100,98100,100,101123,100,98051,100,,,97853,100,,,,
2019-06-28 10:05:51.825876153,100134,324,100089,324,100152,324,99005,324,100387,100,98970,100,100638,100,98739,100,100726,100,98244,100,100739,100,98117,100,100789,100,98100,100,100914,100,98051,100,101123,100,97853,100,,,,
2019-06-28 10:05:55.231471482,100134,224,100089,324,100152,324,99005,324,100387,100,98970,100,100638,100,98739,100,100726,100,98244,100,100739,100,98117,100,100789,100,98100,100,100914,100,98051,100,101123,100,97853,100,,,,
2019-06-28 10:05:57.632700589,100134,224,100093,100,100152,324,100089,324,100387,100,99005,324,100638,100,98970,100,100726,100,98739,100,100739,100,98244,100,100789,100,98117,100,100914,100,98100,100,101123,100,98051,100,,,97853,100
2019-06-28 10:06:00.000000000,100152,212,100093,212,100387,212,100089,212,100638,212,99005,212,100726,212,98970,212,100739,100,98739,100,100789,100,98244,100,100914,100,98117,100,101123,100,98100,100,,,98051,100,,,97853,100
2019-06-28 10:06:07.126105664,100152,112,100093,212,100387,212,100089,212,100638,212,99005,212,100726,212,98970,212,100739,100,98739,100,100789,100,98244,100,100914,100,98117,100,101123,100,98100,100,,,98051,100,,,97853,100
2019-06-28 10:06:10.000000000,100387,547,100093,547,100638,100,100089,100,100726,100,99005,100,100739,100,98970,100,100789,100,98739,100,100914,100,98244,100,101123,100,98117,100,,,98100,100,,,98051,100,,,97853,100
2019-06-28 10:06:14.679393907,100387,547,100093,547,100638,100,100089,100,100657,100,99005,100,100726,100,98970,100,100739,100,98739,100,100789,100,98244,100,100914,100,98117,100,101123,100,98100,100,,,98051,100,,,97853,100
2019-06-28 10:06:20.000000000,100387,252,100093,252,100638,248,100089,248,100657,248,99005,248,100726,100,98970,100,100739,100,98739,100,100789,100,98244,100,100914,100,98117,100,101123,100,98100,100,,,98051,100,,,97853,100
2019-06-28 10:06:27.698198723,100387,152,100093,252,100638,248,100089,248,100657,248,99005,248,100726,100,98970,100,100739,100,98739,100,100789,100,98244,100,100914,100,98117,100,101123,100,98100,100,,,98051,100,,,97853,100
2019-06-28 10:06:30.000000000,100638,212,100093,212,100657,212,100089,212,100726,212,99005,212,100739,212,98970,212,100789,100,98739,100,100914,100,98244,100,101123,100,98117,100,,,98100,100,,,98051,100,,,97853,100
2019-06-28 10:06:40.000000000,100638,252,100093,252,100657,248,100089,248,100726,248,99005,248,100739,100,98970,100,100789,100,98739,100,100914,100,98244,100,101123,100,98117,100,,,98100,100,,,98051,100,,,97853,100
2019-06-28 10:06:47.711452025,100441,100,100093,252,100638,152,100089,248,100657,248,99005,248,100726,248,98970,100,100739,100,98739,100,100789,100,98244,100,100914,100,98117,100,101123,100,98100,100,,,98051,100,,,97853,100
2019-06-28 10:06:50.000000000,100441,324,100093,324,100657,324,100089,324,100726,100,99005,100,100739,100,98970,100,100789,100,98739,100,100914,100,98244,100,101123,100,98117,100,,,98100,100,,,98051,100,,,97853,100
2019-06-28 10:06:51.512714457,100441,224,100093,324,100657,324,100089,324,100726,100,99005,100,100739,100,98970,100,100789,100,98739,100,100914,100,98244,100,101123,100,98117,100,,,98100,100,,,98051,100,,,97853,100
2019-06-28 10:06:55.382817220,100441,224,100093,324,100483,100,100089,324,100657,324,99005,100,100726,100,98970,100,100739,100,98739,100,100789,100,98244,100,100914,100,98117,100,101123,100,98100,100,,,98051,100,,,97853,100
2019-06-28 10:07:00.000000000,100483,212,100093,212,100657,212,100089,212,100726,212,99005,212,100739,212,98970,212,100789,100,98739,100,100914,100,98244,100,101123,100,98117,100,,,98100,100,,,98051,100,,,97853,100
2019-06-28 10:07:10.000000000,100483,189,100093,189,100657,189,100089,189,100726,189,99005,189,100739,189,98970,189,100789,189,98739,189,100914,100,98244,100,101123,100,98117,100,,,98100,100,,,98051,100,,,97853,100
2019-06-28 10:07:16.549083003,100312,100,100093,189,100483,189,100089,189,100657,189,99005,189,100726,189,98970,189,100739,189,98739,189,100789,189,98244,100,100914,100,98117,100,101123,100,98100,100,,,98051,100,,,97853,100
2019-06-28 10:07:20.000000000,100312,547,100093,547,100483,100,100089,100,100657,100,99005,100,100726,100,98970,100,100739,100,98739,100,100789,100,98244,100,100914,100,98117,100,101123,100,98100,100,,,98051,100,,,97853,100
2019-06-28 10:07:24.481736489,100312,547,100182,100,100483,100,100093,547,100657,100,100089,100,100726,100,99005,100,100739,100,98970,100,100789,100,98739,100,100914,100,98244,100,101123,100,98117,100,,,98100,100,,,98051,100
2019-06-28 10:07:28.975328964,100312,547,100182,100,100483,100,100093,547,100560,100,100089,100,100657,100,99005,100,100726,100,98970,100,100739,100,98739,100,100789,100,98244,100,101123,100,98117,100,,,98100,100,,,98051,100
2019-06-28 10:07:30.000000000,100312,212,100182,212,100483,212,100093,212,100560,212,100089,212,100657,212,99005,212,100726,100,98970,100,100739,100,98739,100,100789,100,98244,100,101123,100,98117,100,,,98100,100,,,98051,100
2019-06-28 10:07:30.588952153,100312,112,100182,212,100402,100,100093,212,100483,212,100089,212,100560,212,99005,212,100657,212,98970,100,100726,100,98739,100,100739,100,98244,100,100789,100,98117,100,101123,100,98100,100,,,98051,100
2019-06-28 10:07:38.341777884,100312,12,100182,212,100402,100,100093,212,100483,212,100089,212,100560,212,99005,212,100657,212,98970,100,100726,100,98739,100,100739,100,98244,100,100789,100,98117,100,101123,100,98100,100,,,98051,100
2019-06-28 10:07:40.000000000,100402,189,100182,189,100483,189,100093,189,100560,189,100089,189,100657,189,99005,189,100726,189,98970,189,100739,100,98739,100,100789,100,98244,100,101123,100,98117,100,,,98100,100,,,98051,100
2019-06-28 10:07:44.732582269,100402,189,100182,89,100483,189,100093,189,100560,189,100089,189,100657,189,100056,100,100726,189,99005,189,100739,100,98970,189,100789,100,98739,100,101123,100,98244,100,,,98117,100,,,98100,100
2019-06-28 10:07:50.000000000,100402,324,100093,324,100483,324,100089,324,100560,100,100056,100,100657,100,99005,100,100726,100,98970,100,100739,100,98739,100,100789,100,98244,100,101123,100,98117,100,,,98100,100,,,98051,100
2019-06-28 10:07:53.836032143,100402,324,100207,100,100483,324,100093,324,100560,100,100089,324,100657,100,100056,100,100726,100,99005,100,100739,100,98970,100,100789,100,98739,100,101123,100,98244,100,,,98117,100,,,98100,100
2019-06-28 10:07:56.900065174,100343,100,100207,100,100402,324,100093,324,100483,324,100089,324,100560,100,100056,100,100657,100,99005,100,100726,100,98970,100,100739,100,98739,100,100789,100,98244,100,101123,100,98117,100,,,98100,100
2019-06-28 10:07:57.236186065,100343,100,100330,100,100402,324,100207,100,100483,324,100093,324,100560,100,100089,324,100657,100,100056,100,100726,100,99005,100,100739,100,98970,100,100789,100,98739,100,101123,100,98244,100,,,98117,100
2019-06-28 10:08:00.000000000,100343,547,100330,547,100402,100,100207,100,100483,100,100093,100,100560,100,100089,100,100657,100,100056,100,100726,100,99005,100,100739,100,98970,100,100789,100,98739,100,101123,100,98244,100,,,98117,100
2019-06-28 10:08:10.000000000,100343,212,100330,212,100402,212,100207,212,100483,212,100093,212,100560,212,100089,212,100657,100,100056,100,100726,100,99005,100,100739,100,98970,100,100789,100,98739,100,101123,100,98244,100,,,98117,100
2019-06-28 10:08:19.826225320,100343,212,100330,112,100402,212,100207,212,100483,212,100093,212,100560,212,100089,212,100657,100,100056,100,100726,100,99005,100,100739,100,98970,100,100789,100,98739,100,101123,100,98244,100,,,98117,100
2019-06-28 10:08:20.000000000,100343,212,100207,212,100402,212,100093,212,100483,212,100089,212,100560,212,100056,212,100657,100,99005,100,100726,100,98970,100,100739,100,98739,100,100789,100,98244,100,101123,100,98117,100,,,98100,100
2019-06-28 10:08:23.133224476,100343,212,100207,212,100402,212,100177,100,100483,212,100093,212,100560,212,100089,212,100657,100,100056,212,100726,100,99005,100,100739,100,98970,100,100789,100,98739,100,101123,100,98244,100,,,98117,100
2019-06-28 10:08:30.000000000,100343,547,100207,547,100402,100,100177,100,100483,100,100093,100,100560,100,100089,100,100657,100,100056,100,100726,100,99005,100,100739,100,98970,100,100789,100,98739,100,101123,100,98244,100,,,98117,100
2019-06-28 10:08:40.000000000,100343,189,100207,189,100402,189,100177,189,100483,189,100093,189,100560,189,100089,189,100657,189,100056,189,100726,100,99005,100,100739,100,98970,100,100789,100,98739,100,101123,100,98244,100,,,98117,100
2019-06-28 10:08:44.628264443,100343,189,100207,189,100402,189,100177,189,100483,189,100093,189,100560,189,100089,189,100657,189,100056,189,100726,100,100018,100,100739,100,99005,100,100789,100,98970,100,101123,100,98739,100,,,98244,100
2019-06-28 10:08:47.366362960,100343,189,100207,189,100402,189,100177,189,100483,189,100093,189,100560,189,100089,189,100657,189,100056,189,100726,100,100028,100,100739,100,100018,100,100789,100,99005,100,101123,100,98970,100,,,98739,100
2019-06-28 10:08:50.000000000,100343,547,100207,547,100402,100,100177,100,100483,100,100093,100,100560,100,100089,100,100657,100,100056,100,100726,100,100028,100,100739,100,100018,100,100789,100,99005,100,101123,100,98970,100,,,98739,100
2019-06-28 10:09:00.000000000,100343,252,100207,252,100402,248,100177,248,100483,248,100093,248,100560,100,100089,100,100657,100,100056,100,100726,100,100028,100,100739,100,100018,100,100789,100,99005,100,101123,100,98970,100,,,98739,100
2019-06-28 10:09:10.000000000,100343,212,100207,212,100402,212,100177,212,100483,212,100093,212,100560,212,100089,212,100657,100,100056,100,100726,100,100028,100,100739,100,100018,100,100789,100,99005,100,101123,100,98970,100,,,98739,100
2019-06-28 10:09:20.000000000,100343,189,100207,189,100402,189,100177,189,100483,189,100093,189,100560,189,100089,189,100657,189,100056,189,100726,100,100028,100,100739,100,100018,100,100789,100,99005,100,101123,100,98970,100,,,98739,100
2019-06-28 10:09:30.000000000,100343,547,100207,547,100402,100,100177,100,100483,100,100093,100,100560,100,100089,100,100657,100,100056,100,100726,100,100028,100,100739,100,100018,100,100789,100,99005,100,101123,100,98970,100,,,98739,100
2019-06-28 10:09:38.172121773,100343,547,100207,447,100402,100,100177,100,100483,100,100093,100,100560,100,100089,100,100657,100,100056,100,100726,100,100028,100,100789,100,100018,100,101123,100,99005,100,,,98970,100,,,98739,100
2019-06-28 10:09:40.000000000,100343,324,100177,324,100402,324,100093,324,100483,100,100089,100,100560,100,100056,100,100657,100,100028,100,100726,100,100018,100,100789,100,99005,100,101123,100,98970,100,,,98739,100,,,98244,100
2019-06-28 10:09:48.504825916,100343,324,100177,324,100402,324,100093,324,100560,100,100089,100,100657,100,100056,100,100726,100,100028,100,100789,100,100018,100,101123,100,99326,100,,,99005,100,,,98970,100,,,98739,100
2019-06-28 10:09:50.000000000,100343,212,100177,212,100402,212,100093,212,100560,212,100089,212,100657,212,100056,212,100726,100,100028,100,100789,100,100018,100,101123,100,99326,100,,,99005,100,,,98970,100,,,98739,100
2019-06-28 10:10:00.000000000,100343,324,100177,324,100402,324,100093,324,100560,100,100089,100,100657,100,100056,100,100726,100,100028,100,100789,100,100018,100,101123,100,99326,100,,,99005,100,,,98970,100,,,98739,100
2019-06-28 10:10:10.000000000,100343,547,100177,547,100402,100,100093,100,100560,100,100089,100,100657,100,100056,100,100726,100,100028,100,100789,100,100018,100,101123,100,99326,100,,,99005,100,,,98970,100,,,98739,100
2019-06-28 10:10:15.943437461,100343,547,100177,447,100402,100,100093,100,100560,100,100089,100,100657,100,100056,100,100726,100,100028,100,100789,100,100018,100,101123,100,99326,100,,,99005,100,,,98970,100,,,98739,100
2019-06-28 10:10:20.000000000,100343,189,100093,189,100402,189,100089,189,100560,189,100056,189,100657,189,100028,189,100726,189,100018,189,100789,100,99326,100,101123,100,99005,100,,,98970,100,,,98739,100,,,98244,100
2019-06-28 10:10:24.154408859,100343,189,100093,189,100402,189,100089,189,100560,189,100056,189,100657,189,100028,189,100726,189,100018,189,100789,100,99441,100,101123,100,99326,100,,,99005,100,,,98970,100,,,98739,100
2019-06-28 10:10:30.000000000,100343,324,100093,324,100402,324,100089,324,100560,100,100056,100,100657,100,100028,100,100726,100,100018,100,100789,100,99441,100,101123,100,99326,100,,,99005,100,,,98970,100,,,98739,100
2019-06-28 10:10:40.000000000,100343,189,100093,189,100402,189,100089,189,100560,189,100056,189,100657,189,100028,189,100726,189,100018,189,100789,100,99441,100,101123,100,99326,100,,,99005,100,,,98970,100,,,98739,100
2019-06-28 10:10:50.000000000,100343,547,100093,547,100402,100,100089,100,100560,100,100056,100,100657,100,100028,100,100726,100,100018,100,100789,100,99441,100,101123,100,99326,100,,,99005,100,,,98970,100,,,98739,100
2019-06-28 10:10:56.801057108,100207,100,100093,547,100343,547,100089,100,100402,100,100056,100,100560,100,100028,100,100657,100,100018,100,100726,100,99441,100,100789,100,99326,100,101123,100,99005,100,,,98970,100,,,98739,100
2019-06-28 10:11:00.000000000,100207,324,100093,324,100343,324,100089,324,100402,100,100056,100,100560,100,100028,100,100657,100,100018,100,100726,100,99441,100,100789,100,99326,100,101123,100,99005,100,,,98970,100,,,98739,100
2019-06-28 10:11:10.000000000,100207,547,100093,547,100343,100,100089,100,100402,100,100056,100,100560,100,100028,100,100657,100,100018,100,100726,100,99441,100,100789,100,99326,100,101123,100,99005,100,,,98970,100,,,98739,100
2019-06-28 10:11:20.000000000,100207,324,100093,324,100343,324,100089,324,100402,100,100056,100,100560,100,100028,100,100657,100,100018,100,100726,100,99441,100,100789,100,99326,100,101123,100,99005,100,,,98970,100,,,98739,100
2019-06-28 10:11:27.616761695,100207,324,100093,224,100343,324,100089,324,100402,100,100056,100,100560,100,100028,100,100657,100,100018,100,100726,100,99441,100,100789,100,99326,100,101123,100,99005,100,,,98970,100,,,98739,100
2019-06-28 10:11:30.000000000,100207,324,100089,324,100343,324,100056,324,100402,100,100028,100,100560,100,100018,100,100657,100,99441,100,100726,100,99326,100,100789,100,99005,100,101123,100,98970,100,,,98739,100,,,98244,100
2019-06-28 10:11:30.404488671,100207,324,100089,224,100343,324,100056,324,100402,100,100028,100,100560,100,100018,100,100657,100,99441,100,100726,100,99326,100,100789,100,99005,100,101123,100,98970,100,,,98739,100,,,98244,100
2019-06-28 10:11:40.000000000,100207,324,100056,324,100343,324,100028,324,100402,100,100018,100,100560,100,99441,100,100657,100,99326,100,100726,100,99005,100,100789,100,98970,100,101123,100,98739,100,,,98244,100,,,98117,100
2019-06-28 10:11:50.000000000,100207,547,100056,547,100343,100,100028,100,100402,100,100018,100,100560,100,99441,100,100657,100,99326,100,100726,100,99005,100,100789,100,98970,100,101123,100,98739,100,,,98244,100,,,98117,100
