,ask_price_1,ask_size_1,bid_price_1,bid_size_1,ask_price_2,ask_size_2,bid_price_2,bid_size_2,ask_price_3,ask_size_3,bid_price_3,bid_size_3,ask_price_4,ask_size_4,bid_price_4,bid_size_4,ask_price_5,ask_size_5,bid_price_5,bid_size_5,ask_price_6,ask_size_6,bid_price_6,bid_size_6,ask_price_7,ask_size_7,bid_price_7,bid_size_7,ask_price_8,ask_size_8,bid_price_8,bid_size_8,ask_price_9,ask_size_9,bid_price_9,bid_size_9,ask_price_10,ask_size_10,bid_price_10,bid_size_10
2019-06-28 09:30:00.000000002,99927,100,,,100090,100,,,100109,100,,,,,,,,,,,,,,,,,,,,,,,,,,,,,,
2019-06-28 09:30:00.000000003,100090,100,,,100109,100,,,,,,,,,,,,,,,,,,,,,,,,,,,,,,,,,,
2019-06-28 09:30:00.000000004,100090,100,100070,100,100109,100,99933,100,,,,,,,,,,,,,,,,,,,,,,,,,,,,,,,,
2019-06-28 09:30:00.000000007,100090,100,99933,100,100109,100,,,,,,,,,,,,,,,,,,,,,,,,,,,,,,,,,,
2019-06-28 09:30:00.000000008,100090,100,99933,100,100109,100,,,100120,100,,,,,,,,,,,,,,,,,,,,,,,,,,,,,,
2019-06-28 09:30:00.000000009,100090,100,99933,100,100109,100,,,100120,100,,,100206,100,,,,,,,,,,,,,,,,,,,,,,,,,,
2019-06-28 09:30:00.000000012,100070,100,99933,100,100090,100,,,100109,100,,,100120,100,,,100206,100,,,,,,,,,,,,,,,,,,,,,,
2019-06-28 09:30:00.000000013,100070,200,99933,100,100090,100,,,100109,100,,,100120,100,,,100206,100,,,,,,,,,,,,,,,,,,,,,,
2019-06-28 09:30:00.000000014,100070,200,99934,100,100090,100,99933,100,100109,100,,,100120,100,,,100206,100,,,,,,,,,,,,,,,,,,,,,,
2019-06-28 09:30:00.000000015,100070,200,99934,100,100090,100,99933,100,100109,100,,,100120,100,,,100142,100,,,100206,100,,,,,,,,,,,,,,,,,,
2019-06-28 09:30:00.000000016,100045,100,99934,100,100070,200,99933,100,100090,100,99919,100,100109,100,,,100120,100,,,100142,100,,,100206,100,,,,,,,,,,,,,,
2019-06-28 09:30:00.000000018,100045,100,99934,100,100070,200,99933,100,100080,100,99919,100,100090,100,,,100109,100,,,100120,100,,,100142,100,,,100206,100,,,,,,,,,,
2019-06-28 09:30:00.000000019,100045,100,99934,100,100070,200,99933,100,100080,100,99919,100,100090,100,,,100109,100,,,100120,100,,,100142,100,,,100154,100,,,100206,100,,,,,,
2019-06-28 09:30:00.000000022,100045,100,99934,200,100070,200,99933,100,100080,100,99919,100,100090,100,,,100109,100,,,100120,100,,,100142,100,,,100154,100,,,100206,100,,,,,,
2019-06-28 09:30:00.000000025,100045,100,99934,200,100070,300,99933,100,100080,100,99919,100,100090,100,,,100109,100,,,100120,100,,,100142,100,,,100154,100,,,100206,100,,,,,,
2019-06-28 09:30:00.000000030,100045,100,99934,400,100070,300,99933,100,100080,100,99919,100,100090,100,,,100109,100,,,100120,100,,,100142,100,,,100154,100,,,100206,100,,,,,,
2019-06-28 09:30:00.000000031,100045,100,99934,400,100070,300,99933,100,100080,100,99931,100,100090,100,99919,100,100109,100,,,100118,100,,,100120,100,,,100142,100,,,100154,100,,,100206,100,,
2019-06-28 09:30:00.000000038,99942,100,99934,400,100045,100,99933,100,100070,300,99931,100,100080,100,99919,100,100090,100,,,100109,100,,,100118,100,,,100120,100,,,100142,100,,,100154,100,,
2019-06-28 09:30:00.000000039,99942,100,99934,400,100028,100,99933,100,100045,100,99931,100,100070,300,99919,100,100078,100,,,100080,100,,,100090,100,,,100109,100,,,100118,100,,,100120,100,,
2019-06-28 09:30:00.000000040,99942,100,99934,500,100028,100,99933,100,100045,100,99931,100,100070,300,99919,100,100078,100,,,100080,100,,,100090,100,,,100092,100,,,100109,100,,,100118,100,,
2019-06-28 09:30:00.000000041,99942,100,99934,500,100028,100,99933,100,100045,100,99931,100,100059,100,99919,100,100070,300,,,100078,100,,,100080,100,,,100090,100,,,100092,100,,,100109,100,,
2019-06-28 09:30:00.000000042,99942,100,99934,500,100028,100,99933,100,100045,100,99931,100,100059,100,99919,100,100070,300,99833,100,100078,100,,,100080,100,,,100090,100,,,100092,100,,,100109,100,,
2019-06-28 09:30:00.000000046,99942,100,99934,500,100028,100,99933,100,100045,100,99931,100,100059,100,99919,100,100070,300,99912,100,100078,100,99833,100,100080,100,,,100090,100,,,100092,100,,,100109,100,,
2019-06-28 09:30:00.000000047,99942,100,99934,500,100028,100,99933,100,100045,100,99931,100,100059,100,99919,100,100070,300,99912,100,100078,100,99905,100,100080,100,99833,100,100090,100,,,100092,100,,,100098,100,,
2019-06-28 09:30:00.000000051,99942,100,99934,500,100028,100,99933,100,100045,100,99931,100,100059,100,99919,100,100070,300,99912,100,100075,100,99905,100,100078,100,99833,100,100080,100,,,100090,100,,,100092,100,,
2019-06-28 09:30:00.000000052,100028,100,99934,500,100045,100,99933,100,100059,100,99931,100,100070,300,99919,100,100075,100,99912,100,100078,100,99905,100,100080,100,99833,100,100090,100,,,100092,100,,,100098,100,,
2019-06-28 09:30:00.000000054,100027,100,99934,500,100028,100,99933,100,100037,100,99931,100,100045,100,99919,100,100059,100,99912,100,100069,100,99905,100,100070,300,99833,100,100075,100,,,100078,100,,,100080,100,,
2019-06-28 09:30:00.000000059,100027,100,99934,500,100028,100,99933,100,100037,100,99931,100,100045,100,99919,100,100059,100,99912,100,100069,100,99905,100,100070,300,99863,100,100075,200,99833,100,100078,100,,,100080,100,,
2019-06-28 09:30:00.000000061,100027,200,99964,100,100028,100,99934,500,100037,100,99933,100,100045,100,99931,100,100059,100,99919,100,100069,100,99912,100,100070,300,99905,100,100075,200,99863,100,100078,100,99833,100,100080,100,,
2019-06-28 09:30:00.000000062,100027,200,99964,100,100028,100,99942,100,100037,100,99934,500,100045,100,99933,100,100059,100,99931,100,100069,200,99919,100,100070,300,99912,100,100075,200,99905,100,100078,100,99863,100,100080,100,99833,100
2019-06-28 09:30:00.000000065,100027,200,99942,100,100028,100,99934,500,100037,100,99933,100,100045,100,99931,100,100059,100,99919,100,100069,200,99912,100,100070,300,99905,100,100075,200,99863,100,100078,100,99833,100,100080,100,,
2019-06-28 09:30:00.000000072,100027,200,99942,100,100028,100,99934,500,100037,100,99933,100,100045,100,99931,100,100059,100,99919,100,100069,200,99912,100,100070,300,99905,100,100075,200,99863,100,100078,100,99833,100,100079,100,,
2019-06-28 09:30:00.000000073,100027,200,99943,100,100028,100,99942,100,100037,100,99934,500,100045,100,99933,100,100059,100,99931,100,100069,200,99919,100,100070,300,99912,100,100075,200,99905,100,100078,100,99863,100,100079,100,99833,100
2019-06-28 09:30:00.000000076,100027,200,99943,100,100028,100,99942,100,100037,100,99934,500,100045,100,99933,100,100059,100,99931,100,100065,100,99919,100,100069,200,99912,100,100070,300,99905,100,100075,200,99863,100,100078,100,99833,100
2019-06-28 09:30:00.000000077,99991,100,99943,100,100027,200,99942,100,100028,100,99934,500,100037,100,99933,100,100045,100,99931,100,100059,100,99919,100,100065,100,99912,100,100069,200,99905,100,100070,300,99874,100,100075,200,99863,100
2019-06-28 09:30:00.000000078,99991,100,99943,100,100027,200,99942,100,100028,100,99934,500,100037,100,99933,100,100045,100,99931,100,100059,100,99919,100,100065,100,99913,100,100069,200,99912,100,100070,300,99905,100,100075,200,99874,100
2019-06-28 09:30:00.000000079,99991,100,99949,100,100027,200,99943,100,100028,100,99942,100,100037,100,99934,500,100045,100,99933,100,100059,100,99931,100,100065,100,99919,100,100069,200,99913,100,100070,300,99912,100,100075,200,99905,100
2019-06-28 09:30:00.000000080,99964,100,99949,100,99991,100,99943,100,100027,200,99942,100,100028,100,99934,500,100037,100,99933,100,100045,100,99931,100,100059,100,99919,100,100065,100,99913,100,100069,200,99912,100,100070,300,99905,100
2019-06-28 09:30:00.000000082,99964,100,99949,100,99991,100,99943,100,100027,200,99942,200,100028,100,99934,500,100037,100,99933,100,100045,100,99931,100,100059,100,99919,100,100065,100,99913,100,100069,200,99912,100,100070,300,99905,100
2019-06-28 09:30:00.000000084,99964,100,99949,100,99991,100,99943,100,100027,200,99942,200,100028,100,99934,500,100037,100,99933,100,100045,100,99931,100,100059,100,99919,100,100065,100,99913,100,100069,200,99912,100,100070,300,99905,100
2019-06-28 09:30:00.000000087,99964,100,99949,100,99991,100,99943,100,100027,200,99942,200,100028,100,99934,500,100037,100,99933,100,100045,100,99931,100,100059,100,99919,100,100064,100,99913,100,100065,100,99912,100,100069,200,99905,100
2019-06-28 09:30:00.000000090,99964,200,99949,100,99991,100,99943,200,100027,200,99942,200,100028,100,99934,500,100037,100,99933,100,100045,100,99931,100,100059,100,99919,100,100064,100,99913,100,100065,100,99912,100,100069,200,99905,100
2019-06-28 09:30:00.000000091,99964,200,99949,100,99991,100,99943,200,100027,200,99942,200,100028,100,99934,500,100035,100,99933,100,100037,100,99931,100,100045,100,99919,100,100059,100,99913,100,100064,100,99912,100,100065,100,99905,100
2019-06-28 09:30:00.000000094,99964,200,99949,100,99991,100,99943,300,100027,200,99942,200,100028,100,99934,500,100035,100,99933,100,100037,100,99931,100,100045,100,99919,100,100059,100,99913,100,100064,100,99912,100,100065,100,99905,100
2019-06-28 09:30:00.000000095,99952,100,99949,100,99964,100,99943,300,99991,100,99942,200,100027,200,99934,500,100028,100,99933,100,100035,100,99931,100,100037,100,99919,100,100045,100,99913,100,100050,100,99912,100,100059,100,99905,100
2019-06-28 09:30:00.000000096,99964,100,99949,100,99991,100,99943,300,100027,200,99942,200,100028,100,99934,500,100035,100,99933,100,100037,100,99931,100,100045,100,99919,100,100050,100,99913,100,100059,100,99912,100,100064,100,99905,100
2019-06-28 09:30:00.000000097,99991,100,99949,100,100027,200,99943,300,100028,100,99942,200,100035,100,99934,500,100037,100,99933,100,100045,100,99931,100,100050,100,99919,100,100059,100,99913,100,100064,100,99912,100,100065,100,99905,100
2019-06-28 09:30:00.000000098,99959,100,99949,100,99991,100,99943,300,100027,200,99942,200,100028,100,99934,500,100035,100,99933,100,100037,100,99931,100,100045,100,99919,100,100050,100,99913,100,100059,100,99912,100,100064,100,99905,100
2019-06-28 09:30:10.000000000,99959,202,99949,202,99991,202,99943,402,100027,302,99942,302,100028,202,99934,602,100035,100,99933,100,100037,100,99931,100,100045,100,99919,100,100050,100,99913,100,100059,100,99912,100,100064,100,99905,100
2019-06-28 09:30:15.185979907,99959,102,99949,202,99991,202,99943,402,100027,302,99942,302,100028,202,99934,602,100035,100,99933,100,100037,100,99931,100,100045,100,99919,100,100050,100,99913,100,100059,100,99912,100,100064,100,99905,100
2019-06-28 09:30:19.079431440,99959,2,99949,202,99991,202,99943,402,100027,302,99942,302,100028,202,99934,602,100035,100,99933,100,100037,100,99931,100,100045,100,99919,100,100050,100,99913,100,100059,100,99912,100,100064,100,99905,100
2019-06-28 09:30:20.000000000,99991,202,99949,202,100027,302,99943,402,100028,202,99942,302,100035,202,99934,602,100037,100,99933,100,100045,100,99931,100,100050,100,99919,100,100059,100,99913,100,100064,100,99912,100,100065,100,99905,100
2019-06-28 09:30:30.000000000,99991,181,99949,181,100027,281,99943,381,100028,181,99942,281,100035,181,99934,581,100037,181,99933,181,100045,100,99931,100,100050,100,99919,100,100059,100,99913,100,100064,100,99912,100,100065,100,99905,100
2019-06-28 09:30:40.000000000,99991,506,99949,506,100027,200,99943,300,100028,100,99942,200,100035,100,99934,500,100037,100,99933,100,100045,100,99931,100,100050,100,99919,100,100059,100,99913,100,100064,100,99912,100,100065,100,99905,100
2019-06-28 09:30:42.901071358,99991,506,99959,100,100027,200,99949,506,100028,100,99943,300,100035,100,99942,200,100037,100,99934,500,100045,100,99933,100,100050,100,99931,100,100059,100,99919,100,100064,100,99913,100,100065,100,99912,100
2019-06-28 09:30:50.000000000,99991,303,99959,303,100027,403,99949,303,100028,100,99943,300,100035,100,99942,200,100037,100,99934,500,100045,100,99933,100,100050,100,99931,100,100059,100,99919,100,100064,100,99913,100,100065,100,99912,100
2019-06-28 09:30:52.841788615,99991,303,99959,303,100027,403,99949,303,100028,100,99943,300,100035,100,99942,200,100037,100,99934,500,100045,100,99933,100,100050,100,99919,100,100059,100,99913,100,100064,100,99912,100,100065,100,99905,100
2019-06-28 09:30:54.888658141,99991,203,99959,303,100027,403,99949,303,100028,100,99943,300,100035,100,99942,200,100037,100,99934,500,100045,100,99933,100,100059,100,99919,100,100064,100,99913,100,100065,100,99912,100,100069,100,99905,100
2019-06-28 09:31:00.000000000,100027,403,99959,303,100028,303,99949,303,100035,100,99943,300,100037,100,99942,200,100045,100,99934,500,100059,100,99933,100,100064,100,99919,100,100065,100,99913,100,100069,100,99912,100,100070,200,99905,100
2019-06-28 09:31:01.704898466,100027,403,99959,303,100028,303,99949,303,100035,100,99943,300,100037,100,99942,200,100045,100,99934,500,100059,100,99933,100,100064,100,99919,100,100065,100,99913,100,100069,100,99912,100,100070,200,99905,100
2019-06-28 09:31:06.955086580,100027,403,99959,303,100028,303,99949,303,100035,100,99943,300,100037,100,99942,200,100045,100,99934,500,100059,100,99933,100,100064,100,99919,100,100065,100,99913,100,100069,100,99912,100,100070,200,99905,100
2019-06-28 09:31:10.000000000,100027,302,99959,202,100028,202,99949,202,100035,202,99943,402,100037,202,99942,302,100045,100,99934,500,100059,100,99933,100,100064,100,99919,100,100065,100,99913,100,100069,100,99912,100,100070,200,99905,100
2019-06-28 09:31:20.000000000,100027,606,99959,506,100028,100,99949,100,100035,100,99943,300,100037,100,99942,200,100045,100,99934,500,100059,100,99933,100,100064,100,99919,100,100065,100,99913,100,100069,100,99912,100,100070,200,99905,100
2019-06-28 09:31:24.656056881,100027,606,99959,506,100028,100,99949,100,100035,100,99943,300,100045,100,99942,200,100059,100,99934,500,100064,100,99933,100,100065,100,99919,100,100069,100,99913,100,100070,200,99912,100,100075,200,99905,100
2019-06-28 09:31:30.000000000,100027,403,99959,303,100028,303,99949,303,100035,100,99943,300,100045,100,99942,200,100059,100,99934,500,100064,100,99933,100,100065,100,99919,100,100069,100,99913,100,100070,200,99912,100,100075,200,99905,100
2019-06-28 09:31:32.142871325,100027,403,99959,303,100028,303,99949,303,100035,100,99943,300,100045,100,99942,200,100059,100,99934,500,100064,100,99933,100,100065,100,99919,100,100069,100,99913,100,100070,200,99912,100,100075,200,99905,100
2019-06-28 09:31:33.738211657,100027,403,99959,303,100028,303,99949,303,100035,100,99943,200,100045,100,99942,200,100059,100,99934,500,100064,100,99933,100,100065,100,99919,100,100069,100,99913,100,100070,200,99912,100,100075,200,99905,100
2019-06-28 09:31:40.000000000,100027,606,99959,506,100028,100,99949,100,100035,100,99943,200,100045,100,99942,200,100059,100,99934,500,100064,100,99933,100,100065,100,99919,100,100069,100,99913,100,100070,200,99912,100,100075,200,99905,100
2019-06-28 09:31:49.470863216,100027,606,99959,506,100028,100,99949,100,100035,100,99943,200,100045,100,99942,200,100059,100,99934,500,100064,100,99933,100,100069,100,99919,100,100070,200,99913,100,100075,200,99912,100,100078,100,99905,100
2019-06-28 09:31:50.000000000,100027,338,99959,238,100028,234,99949,234,100035,234,99943,334,100045,100,99942,200,100059,100,99934,500,100064,100,99933,100,100069,100,99919,100,100070,200,99913,100,100075,200,99912,100,100078,100,99905,100
2019-06-28 09:31:54.215403943,100027,338,99960,100,100028,234,99959,238,100035,234,99949,234,100045,100,99943,334,100059,100,99942,200,100064,100,99934,500,100069,100,99933,100,100070,200,99919,100,100075,200,99913,100,100078,100,99912,100
2019-06-28 09:31:59.772771423,100027,238,99960,100,100028,234,99959,238,100035,234,99949,234,100045,100,99943,334,100059,100,99942,200,100064,100,99934,500,100069,100,99933,100,100070,200,99919,100,100075,200,99913,100,100078,100,99912,100
2019-06-28 09:32:00.000000000,100027,202,99960,202,100028,202,99959,202,100035,202,99949,202,100045,202,99943,302,100059,100,99942,200,100064,100,99934,500,100069,100,99933,100,100070,200,99919,100,100075,200,99913,100,100078,100,99912,100
2019-06-28 09:32:10.000000000,100027,238,99960,238,100028,234,99959,234,100035,234,99949,234,100045,100,99943,200,100059,100,99942,200,100064,100,99934,500,100069,100,99933,100,100070,200,99919,100,100075,200,99913,100,100078,100,99912,100
2019-06-28 09:32:20.000000000,100027,303,99960,303,100028,303,99959,303,100035,100,99949,100,100045,100,99943,200,100059,100,99942,200,100064,100,99934,500,100069,100,99933,100,100070,200,99919,100,100075,200,99913,100,100078,100,99912,100
2019-06-28 09:32:20.365095416,100027,303,99960,303,100028,303,99959,303,100035,100,99949,100,100045,100,99943,200,100059,100,99942,200,100064,100,99934,500,100069,100,99933,100,100070,200,99919,100,100075,200,99913,100,100078,100,99912,100
2019-06-28 09:32:30.000000000,100027,303,99960,303,100028,303,99959,303,100035,100,99949,100,100045,100,99943,200,100059,100,99942,200,100064,100,99934,500,100069,100,99933,100,100070,200,99919,100,100075,200,99913,100,100078,100,99912,100
2019-06-28 09:32:40.000000000,100027,506,99960,506,100028,100,99959,100,100035,100,99949,100,100045,100,99943,200,100059,100,99942,200,100064,100,99934,500,100069,100,99933,100,100070,200,99919,100,100075,200,99913,100,100078,100,99912,100
2019-06-28 09:32:50.000000000,100027,506,99960,506,100028,100,99959,100,100035,100,99949,100,100045,100,99943,200,100059,100,99942,200,100064,100,99934,500,100069,100,99933,100,100070,200,99919,100,100075,200,99913,100,100078,100,99912,100
2019-06-28 09:32:56.004694430,100027,506,99960,506,100028,100,99959,100,100035,100,99949,100,100045,100,99943,200,100059,100,99942,200,100064,100,99934,400,100069,100,99933,100,100070,200,99919,100,100075,200,99913,100,100078,100,99912,100
2019-06-28 09:33:00.000000000,100027,303,99960,303,100028,303,99959,303,100035,100,99949,100,100045,100,99943,200,100059,100,99942,200,100064,100,99934,400,100069,100,99933,100,100070,200,99919,100,100075,200,99913,100,100078,100,99912,100
2019-06-28 09:33:10.000000000,100027,181,99960,181,100028,181,99959,181,100035,181,99949,181,100045,181,99943,281,100059,181,99942,281,100064,100,99934,400,100069,100,99933,100,100070,200,99919,100,100075,200,99913,100,100078,100,99912,100
2019-06-28 09:33:13.504304024,100027,181,99960,181,100028,181,99959,181,100035,181,99949,181,100045,181,99943,281,100059,181,99942,281,100064,100,99934,400,100069,100,99933,100,100070,100,99919,100,100075,200,99913,100,100078,100,99912,100
2019-06-28 09:33:20.000000000,100027,506,99960,506,100028,100,99959,100,100035,100,99949,100,100045,100,99943,200,100059,100,99942,200,100064,100,99934,400,100069,100,99933,100,100070,100,99919,100,100075,200,99913,100,100078,100,99912,100
2019-06-28 09:33:24.257569974,100027,506,99991,100,100028,100,99960,506,100035,100,99959,100,100045,100,99949,100,100059,100,99943,200,100064,100,99942,200,100070,100,99934,400,100075,200,99933,100,100078,100,99919,100,100079,100,99913,100
2019-06-28 09:33:30.000000000,100027,303,99991,303,100028,303,99960,303,100035,100,99959,100,100045,100,99949,100,100059,100,99943,200,100064,100,99942,200,100070,100,99934,400,100075,200,99933,100,100078,100,99919,100,100079,100,99913,100
2019-06-28 09:33:40.000000000,100027,202,99991,202,100028,202,99960,202,100035,202,99959,202,100045,202,99949,202,100059,100,99943,200,100064,100,99942,200,100070,100,99934,400,100075,200,99933,100,100078,100,99919,100,100079,100,99913,100
2019-06-28 09:33:50.000000000,100027,506,99991,506,100028,100,99960,100,100035,100,99959,100,100045,100,99949,100,100059,100,99943,200,100064,100,99942,200,100070,100,99934,400,100075,200,99933,100,100078,100,99919,100,100079,100,99913,100
2019-06-28 09:33:52.851233934,100027,506,99991,606,100028,100,99960,100,100035,100,99959,100,100045,100,99949,100,100059,100,99943,200,100064,100,99942,200,100070,100,99934,300,100075,200,99933,100,100078,100,99919,100,100079,100,99913,100
2019-06-28 09:34:00.000000000,100027,202,99991,302,100028,202,99960,202,100035,202,99959,202,100045,202,99949,202,100059,100,99943,200,100064,100,99942,200,100070,100,99934,300,100075,200,99933,100,100078,100,99919,100,100079,100,99913,100
2019-06-28 09:34:01.048247790,100027,202,99991,402,100028,202,99960,102,100035,202,99959,202,100045,202,99949,202,100059,100,99943,200,100064,100,99942,200,100070,100,99934,300,100075,200,99933,100,100078,100,99919,100,100079,100,99913,100
2019-06-28 09:34:10.000000000,100027,303,99991,503,100028,303,99959,303,100035,100,99949,100,100045,100,99943,200,100059,100,99942,200,100064,100,99934,300,100070,100,99933,100,100075,200,99919,100,100078,100,99913,100,100079,100,99912,100
2019-06-28 09:34:20.000000000,100027,238,99991,438,100028,234,99959,234,100035,234,99949,234,100045,100,99943,200,100059,100,99942,200,100064,100,99934,300,100070,100,99933,100,100075,200,99919,100,100078,100,99913,100,100079,100,99912,100
2019-06-28 09:34:22.164951825,100027,138,99991,438,100028,234,99959,234,100035,234,99949,234,100045,100,99943,200,100059,100,99942,200,100064,100,99934,300,100070,100,99933,100,100075,200,99919,100,100078,100,99913,100,100079,100,99912,100
2019-06-28 09:34:30.000000000,100028,181,99991,381,100035,181,99959,181,100045,181,99949,181,100059,181,99943,281,100064,181,99942,281,100070,100,99934,300,100075,200,99933,100,100078,100,99919,100,100079,100,99913,100,100080,100,99912,100
2019-06-28 09:34:40.000000000,100028,181,99991,381,100035,181,99959,181,100045,181,99949,181,100059,181,99943,281,100064,181,99942,281,100070,100,99934,300,100075,200,99933,100,100078,100,99919,100,100079,100,99913,100,100080,100,99912,100
2019-06-28 09:34:50.000000000,100028,303,99991,503,100035,303,99959,303,100045,100,99949,100,100059,100,99943,200,100064,100,99942,200,100070,100,99934,300,100075,200,99933,100,100078,100,99919,100,100079,100,99913,100,100080,100,99912,100
2019-06-28 09:35:00.000000000,100028,181,99991,381,100035,181,99959,181,100045,181,99949,181,100059,181,99943,281,100064,181,99942,281,100070,100,99934,300,100075,200,99933,100,100078,100,99919,100,100079,100,99913,100,100080,100,99912,100
2019-06-28 09:35:10.000000000,100028,506,99991,706,100035,100,99959,100,100045,100,99949,100,100059,100,99943,200,100064,100,99942,200,100070,100,99934,300,100075,200,99933,100,100078,100,99919,100,100079,100,99913,100,100080,100,99912,100
2019-06-28 09:35:14.319006479,100028,406,99991,706,100035,100,99959,100,100045,100,99949,100,100059,100,99943,200,100064,100,99942,200,100070,100,99934,300,100075,200,99933,100,100078,100,99919,100,100080,100,99913,100,100090,100,99912,100
2019-06-28 09:35:19.160801763,100028,306,99991,706,100035,100,99959,100,100045,100,99949,100,100059,100,99943,200,100064,100,99942,200,100070,100,99934,300,100075,200,99933,100,100078,100,99919,100,100080,100,99913,100,100090,100,99912,100
2019-06-28 09:35:20.000000000,100035,202,99991,402,100045,202,99959,202,100059,202,99949,202,100064,202,99943,302,100070,100,99942,200,100075,200,99934,300,100078,100,99933,100,100080,100,99919,100,100090,100,99913,100,100092,100,99912,100
2019-06-28 09:35:30.000000000,100035,238,99991,438,100045,234,99959,234,100059,234,99949,234,100064,100,99943,200,100070,100,99942,200,100075,200,99934,300,100078,100,99933,100,100080,100,99919,100,100090,100,99913,100,100092,100,99912,100
2019-06-28 09:35:33.851396182,100035,138,99991,438,100045,234,99959,234,100059,234,99949,234,100070,100,99943,200,100075,200,99942,200,100078,100,99934,300,100080,100,99933,100,100090,100,99919,100,100092,100,99913,100,100098,100,99912,100
2019-06-28 09:35:40.000000000,100045,202,99991,402,100059,202,99959,202,100070,202,99949,202,100075,302,99943,302,100078,100,99942,200,100080,100,99934,300,100090,100,99933,100,100092,100,99919,100,100098,100,99913,100,100112,100,99912,100
2019-06-28 09:35:50.000000000,100045,506,99991,706,100059,100,99959,100,100070,100,99949,100,100075,200,99943,200,100078,100,99942,200,100080,100,99934,300,100090,100,99933,100,100092,100,99919,100,100098,100,99913,100,100112,100,99912,100
2019-06-28 09:35:56.956609292,100045,406,99991,706,100059,100,99959,100,100070,100,99943,200,100075,200,99942,200,100078,100,99934,300,100080,100,99933,100,100090,100,99919,100,100092,100,99913,100,100098,100,99912,100,100112,100,99905,100
2019-06-28 09:36:00.000000000,100059,238,99991,438,100070,234,99959,234,100075,334,99943,334,100078,100,99942,200,100080,100,99934,300,100090,100,99933,100,100092,100,99919,100,100098,100,99913,100,100112,100,99912,100,100118,100,99905,100
2019-06-28 09:36:05.588680614,100059,238,99991,438,100070,234,99959,234,100075,334,99943,334,100078,100,99942,200,100080,100,99934,300,100090,100,99933,100,100092,100,99919,100,100098,100,99913,100,100112,100,99912,100,100118,100,99905,100
2019-06-28 09:36:10.000000000,100059,506,99991,706,100070,100,99959,100,100075,200,99943,200,100078,100,99942,200,100080,100,99934,300,100090,100,99933,100,100092,100,99919,100,100098,100,99913,100,100112,100,99912,100,100118,100,99905,100
2019-06-28 09:36:20.000000000,100059,202,99991,402,100070,202,99959,202,100075,302,99943,302,100078,202,99942,302,100080,100,99934,300,100090,100,99933,100,100092,100,99919,100,100098,100,99913,100,100112,100,99912,100,100118,100,99905,100
2019-06-28 09:36:25.559815684,100059,202,99991,402,100070,102,99959,202,100075,302,99943,302,100078,202,99942,302,100080,100,99934,300,100090,100,99933,100,100092,100,99919,100,100098,100,99913,100,100112,100,99912,100,100118,100,99905,100
2019-06-28 09:36:30.000000000,100059,181,99991,381,100075,281,99959,181,100078,181,99943,281,100080,181,99942,281,100090,181,99934,381,100092,100,99933,100,100098,100,99919,100,100112,100,99913,100,100118,100,99912,100,100123,100,99905,100
2019-06-28 09:36:31.221047541,100059,81,99991,381,100075,281,99959,181,100078,181,99943,281,100080,181,99942,281,100090,181,99934,381,100092,100,99933,100,100098,100,99919,100,100112,100,99913,100,100118,100,99912,100,100123,100,99905,100
2019-06-28 09:36:33.365932890,100075,281,100059,19,100078,181,99991,381,100080,181,99959,181,100090,181,99943,281,100092,100,99942,281,100098,100,99934,381,100112,100,99933,100,100118,100,99919,100,100123,100,99913,100,100140,100,99912,100
2019-06-28 09:36:40.000000000,100075,281,100059,100,100078,181,99991,381,100080,181,99959,181,100090,181,99943,281,100092,181,99942,281,100098,100,99934,300,100112,100,99933,100,100118,100,99919,100,100123,100,99913,100,100140,100,99912,100
2019-06-28 09:36:50.000000000,100075,338,100059,157,100078,234,99991,434,100080,234,99959,234,100090,100,99943,200,100092,100,99942,200,100098,100,99934,300,100112,100,99933,100,100118,100,99919,100,100123,100,99913,100,100140,100,99912,100
2019-06-28 09:37:00.000000000,100075,338,100059,157,100078,234,99991,434,100080,234,99959,234,100090,100,99943,200,100092,100,99942,200,100098,100,99934,300,100112,100,99933,100,100118,100,99919,100,100123,100,99913,100,100140,100,99912,100
2019-06-28 09:37:10.000000000,100075,302,100059,121,100078,202,99991,402,100080,202,99959,202,100090,202,99943,302,100092,100,99942,200,100098,100,99934,300,100112,100,99933,100,100118,100,99919,100,100123,100,99913,100,100140,100,99912,100
2019-06-28 09:37:20.000000000,100075,302,100059,121,100078,202,99991,402,100080,202,99959,202,100090,202,99943,302,100092,100,99942,200,100098,100,99934,300,100112,100,99933,100,100118,100,99919,100,100123,100,99913,100,100140,100,99912,100
2019-06-28 09:37:30.000000000,100075,606,100059,425,100078,100,99991,300,100080,100,99959,100,100090,100,99943,200,100092,100,99942,200,100098,100,99934,300,100112,100,99933,100,100118,100,99919,100,100123,100,99913,100,100140,100,99912,100
2019-06-28 09:37:40.000000000,100075,338,100059,157,100078,234,99991,434,100080,234,99959,234,100090,100,99943,200,100092,100,99942,200,100098,100,99934,300,100112,100,99933,100,100118,100,99919,100,100123,100,99913,100,100140,100,99912,100
2019-06-28 09:37:44.284263353,100075,238,100059,157,100078,234,99991,434,100080,134,99959,234,100090,100,99943,200,100092,100,99942,200,100098,100,99934,300,100112,100,99933,100,100118,100,99919,100,100123,100,99913,100,100140,100,99912,100
2019-06-28 09:37:46.872856944,100075,238,100059,157,100078,234,99991,334,100080,134,99959,234,100090,100,99943,200,100092,100,99942,200,100098,100,99934,300,100112,100,99933,100,100118,100,99919,100,100123,100,99913,100,100140,100,99912,100
2019-06-28 09:37:50.000000000,100075,238,100059,157,100078,234,99991,334,100090,234,99959,234,100092,100,99943,200,100098,100,99942,200,100112,100,99934,300,100118,100,99933,100,100123,100,99919,100,100140,100,99913,100,100142,100,99912,100
2019-06-28 09:38:00.000000000,100075,303,100059,222,100078,303,99991,403,100090,100,99959,100,100092,100,99943,200,100098,100,99942,200,100112,100,99934,300,100118,100,99933,100,100123,100,99919,100,100140,100,99913,100,100142,100,99912,100
2019-06-28 09:38:10.000000000,100075,506,100059,425,100078,100,99991,200,100090,100,99959,100,100092,100,99943,200,100098,100,99942,200,100112,100,99934,300,100118,100,99933,100,100123,100,99919,100,100140,100,99913,100,100142,100,99912,100
2019-06-28 09:38:20.000000000,100075,303,100059,222,100078,303,99991,403,100090,100,99959,100,100092,100,99943,200,100098,100,99942,200,100112,100,99934,300,100118,100,99933,100,100123,100,99919,100,100140,100,99913,100,100142,100,99912,100
2019-06-28 09:38:30.000000000,100075,303,100059,222,100078,303,99991,403,100090,100,99959,100,100092,100,99943,200,100098,100,99942,200,100112,100,99934,300,100118,100,99933,100,100123,100,99919,100,100140,100,99913,100,100142,100,99912,100
2019-06-28 09:38:40.000000000,100075,303,100059,222,100078,303,99991,403,100090,100,99959,100,100092,100,99943,200,100098,100,99942,200,100112,100,99934,300,100118,100,99933,100,100123,100,99919,100,100140,100,99913,100,100142,100,99912,100
2019-06-28 09:38:47.945830642,100075,203,100059,222,100078,303,99991,403,100090,100,99959,100,100092,100,99943,200,100098,100,99942,200,100112,100,99934,300,100118,100,99933,100,100123,100,99919,100,100140,100,99913,100,100142,100,99912,100
2019-06-28 09:38:50.000000000,100078,202,100059,121,100090,202,99991,302,100092,202,99959,202,100098,202,99943,302,100112,100,99942,200,100118,100,99934,300,100123,100,99933,100,100140,100,99919,100,100142,100,99913,100,100154,100,99912,100
2019-06-28 09:39:00.000000000,100078,506,100059,425,100090,100,99991,200,100092,100,99959,100,100098,100,99943,200,100112,100,99942,200,100118,100,99934,300,100123,100,99933,100,100140,100,99919,100,100142,100,99913,100,100154,100,99912,100
2019-06-28 09:39:10.000000000,100078,238,100059,157,100090,234,99991,334,100092,234,99959,234,100098,100,99943,200,100112,100,99942,200,100118,100,99934,300,100123,100,99933,100,100140,100,99919,100,100142,100,99913,100,100154,100,99912,100
2019-06-28 09:39:20.000000000,100078,181,100059,100,100090,181,99991,281,100092,181,99959,181,100098,181,99943,281,100112,181,99942,281,100118,100,99934,300,100123,100,99933,100,100140,100,99919,100,100142,100,99913,100,100154,100,99912,100
2019-06-28 09:39:20.142153864,100078,181,100059,100,100090,181,99991,281,100092,181,99959,181,100098,181,99943,281,100112,181,99942,281,100118,100,99934,300,100123,100,99933,100,100140,100,99919,100,100142,100,99913,100,100154,100,99912,100
2019-06-28 09:39:30.000000000,100078,238,100059,157,100090,234,99991,334,100092,234,99959,234,100098,100,99943,200,100112,100,99942,200,100118,100,99934,300,100123,100,99933,100,100140,100,99919,100,100142,100,99913,100,100154,100,99912,100
2019-06-28 09:39:40.000000000,100078,303,100059,222,100090,303,99991,403,100092,100,99959,100,100098,100,99943,200,100112,100,99942,200,100118,100,99934,300,100123,100,99933,100,100140,100,99919,100,100142,100,99913,100,100154,100,99912,100
2019-06-28 09:39:44.464328355,100078,303,100059,222,100090,303,99991,403,100092,100,99959,100,100098,100,99943,200,100112,100,99942,200,100118,100,99934,300,100123,100,99933,100,100140,100,99919,100,100142,100,99913,100,100154,100,99912,100
2019-06-28 09:39:50.000000000,100078,506,100059,425,100090,100,99991,200,100092,100,99959,100,100098,100,99943,200,100112,100,99942,200,100118,100,99934,300,100123,100,99933,100,100140,100,99919,100,100142,100,99913,100,100154,100,99912,100
2019-06-28 09:39:57.931707547,100078,406,100059,425,100090,100,99991,200,100092,100,99959,100,100098,100,99943,200,100112,100,99942,200,100118,100,99934,300,100123,100,99933,100,100140,100,99919,100,100142,100,99913,100,100154,100,99912,100
2019-06-28 09:39:59.879603922,100078,306,100059,425,100090,100,99991,200,100092,100,99959,100,100112,100,99943,200,100118,100,99942,200,100123,100,99934,300,100140,100,99933,100,100142,100,99919,100,100154,100,99913,100,100169,100,99912,100
2019-06-28 09:40:00.000000000,100090,506,100059,425,100092,100,99991,200,100112,100,99959,100,100118,100,99943,200,100123,100,99942,200,100140,100,99934,300,100142,100,99933,100,100154,100,99919,100,100169,100,99913,100,100251,100,99912,100
2019-06-28 09:40:04.782238432,100090,506,100059,425,100092,100,99991,200,100112,100,99959,100,100118,100,99943,200,100123,100,99942,200,100140,100,99934,300,100142,100,99933,100,100154,100,99919,100,100169,100,99913,100,100251,100,99912,100
2019-06-28 09:40:10.000000000,100090,238,100059,157,100092,234,99991,334,100112,234,99959,234,100118,100,99943,200,100123,100,99942,200,100140,100,99934,300,100142,100,99933,100,100154,100,99919,100,100169,100,99913,100,100251,100,99912,100
2019-06-28 09:40:20.000000000,100090,238,100059,157,100092,234,99991,334,100112,234,99959,234,100118,100,99943,200,100123,100,99942,200,100140,100,99934,300,100142,100,99933,100,100154,100,99919,100,100169,100,99913,100,100251,100,99912,100
2019-06-28 09:40:30.000000000,100090,238,100059,157,100092,234,99991,334,100112,234,99959,234,100118,100,99943,200,100123,100,99942,200,100140,100,99934,300,100142,100,99933,100,100154,100,99919,100,100169,100,99913,100,100251,100,99912,100
2019-06-28 09:40:40.000000000,100090,181,100059,100,100092,181,99991,281,100112,181,99959,181,100118,181,99943,281,100123,181,99942,281,100140,100,99934,300,100142,100,99933,100,100154,100,99919,100,100169,100,99913,100,100251,100,99912,100
2019-06-28 09:40:48.492554213,100090,81,100059,100,100092,181,99991,281,100112,181,99959,181,100118,181,99943,281,100123,181,99942,281,100140,100,99934,300,100142,100,99933,100,100154,100,99919,100,100169,100,99913,100,100251,100,99912,100
2019-06-28 09:40:50.000000000,100092,202,100059,121,100112,202,99991,302,100118,202,99959,202,100123,202,99943,302,100140,100,99942,200,100142,100,99934,300,100154,100,99933,100,100169,100,99919,100,100251,100,99913,100,100362,100,99912,100
2019-06-28 09:41:00.000000000,100092,303,100059,222,100112,303,99991,403,100118,100,99959,100,100123,100,99943,200,100140,100,99942,200,100142,100,99934,300,100154,100,99933,100,100169,100,99919,100,100251,100,99913,100,100362,100,99912,100
2019-06-28 09:41:07.378408719,100092,203,100059,222,100112,303,99991,403,100118,100,99959,100,100123,100,99943,200,100140,100,99942,200,100142,100,99934,300,100154,100,99933,100,100169,100,99919,100,100251,100,99913,100,100362,100,99912,100
2019-06-28 09:41:08.278443327,100092,103,100059,222,100112,303,99991,403,100118,100,99959,100,100123,100,99943,200,100140,100,99942,200,100142,100,99934,300,100154,100,99933,100,100169,100,99919,100,100251,100,99913,100,100362,100,99912,100
2019-06-28 09:41:10.000000000,100112,202,100059,121,100118,202,99991,302,100123,202,99959,202,100140,202,99943,302,100142,100,99942,200,100154,100,99934,300,100169,100,99933,100,100251,100,99919,100,100362,100,99913,100,100476,100,99912,100
2019-06-28 09:41:20.000000000,100112,181,100059,100,100118,181,99991,281,100123,181,99959,181,100140,181,99943,281,100142,181,99942,281,100154,100,99934,300,100169,100,99933,100,100251,100,99919,100,100362,100,99913,100,100476,100,99912,100
2019-06-28 09:41:22.063420678,100112,181,100092,100,100118,181,100059,100,100123,181,99991,181,100140,181,99959,181,100142,181,99943,281,100154,100,99942,281,100169,100,99934,300,100251,100,99933,100,100362,100,99919,100,100476,100,99913,100
2019-06-28 09:41:30.000000000,100112,506,100092,506,100118,100,100059,19,100123,100,99991,100,100140,100,99959,100,100142,100,99943,200,100154,100,99942,200,100169,100,99934,300,100251,100,99933,100,100362,100,99919,100,100476,100,99913,100
2019-06-28 09:41:39.032465485,100112,506,100092,506,100118,100,100059,19,100123,100,99991,100,100140,100,99959,100,100142,100,99943,200,100154,100,99942,200,100169,100,99934,300,100251,100,99933,100,100362,100,99919,100,100476,100,99913,100
2019-06-28 09:41:39.810455540,100112,506,100092,606,100118,100,100059,19,100123,100,99991,100,100140,100,99959,100,100142,100,99943,200,100154,100,99942,200,100169,100,99934,300,100251,100,99933,100,100362,100,99919,100,100476,100,99913,100
2019-06-28 09:41:39.959984059,100112,506,100092,706,100118,100,100059,19,100123,100,99991,100,100140,100,99959,100,100142,100,99943,200,100154,100,99942,200,100169,100,99934,200,100251,100,99933,100,100362,100,99919,100,100476,100,99913,100
2019-06-28 09:41:40.000000000,100112,181,100092,381,100118,181,100059,100,100123,181,99991,181,100140,181,99959,181,100142,181,99943,281,100154,100,99942,200,100169,100,99934,200,100251,100,99933,100,100362,100,99919,100,100476,100,99913,100
2019-06-28 09:41:50.000000000,100112,181,100092,381,100118,181,100059,100,100123,181,99991,181,100140,181,99959,181,100142,181,99943,281,100154,100,99942,200,100169,100,99934,200,100251,100,99933,100,100362,100,99919,100,100476,100,99913,100
2019-06-28 09:42:00.000000000,100112,181,100092,381,100118,181,100059,100,100123,181,99991,181,100140,181,99959,181,100142,181,99943,281,100154,100,99942,200,100169,100,99934,200,100251,100,99933,100,100362,100,99919,100,100476,100,99913,100
2019-06-28 09:42:10.000000000,100112,181,100092,381,100118,181,100059,100,100123,181,99991,181,100140,181,99959,181,100142,181,99943,281,100154,100,99942,200,100169,100,99934,200,100251,100,99933,100,100362,100,99919,100,100476,100,99913,100
2019-06-28 09:42:16.736988547,100112,81,100092,381,100118,181,100059,100,100123,181,99991,181,100140,181,99959,181,100142,181,99943,281,100154,100,99942,200,100169,100,99934,200,100251,100,99933,100,100362,100,99913,100,100476,100,99912,100
2019-06-28 09:42:20.000000000,100118,202,100092,402,100123,202,100059,121,100140,202,99991,202,100142,202,99959,202,100154,100,99943,200,100169,100,99942,200,100251,100,99934,200,100362,100,99933,100,100476,100,99913,100,100552,100,99912,100
2019-06-28 09:42:30.000000000,100118,303,100092,503,100123,303,100059,222,100140,100,99991,100,100142,100,99959,100,100154,100,99943,200,100169,100,99942,200,100251,100,99934,200,100362,100,99933,100,100476,100,99913,100,100552,100,99912,100
2019-06-28 09:42:40.000000000,100118,303,100092,503,100123,303,100059,222,100140,100,99991,100,100142,100,99959,100,100154,100,99943,200,100169,100,99942,200,100251,100,99934,200,100362,100,99933,100,100476,100,99913,100,100552,100,99912,100
2019-06-28 09:42:50.000000000,100118,506,100092,706,100123,100,100059,19,100140,100,99991,100,100142,100,99959,100,100154,100,99943,200,100169,100,99942,200,100251,100,99934,200,100362,100,99933,100,100476,100,99913,100,100552,100,99912,100
2019-06-28 09:42:57.285318999,100118,506,100092,706,100123,100,100059,19,100140,100,99991,100,100142,100,99959,100,100154,100,99943,200,100169,100,99942,200,100251,100,99934,200,100362,100,99933,100,100476,100,99913,100,100552,100,99912,100
2019-06-28 09:43:00.000000000,100118,181,100092,381,100123,181,100059,100,100140,181,99991,181,100142,181,99959,181,100154,181,99943,281,100169,100,99942,200,100251,100,99934,200,100362,100,99933,100,100476,100,99913,100,100552,100,99912,100
2019-06-28 09:43:01.356872915,100111,100,100092,381,100118,181,100059,100,100123,181,99991,181,100140,181,99959,181,100142,181,99943,281,100154,181,99942,200,100169,100,99934,200,100251,100,99933,100,100362,100,99913,100,100476,100,99912,100
2019-06-28 09:43:08.820126208,100111,200,100092,381,100118,181,100059,100,100123,181,99991,181,100140,181,99959,181,100142,181,99943,281,100154,181,99942,200,100169,100,99934,200,100251,100,99933,100,100362,100,99913,100,100476,100,99912,100
2019-06-28 09:43:10.000000000,100111,281,100092,381,100118,181,100059,100,100123,181,99991,181,100140,181,99959,181,100142,181,99943,281,100154,100,99942,200,100169,100,99934,200,100251,100,99933,100,100362,100,99913,100,100476,100,99912,100
2019-06-28 09:43:12.744921526,100111,281,100092,381,100118,181,100059,100,100123,181,99991,181,100140,181,99959,181,100142,181,99943,281,100154,100,99942,200,100169,100,99934,200,100251,100,99933,100,100362,100,99913,100,100476,100,99912,100
2019-06-28 09:43:20.000000000,100111,403,100092,503,100118,303,100059,222,100123,100,99991,100,100140,100,99959,100,100142,100,99943,200,100154,100,99942,200,100169,100,99934,200,100251,100,99933,100,100362,100,99913,100,100476,100,99912,100
2019-06-28 09:43:20.817596884,100111,503,100092,503,100118,303,100059,222,100123,100,99959,100,100140,100,99943,200,100142,100,99942,200,100154,100,99934,200,100169,100,99933,100,100251,100,99913,100,100362,100,99912,100,100476,100,99905,100
2019-06-28 09:43:30.000000000,100111,381,100092,381,100118,181,100059,100,100123,181,99959,181,100140,181,99943,281,100142,181,99942,281,100154,100,99934,200,100169,100,99933,100,100251,100,99913,100,100362,100,99912,100,100476,100,99905,100
2019-06-28 09:43:32.830103153,100111,481,100092,381,100118,181,100059,100,100123,181,99959,181,100140,181,99943,281,100142,181,99942,281,100154,100,99934,200,100169,100,99933,100,100251,100,99913,100,100362,100,99912,100,100476,100,99905,100
2019-06-28 09:43:33.661715089,100111,481,100092,381,100118,181,100059,81,100123,181,99959,181,100140,181,99943,281,100142,181,99942,281,100154,100,99934,200,100169,100,99933,100,100251,100,99913,200,100362,100,99912,100,100476,100,99905,100
2019-06-28 09:43:40.000000000,100111,538,100092,438,100118,234,99959,234,100123,234,99943,334,100140,100,99942,200,100142,100,99934,200,100154,100,99933,100,100169,100,99913,200,100251,100,99912,100,100362,100,99905,100,100476,100,99878,100
2019-06-28 09:43:50.000000000,100111,603,100092,503,100118,303,99959,303,100123,100,99943,200,100140,100,99942,200,100142,100,99934,200,100154,100,99933,100,100169,100,99913,200,100251,100,99912,100,100362,100,99905,100,100476,100,99878,100
2019-06-28 09:43:52.636224371,100111,703,100092,503,100118,303,99959,303,100123,100,99943,200,100140,100,99942,200,100142,100,99934,200,100154,100,99933,100,100169,100,99913,200,100251,100,99912,100,100362,100,99905,100,100476,100,99878,100
2019-06-28 09:44:00.000000000,100111,703,100092,503,100118,303,99959,303,100123,100,99943,200,100140,100,99942,200,100142,100,99934,200,100154,100,99933,100,100169,100,99913,200,100251,100,99912,100,100362,100,99905,100,100476,100,99878,100
2019-06-28 09:44:03.323810948,100111,703,100092,503,100118,303,99959,303,100123,100,99943,200,100140,100,99942,200,100142,100,99934,200,100154,100,99933,100,100169,100,99913,200,100217,100,99912,100,100251,100,99878,100,100362,100,99874,100
2019-06-28 09:44:10.000000000,100111,638,100092,438,100118,234,99959,234,100123,234,99943,334,100140,100,99942,200,100142,100,99934,200,100154,100,99933,100,100169,100,99913,200,100217,100,99912,100,100251,100,99878,100,100362,100,99874,100
2019-06-28 09:44:11.331312951,100111,638,100092,438,100118,234,99959,234,100123,234,99943,334,100129,100,99942,200,100140,100,99934,200,100142,100,99933,100,100154,100,99913,200,100169,100,99912,100,100217,100,99878,100,100251,100,99874,100
2019-06-28 09:44:13.829851057,100111,638,100092,438,100118,234,100019,100,100123,234,99959,234,100129,100,99943,334,100140,100,99942,200,100142,100,99934,200,100154,100,99933,100,100169,100,99913,100,100217,100,99912,100,100251,100,99878,100
2019-06-28 09:44:17.087723127,100111,638,100093,100,100118,234,100092,438,100123,234,100019,100,100129,100,99959,234,100140,100,99943,234,100142,100,99942,200,100154,100,99934,200,100169,100,99933,100,100217,100,99913,100,100251,100,99912,100
2019-06-28 09:44:20.000000000,100111,638,100093,238,100118,234,100092,434,100123,234,100019,234,100129,100,99959,100,100140,100,99943,100,100142,100,99942,200,100154,100,99934,200,100169,100,99933,100,100217,100,99913,100,100251,100,99912,100
2019-06-28 09:44:30.000000000,100111,581,100093,181,100118,181,100092,381,100123,181,100019,181,100129,181,99959,181,100140,181,99943,181,100142,100,99942,200,100154,100,99934,200,100169,100,99933,100,100217,100,99913,100,100251,100,99912,100
2019-06-28 09:44:40.000000000,100111,602,100093,202,100118,202,100092,402,100123,202,100019,202,100129,202,99959,202,100140,100,99943,100,100142,100,99942,200,100154,100,99934,200,100169,100,99933,100,100217,100,99913,100,100251,100,99912,100
2019-06-28 09:44:44.642380354,100111,602,100093,102,100118,202,100092,402,100123,202,100019,202,100129,202,99959,202,100140,100,99943,100,100142,100,99942,200,100154,100,99934,200,100169,100,99933,100,100217,100,99913,100,100251,100,99912,100
2019-06-28 09:44:50.000000000,100111,906,100092,706,100118,100,100019,100,100123,100,99959,100,100129,100,99943,100,100140,100,99942,200,100142,100,99934,200,100154,100,99933,100,100169,100,99913,100,100217,100,99912,100,100251,100,99878,100
2019-06-28 09:44:52.132573203,100110,100,100092,706,100111,806,100019,100,100118,100,99959,100,100123,100,99943,100,100129,100,99942,200,100140,100,99934,200,100142,100,99933,100,100154,100,99913,100,100169,100,99912,100,100217,100,99878,100
2019-06-28 09:45:00.000000000,100110,303,100092,503,100111,603,100019,303,100118,100,99959,100,100123,100,99943,100,100129,100,99942,200,100140,100,99934,200,100142,100,99933,100,100154,100,99913,100,100169,100,99912,100,100217,100,99878,100
2019-06-28 09:45:10.000000000,100110,181,100092,381,100111,481,100019,181,100118,181,99959,181,100123,181,99943,181,100129,181,99942,281,100140,100,99934,200,100142,100,99933,100,100154,100,99913,100,100169,100,99912,100,100217,100,99878,100
2019-06-28 09:45:15.265326432,100110,181,100092,281,100111,481,100019,181,100118,181,99959,181,100123,181,99943,181,100129,181,99942,281,100140,100,99934,200,100142,100,99933,100,100154,100,99913,100,100169,100,99912,100,100217,100,99878,100
2019-06-28 09:45:20.000000000,100110,506,100092,606,100111,400,100019,100,100118,100,99959,100,100123,100,99943,100,100129,100,99942,200,100140,100,99934,200,100142,100,99933,100,100154,100,99913,100,100169,100,99912,100,100217,100,99878,100
2019-06-28 09:45:20.936036057,100110,506,100092,606,100111,400,100019,100,100118,100,99959,100,100123,100,99943,100,100129,100,99942,200,100140,100,99934,200,100142,100,99933,100,100154,100,99913,100,100169,100,99912,100,100217,100,99878,100
2019-06-28 09:45:22.273290693,100093,100,100092,606,100110,506,100019,100,100111,400,99959,100,100118,100,99943,100,100123,100,99942,200,100129,100,99934,100,100140,100,99933,100,100142,100,99913,100,100154,100,99912,100,100169,100,99878,100
2019-06-28 09:45:30.000000000,100093,303,100092,403,100110,303,100019,303,100111,400,99959,100,100118,100,99943,100,100123,100,99942,200,100129,100,99934,100,100140,100,99933,100,100142,100,99913,100,100154,100,99912,100,100169,100,99878,100
2019-06-28 09:45:40.000000000,100093,506,100092,606,100110,100,100019,100,100111,400,99959,100,100118,100,99943,100,100123,100,99942,200,100129,100,99934,100,100140,100,99933,100,100142,100,99913,100,100154,100,99912,100,100169,100,99878,100
2019-06-28 09:45:46.813864257,100093,506,100092,606,100110,100,100019,100,100111,400,99959,100,100118,100,99943,100,100123,100,99942,200,100129,100,99934,100,100140,100,99933,100,100142,100,99913,100,100154,100,99912,100,100169,100,99878,100
2019-06-28 09:45:50.000000000,100093,238,100092,338,100110,234,100019,234,100111,534,99959,234,100118,100,99943,100,100123,100,99942,200,100129,100,99934,100,100140,100,99933,100,100142,100,99913,100,100154,100,99912,100,100169,100,99878,100
2019-06-28 09:45:54.943931301,100093,338,100092,338,100110,234,100019,234,100111,434,99959,234,100118,100,99943,100,100123,100,99942,200,100129,100,99934,100,100140,100,99933,100,100142,100,99913,100,100154,100,99912,100,100169,100,99878,100
2019-06-28 09:46:00.000000000,100093,338,100092,338,100110,234,100019,234,100111,434,99959,234,100118,100,99943,100,100123,100,99942,200,100129,100,99934,100,100140,100,99933,100,100142,100,99913,100,100154,100,99912,100,100169,100,99878,100
2019-06-28 09:46:06.871313596,100093,338,100092,338,100110,234,100019,234,100111,434,99959,234,100118,100,99943,100,100123,100,99942,200,100129,100,99934,100,100140,100,99933,100,100142,100,99913,100,100154,100,99912,100,100169,100,99878,100
2019-06-28 09:46:10.000000000,100093,338,100092,338,100110,234,100019,234,100111,434,99959,234,100118,100,99943,100,100123,100,99942,200,100129,100,99934,100,100140,100,99933,100,100142,100,99913,100,100154,100,99912,100,100169,100,99878,100
2019-06-28 09:46:12.625910222,100093,438,100092,338,100110,234,100019,234,100111,434,99959,234,100118,100,99943,100,100123,100,99942,200,100129,100,99934,100,100140,100,99933,100,100142,100,99913,100,100154,100,99912,100,100169,100,99878,100
2019-06-28 09:46:20.000000000,100093,381,100092,281,100110,181,100019,181,100111,381,99959,181,100118,181,99943,181,100123,181,99942,281,100129,100,99934,100,100140,100,99933,100,100142,100,99913,100,100154,100,99912,100,100169,100,99878,100
2019-06-28 09:46:20.148785326,100093,381,100092,281,100110,181,100019,181,100111,381,99959,181,100118,181,99943,181,100123,181,99942,281,100140,100,99934,100,100142,100,99933,100,100154,100,99913,100,100169,100,99912,100,100217,100,99878,100
2019-06-28 09:46:30.000000000,100093,438,100092,338,100110,234,100019,234,100111,434,99959,234,100118,100,99943,100,100123,100,99942,200,100140,100,99934,100,100142,100,99933,100,100154,100,99913,100,100169,100,99912,100,100217,100,99878,100
2019-06-28 09:46:40.000000000,100093,381,100092,281,100110,181,100019,181,100111,381,99959,181,100118,181,99943,181,100123,181,99942,281,100140,100,99934,100,100142,100,99933,100,100154,100,99913,100,100169,100,99912,100,100217,100,99878,100
2019-06-28 09:46:41.582584950,100093,381,100092,281,100110,181,100019,181,100111,381,99959,181,100118,181,99943,181,100123,181,99942,281,100140,100,99934,100,100142,100,99913,100,100154,100,99912,100,100169,100,99878,100,100217,100,99874,100
2019-06-28 09:46:50.000000000,100093,402,100092,302,100110,202,100019,202,100111,402,99959,202,100118,202,99943,202,100123,100,99942,200,100140,100,99934,100,100142,100,99913,100,100154,100,99912,100,100169,100,99878,100,100217,100,99874,100
2019-06-28 09:46:52.298244228,100093,402,100092,202,100110,202,100019,202,100111,402,99959,202,100118,202,99943,202,100123,100,99942,200,100140,100,99934,100,100142,100,99913,100,100154,100,99912,100,100169,100,99878,100,100217,100,99874,100
2019-06-28 09:47:00.000000000,100093,381,100092,181,100110,181,100019,181,100111,381,99959,181,100118,181,99943,181,100123,181,99942,281,100140,100,99934,100,100142,100,99913,100,100154,100,99912,100,100169,100,99878,100,100217,100,99874,100
2019-06-28 09:47:10.000000000,100093,503,100092,303,100110,303,100019,303,100111,300,99959,100,100118,100,99943,100,100123,100,99942,200,100140,100,99934,100,100142,100,99913,100,100154,100,99912,100,100169,100,99878,100,100217,100,99874,100
2019-06-28 09:47:20.000000000,100093,438,100092,238,100110,234,100019,234,100111,434,99959,234,100118,100,99943,100,100123,100,99942,200,100140,100,99934,100,100142,100,99913,100,100154,100,99912,100,100169,100,99878,100,100217,100,99874,100
2019-06-28 09:47:30.000000000,100093,706,100092,506,100110,100,100019,100,100111,300,99959,100,100118,100,99943,100,100123,100,99942,200,100140,100,99934,100,100142,100,99913,100,100154,100,99912,100,100169,100,99878,100,100217,100,99874,100
2019-06-28 09:47:40.000000000,100093,381,100092,181,100110,181,100019,181,100111,381,99959,181,100118,181,99943,181,100123,181,99942,281,100140,100,99934,100,100142,100,99913,100,100154,100,99912,100,100169,100,99878,100,100217,100,99874,100
2019-06-28 09:47:42.419044475,100093,381,100092,181,100110,181,100019,181,100111,381,99959,181,100118,181,99943,181,100123,181,99942,281,100140,100,99934,100,100142,100,99913,100,100154,100,99912,100,100169,100,99878,100,100217,100,99874,100
2019-06-28 09:47:47.482528407,100093,381,100092,81,100110,181,100019,181,100111,381,99959,181,100118,181,99943,181,100123,181,99942,281,100140,100,99934,100,100142,100,99913,100,100154,100,99912,100,100169,100,99878,100,100217,100,99874,100
2019-06-28 09:47:48.817435868,100092,19,100019,181,100093,381,99959,181,100110,181,99943,181,100111,381,99942,281,100118,181,99934,100,100123,181,99913,100,100140,100,99912,100,100142,100,99878,100,100154,100,99874,100,100169,100,99863,100
2019-06-28 09:47:50.000000000,100092,425,100019,506,100093,300,99959,100,100110,100,99943,100,100111,300,99942,200,100118,100,99934,100,100123,100,99913,100,100140,100,99912,100,100142,100,99878,100,100154,100,99874,100,100169,100,99863,100
2019-06-28 09:48:00.000000000,100092,121,100019,202,100093,402,99959,202,100110,202,99943,202,100111,402,99942,302,100118,100,99934,100,100123,100,99913,100,100140,100,99912,100,100142,100,99878,100,100154,100,99874,100,100169,100,99863,100
2019-06-28 09:48:05.560789080,100092,121,100019,202,100093,402,99959,202,100110,202,99943,202,100111,402,99942,302,100118,100,99934,100,100123,100,99913,100,100140,100,99912,100,100142,100,99878,100,100154,100,99874,100,100169,100,99863,100
2019-06-28 09:48:10.000000000,100092,425,100019,506,100093,300,99959,100,100110,100,99943,100,100111,300,99942,200,100118,100,99934,100,100123,100,99913,100,100140,100,99912,100,100142,100,99878,100,100154,100,99874,100,100169,100,99863,100
2019-06-28 09:48:20.000000000,100092,121,100019,202,100093,402,99959,202,100110,202,99943,202,100111,402,99942,302,100118,100,99934,100,100123,100,99913,100,100140,100,99912,100,100142,100,99878,100,100154,100,99874,100,100169,100,99863,100
2019-06-28 09:48:22.017136935,100092,121,100019,202,100093,402,99959,202,100110,202,99943,202,100111,402,99942,302,100118,100,99934,100,100123,100,99913,100,100140,100,99912,100,100142,100,99878,100,100154,100,99874,100,100169,100,99863,100
2019-06-28 09:48:23.968981785,100092,121,100019,202,100093,402,99959,202,100110,202,99943,202,100111,402,99942,302,100118,100,99934,100,100123,100,99913,100,100140,100,99912,100,100142,100,99878,100,100154,100,99874,100,100169,100,99863,100
2019-06-28 09:48:30.000000000,100092,157,100019,238,100093,434,99959,234,100110,234,99943,234,100111,300,99942,200,100118,100,99934,100,100123,100,99913,100,100140,100,99912,100,100142,100,99878,100,100154,100,99874,100,100169,100,99863,100
2019-06-28 09:48:34.151070627,100092,157,100019,238,100093,434,99959,234,100110,234,99943,234,100111,200,99942,200,100118,100,99934,100,100123,100,99913,100,100140,100,99912,100,100142,100,99878,100,100154,100,99874,100,100169,100,99863,100
2019-06-28 09:48:36.300128931,100092,157,100019,238,100093,434,99959,234,100110,234,99943,234,100111,200,99942,200,100118,100,99934,100,100123,100,99913,100,100140,100,99912,100,100142,100,99878,100,100154,100,99874,100,100169,100,99863,100
2019-06-28 09:48:40.000000000,100092,121,100019,202,100093,402,99959,202,100110,202,99943,202,100111,302,99942,302,100118,100,99934,100,100123,100,99913,100,100140,100,99912,100,100142,100,99878,100,100154,100,99874,100,100169,100,99863,100
2019-06-28 09:48:50.000000000,100092,121,100019,202,100093,402,99959,202,100110,202,99943,202,100111,302,99942,302,100118,100,99934,100,100123,100,99913,100,100140,100,99912,100,100142,100,99878,100,100154,100,99874,100,100169,100,99863,100
2019-06-28 09:49:00.000000000,100092,157,100019,238,100093,434,99959,234,100110,234,99943,234,100111,200,99942,200,100118,100,99934,100,100123,100,99913,100,100140,100,99912,100,100142,100,99878,100,100154,100,99874,100,100169,100,99863,100
2019-06-28 09:49:10.000000000,100092,157,100019,238,100093,434,99959,234,100110,234,99943,234,100111,200,99942,200,100118,100,99934,100,100123,100,99913,100,100140,100,99912,100,100142,100,99878,100,100154,100,99874,100,100169,100,99863,100
2019-06-28 09:49:20.000000000,100092,157,100019,238,100093,434,99959,234,100110,234,99943,234,100111,200,99942,200,100118,100,99934,100,100123,100,99913,100,100140,100,99912,100,100142,100,99878,100,100154,100,99874,100,100169,100,99863,100
2019-06-28 09:49:30.000000000,100092,222,100019,303,100093,503,99959,303,100110,100,99943,100,100111,200,99942,200,100118,100,99934,100,100123,100,99913,100,100140,100,99912,100,100142,100,99878,100,100154,100,99874,100,100169,100,99863,100
2019-06-28 09:49:35.656779397,100092,322,100019,303,100093,503,99959,303,100110,100,99943,100,100111,200,99942,200,100118,100,99934,100,100123,100,99913,100,100140,100,99912,100,100142,100,99878,100,100154,100,99874,100,100169,100,99863,100
2019-06-28 09:49:40.000000000,100092,322,100019,303,100093,503,99959,303,100110,100,99943,100,100111,200,99942,200,100118,100,99934,100,100123,100,99913,100,100140,100,99912,100,100142,100,99878,100,100154,100,99874,100,100169,100,99863,100
2019-06-28 09:49:46.594164960,100092,322,100019,203,100093,503,99959,303,100110,100,99943,100,100111,200,99942,200,100118,100,99934,100,100123,100,99913,100,100140,100,99912,100,100142,100,99878,100,100154,100,99874,100,100169,100,99863,100
2019-06-28 09:49:47.552807594,100092,322,100019,203,100093,403,99959,303,100110,100,99943,100,100111,200,99942,200,100118,100,99934,100,100123,100,99913,100,100140,100,99912,100,100142,100,99878,100,100154,100,99874,100,100169,100,99863,100
2019-06-28 09:49:49.851516879,100092,322,100019,203,100093,403,99959,303,100110,100,99943,100,100111,200,99942,200,100118,100,99934,100,100123,100,99913,100,100140,100,99912,100,100142,100,99878,100,100154,100,99874,100,100169,100,99863,100
2019-06-28 09:49:50.000000000,100092,200,99959,181,100093,281,99943,181,100110,181,99942,281,100111,281,99934,181,100118,181,99913,181,100123,100,99912,100,100140,100,99878,100,100142,100,99874,100,100154,100,99863,100,100169,100,99833,100
2019-06-28 09:49:51.761373494,100092,200,99959,181,100093,281,99943,181,100110,181,99942,281,100111,281,99934,181,100118,181,99913,181,100123,100,99912,100,100140,100,99878,100,100142,100,99874,100,100154,100,99833,100,100169,100,99805,100
2019-06-28 09:50:00.000000000,100092,200,99959,181,100093,281,99943,181,100110,181,99942,281,100111,281,99934,181,100118,181,99913,181,100123,100,99912,100,100140,100,99878,100,100142,100,99874,100,100154,100,99833,100,100169,100,99805,100
2019-06-28 09:50:10.000000000,100092,525,99959,506,100093,200,99943,100,100110,100,99942,200,100111,200,99934,100,100118,100,99913,100,100123,100,99912,100,100140,100,99878,100,100142,100,99874,100,100154,100,99833,100,100169,100,99805,100
2019-06-28 09:50:20.000000000,100092,257,99959,238,100093,334,99943,234,100110,234,99942,334,100111,200,99934,100,100118,100,99913,100,100123,100,99912,100,100140,100,99878,100,100142,100,99874,100,100154,100,99833,100,100169,100,99805,100
2019-06-28 09:50:30.000000000,100092,221,99959,202,100093,302,99943,202,100110,202,99942,302,100111,302,99934,202,100118,100,99913,100,100123,100,99912,100,100140,100,99878,100,100142,100,99874,100,100154,100,99833,100,100169,100,99805,100
2019-06-28 09:50:40.000000000,100092,525,99959,506,100093,200,99943,100,100110,100,99942,200,100111,200,99934,100,100118,100,99913,100,100123,100,99912,100,100140,100,99878,100,100142,100,99874,100,100154,100,99833,100,100169,100,99805,100
2019-06-28 09:50:41.789743279,100092,525,99959,506,100093,200,99943,100,100107,100,99942,200,100110,100,99934,100,100111,200,99913,100,100118,100,99912,100,100123,100,99878,100,100140,100,99874,100,100142,100,99833,100,100154,100,99805,100
2019-06-28 09:50:50.000000000,100092,525,99959,506,100093,200,99943,100,100107,100,99942,200,100110,100,99934,100,100111,200,99913,100,100118,100,99912,100,100123,100,99878,100,100140,100,99874,100,100142,100,99833,100,100154,100,99805,100
2019-06-28 09:50:57.688475263,100092,525,100020,100,100093,200,99959,506,100107,100,99943,100,100110,100,99942,200,100111,200,99934,100,100118,100,99913,100,100123,100,99912,100,100140,100,99878,100,100142,100,99874,100,100154,100,99833,100
2019-06-28 09:50:58.889285768,100092,425,100020,100,100093,200,99959,506,100107,100,99943,100,100110,100,99942,200,100111,200,99934,100,100118,100,99913,100,100123,100,99912,100,100140,100,99878,100,100142,100,99874,100,100154,100,99833,100
2019-06-28 09:51:00.000000000,100092,157,100020,238,100093,334,99959,234,100107,234,99943,234,100110,100,99942,200,100111,200,99934,100,100118,100,99913,100,100123,100,99912,100,100140,100,99878,100,100142,100,99874,100,100154,100,99833,100
2019-06-28 09:51:02.530718574,100092,157,100021,100,100093,334,100020,238,100107,234,99959,234,100110,100,99943,234,100111,200,99942,200,100118,100,99934,100,100123,100,99913,100,100140,100,99912,100,100142,100,99878,100,100154,100,99874,100
2019-06-28 09:51:10.000000000,100092,121,100021,202,100093,302,100020,202,100107,202,99959,202,100110,202,99943,202,100111,200,99942,200,100118,100,99934,100,100123,100,99913,100,100140,100,99912,100,100142,100,99878,100,100154,100,99874,100
2019-06-28 09:51:16.005087711,100092,121,100021,202,100093,302,100020,202,100107,202,99959,202,100110,202,99943,202,100111,200,99942,100,100118,100,99934,100,100123,100,99913,100,100140,100,99912,100,100142,100,99878,100,100154,100,99874,100
2019-06-28 09:51:16.315851598,100092,21,100021,202,100093,302,100020,202,100107,202,99959,202,100110,202,99943,202,100111,200,99942,100,100118,100,99934,100,100123,100,99913,100,100140,100,99912,100,100142,100,99878,100,100154,100,99874,100
2019-06-28 09:51:20.000000000,100093,281,100021,181,100107,181,100020,181,100110,181,99959,181,100111,281,99943,181,100118,181,99942,181,100123,100,99934,100,100140,100,99913,100,100142,100,99912,100,100154,100,99878,100,100217,100,99874,100
2019-06-28 09:51:24.502147864,100093,281,100021,181,100107,181,100020,181,100110,181,99959,181,100111,281,99943,181,100118,181,99942,181,100123,100,99934,100,100140,100,99913,100,100142,100,99912,100,100154,100,99878,100,100217,100,99874,100
2019-06-28 09:51:30.000000000,100093,403,100021,303,100107,303,100020,303,100110,100,99959,100,100111,200,99943,100,100118,100,99942,100,100123,100,99934,100,100140,100,99913,100,100142,100,99912,100,100154,100,99878,100,100217,100,99874,100
2019-06-28 09:51:40.000000000,100093,281,100021,181,100107,181,100020,181,100110,181,99959,181,100111,281,99943,181,100118,181,99942,181,100123,100,99934,100,100140,100,99913,100,100142,100,99912,100,100154,100,99878,100,100217,100,99874,100
2019-06-28 09:51:50.000000000,100093,403,100021,303,100107,303,100020,303,100110,100,99959,100,100111,200,99943,100,100118,100,99942,100,100123,100,99934,100,100140,100,99913,100,100142,100,99912,100,100154,100,99878,100,100217,100,99874,100
2019-06-28 09:52:00.000000000,100093,338,100021,238,100107,234,100020,234,100110,234,99959,234,100111,200,99943,100,100118,100,99942,100,100123,100,99934,100,100140,100,99913,100,100142,100,99912,100,100154,100,99878,100,100217,100,99874,100
2019-06-28 09:52:10.000000000,100093,302,100021,202,100107,202,100020,202,100110,202,99959,202,100111,302,99943,202,100118,100,99942,100,100123,100,99934,100,100140,100,99913,100,100142,100,99912,100,100154,100,99878,100,100217,100,99874,100
2019-06-28 09:52:15.893100914,100093,302,100021,202,100107,202,100020,202,100110,202,99959,202,100111,302,99943,202,100118,100,99942,100,100123,100,99934,100,100140,100,99913,100,100142,100,99912,100,100154,100,99878,100,100217,100,99874,100
2019-06-28 09:52:20.000000000,100093,302,100021,202,100107,202,100020,202,100110,202,99959,202,100111,302,99943,202,100118,100,99942,100,100123,100,99934,100,100140,100,99913,100,100142,100,99912,100,100154,100,99878,100,100217,100,99874,100
2019-06-28 09:52:30.000000000,100093,338,100021,238,100107,234,100020,234,100110,234,99959,234,100111,200,99943,100,100118,100,99942,100,100123,100,99934,100,100140,100,99913,100,100142,100,99912,100,100154,100,99878,100,100217,100,99874,100
2019-06-28 09:52:36.807371564,100093,338,100021,238,100107,234,100020,234,100110,234,99959,234,100111,200,99943,100,100118,100,99942,100,100123,100,99941,100,100140,100,99934,100,100142,100,99913,100,100154,100,99912,100,100217,100,99878,100
2019-06-28 09:52:40.000000000,100093,403,100021,303,100107,303,100020,303,100110,100,99959,100,100111,200,99943,100,100118,100,99942,100,100123,100,99941,100,100140,100,99934,100,100142,100,99913,100,100154,100,99912,100,100217,100,99878,100
2019-06-28 09:52:41.396774998,100093,303,100021,303,100107,303,100020,303,100110,100,99959,100,100111,200,99943,100,100118,100,99942,100,100123,100,99941,100,100140,100,99934,100,100142,100,99913,100,100154,100,99878,100,100217,100,99874,100
2019-06-28 09:52:49.072670978,100093,303,100092,100,100107,303,100021,303,100110,100,100020,303,100111,200,99959,100,100118,100,99943,100,100123,100,99942,100,100140,100,99941,100,100142,100,99934,100,100154,100,99913,100,100217,100,99878,100
2019-06-28 09:52:50.000000000,100093,303,100092,303,100107,303,100021,303,100110,100,100020,100,100111,200,99959,100,100118,100,99943,100,100123,100,99942,100,100140,100,99941,100,100142,100,99934,100,100154,100,99913,100,100217,100,99878,100
2019-06-28 09:52:50.561082838,100093,303,100092,303,100107,303,100021,303,100110,100,100020,100,100111,200,99959,100,100118,100,99943,100,100123,100,99942,100,100140,100,99941,100,100142,100,99934,100,100154,100,99913,100,100217,100,99878,100
2019-06-28 09:52:54.398562301,100093,203,100092,303,100107,303,100021,303,100110,100,100020,100,100111,200,99959,100,100118,100,99943,100,100123,100,99942,100,100140,100,99941,100,100142,100,99934,100,100154,100,99913,100,100217,100,99878,100
2019-06-28 09:53:00.000000000,100107,181,100092,181,100110,181,100021,181,100111,281,100020,181,100118,181,99959,181,100123,181,99943,181,100140,100,99942,100,100142,100,99941,100,100154,100,99934,100,100217,100,99913,100,100251,100,99878,100
2019-06-28 09:53:05.701205157,100107,81,100092,181,100110,181,100021,181,100111,281,100020,181,100118,181,99959,181,100123,181,99943,181,100140,100,99942,100,100142,100,99941,100,100154,100,99934,100,100217,100,99913,100,100251,100,99878,100
2019-06-28 09:53:10.000000000,100110,303,100092,303,100111,403,100021,303,100118,100,100020,100,100123,100,99959,100,100140,100,99943,100,100142,100,99942,100,100154,100,99941,100,100217,100,99934,100,100251,100,99913,100,100309,100,99878,100
2019-06-28 09:53:20.000000000,100110,238,100092,238,100111,334,100021,234,100118,234,100020,234,100123,100,99959,100,100140,100,99943,100,100142,100,99942,100,100154,100,99941,100,100217,100,99934,100,100251,100,99913,100,100309,100,99878,100
2019-06-28 09:53:29.453359502,100110,138,100092,238,100111,334,100021,234,100118,234,100020,234,100123,100,99959,100,100140,100,99943,100,100142,100,99942,100,100217,100,99941,100,100251,100,99934,100,100309,100,99913,100,100362,100,99878,100
2019-06-28 09:53:30.000000000,100111,281,100092,181,100118,181,100021,181,100123,181,100020,181,100140,181,99959,181,100142,181,99943,181,100217,100,99942,100,100251,100,99941,100,100309,100,99934,100,100362,100,99913,100,100460,100,99878,100
2019-06-28 09:53:30.547554703,100111,181,100092,181,100118,181,100021,181,100123,181,100020,181,100140,181,99959,181,100142,181,99943,181,100217,100,99942,100,100309,100,99941,100,100362,100,99934,100,100460,100,99913,100,100476,100,99878,100
2019-06-28 09:53:40.000000000,100111,181,100092,181,100118,181,100021,181,100123,181,100020,181,100140,181,99959,181,100142,181,99943,181,100217,100,99942,100,100309,100,99941,100,100362,100,99934,100,100460,100,99913,100,100476,100,99878,100
2019-06-28 09:53:50.000000000,100111,506,100092,506,100118,100,100021,100,100123,100,100020,100,100140,100,99959,100,100142,100,99943,100,100217,100,99942,100,100309,100,99941,100,100362,100,99934,100,100460,100,99913,100,100476,100,99878,100
2019-06-28 09:54:00.000000000,100111,506,100092,506,100118,100,100021,100,100123,100,100020,100,100140,100,99959,100,100142,100,99943,100,100217,100,99942,100,100309,100,99941,100,100362,100,99934,100,100460,100,99913,100,100476,100,99878,100
2019-06-28 09:54:10.000000000,100111,181,100092,181,100118,181,100021,181,100123,181,100020,181,100140,181,99959,181,100142,181,99943,181,100217,100,99942,100,100309,100,99941,100,100362,100,99934,100,100460,100,99913,100,100476,100,99878,100
2019-06-28 09:54:20.000000000,100111,202,100092,202,100118,202,100021,202,100123,202,100020,202,100140,202,99959,202,100142,100,99943,100,100217,100,99942,100,100309,100,99941,100,100362,100,99934,100,100460,100,99913,100,100476,100,99878,100
2019-06-28 09:54:30.000000000,100111,181,100092,181,100118,181,100021,181,100123,181,100020,181,100140,181,99959,181,100142,181,99943,181,100217,100,99942,100,100309,100,99941,100,100362,100,99934,100,100460,100,99913,100,100476,100,99878,100
2019-06-28 09:54:40.000000000,100111,506,100092,506,100118,100,100021,100,100123,100,100020,100,100140,100,99959,100,100142,100,99943,100,100217,100,99942,100,100309,100,99941,100,100362,100,99934,100,100460,100,99913,100,100476,100,99878,100
2019-06-28 09:54:49.501116798,100111,506,100092,406,100118,100,100021,100,100123,100,100020,100,100140,100,99959,100,100142,100,99943,100,100217,100,99942,100,100309,100,99941,100,100362,100,99934,100,100460,100,99913,100,100476,100,99878,100
2019-06-28 09:54:50.000000000,100111,238,100021,238,100118,234,100020,234,100123,234,99959,234,100140,100,99943,100,100142,100,99942,100,100217,100,99941,100,100309,100,99934,100,100362,100,99913,100,100460,100,99878,100,100476,100,99874,100
2019-06-28 09:54:58.519808331,100110,100,100021,238,100111,238,100020,134,100118,234,99959,234,100123,234,99943,100,100140,100,99942,100,100142,100,99941,100,100217,100,99934,100,100309,100,99913,100,100362,100,99878,100,100460,100,99874,100
2019-06-28 09:55:00.000000000,100110,202,100021,202,100111,202,99959,202,100118,202,99943,202,100123,202,99942,202,100140,100,99941,100,100142,100,99934,100,100217,100,99913,100,100309,100,99878,100,100362,100,99874,100,100460,100,99805,100
2019-06-28 09:55:10.000000000,100110,506,100021,506,100111,100,99959,100,100118,100,99943,100,100123,100,99942,100,100140,100,99941,100,100142,100,99934,100,100217,100,99913,100,100309,100,99878,100,100362,100,99874,100,100460,100,99805,100
2019-06-28 09:55:20.000000000,100110,202,100021,202,100111,202,99959,202,100118,202,99943,202,100123,202,99942,202,100140,100,99941,100,100142,100,99934,100,100217,100,99913,100,100309,100,99878,100,100362,100,99874,100,100460,100,99805,100
2019-06-28 09:55:30.000000000,100110,506,100021,506,100111,100,99959,100,100118,100,99943,100,100123,100,99942,100,100140,100,99941,100,100142,100,99934,100,100217,100,99913,100,100309,100,99878,100,100362,100,99874,100,100460,100,99805,100
2019-06-28 09:55:40.000000000,100110,202,100021,202,100111,202,99959,202,100118,202,99943,202,100123,202,99942,202,100140,100,99941,100,100142,100,99934,100,100217,100,99913,100,100309,100,99878,100,100362,100,99874,100,100460,100,99805,100
2019-06-28 09:55:50.000000000,100110,506,100021,506,100111,100,99959,100,100118,100,99943,100,100123,100,99942,100,100140,100,99941,100,100142,100,99934,100,100217,100,99913,100,100309,100,99878,100,100362,100,99874,100,100460,100,99805,100
2019-06-28 09:55:59.474966353,100110,506,100021,406,100111,100,99959,100,100118,100,99943,100,100123,100,99942,100,100140,100,99941,100,100217,100,99934,100,100309,100,99913,100,100362,100,99878,100,100460,100,99874,100,100476,100,99805,100
2019-06-28 09:56:00.000000000,100110,181,99959,181,100111,181,99943,181,100118,181,99942,181,100123,181,99941,181,100140,181,99934,181,100217,100,99913,100,100309,100,99878,100,100362,100,99874,100,100460,100,99805,100,100476,100,99678,100
2019-06-28 09:56:10.000000000,100110,303,99959,303,100111,303,99943,303,100118,100,99942,100,100123,100,99941,100,100140,100,99934,100,100217,100,99913,100,100309,100,99878,100,100362,100,99874,100,100460,100,99805,100,100476,100,99678,100
2019-06-28 09:56:19.412576937,100092,100,99959,303,100110,303,99943,303,100111,303,99942,100,100118,100,99941,100,100123,100,99934,100,100140,100,99913,100,100217,100,99878,100,100309,100,99874,100,100362,100,99805,100,100460,100,99678,100
2019-06-28 09:56:20.000000000,100092,181,99959,181,100110,181,99943,181,100111,181,99942,181,100118,181,99941,181,100123,181,99934,181,100140,100,99913,100,100217,100,99878,100,100309,100,99874,100,100362,100,99805,100,100460,100,99678,100
2019-06-28 09:56:26.361510589,100092,181,99959,181,100110,181,99943,181,100111,181,99942,181,100118,181,99941,181,100123,181,99934,181,100140,100,99913,100,100217,100,99878,100,100309,100,99874,100,100362,100,99805,100,100460,100,99678,100
2019-06-28 09:56:30.000000000,100092,238,99959,238,100110,234,99943,234,100111,234,99942,234,100118,100,99941,100,100123,100,99934,100,100140,100,99913,100,100217,100,99878,100,100309,100,99874,100,100362,100,99805,100,100460,100,99678,100
2019-06-28 09:56:30.313906078,100092,238,99959,138,100110,234,99943,234,100111,234,99942,234,100118,100,99941,100,100123,100,99934,100,100140,100,99913,100,100217,100,99878,100,100309,100,99874,100,100362,100,99805,100,100460,100,99678,100
2019-06-28 09:56:40.000000000,100092,202,99943,202,100110,202,99942,202,100111,202,99941,202,100118,202,99934,202,100123,100,99913,100,100140,100,99878,100,100217,100,99874,100,100309,100,99805,100,100362,100,99678,100,100460,100,99631,100
2019-06-28 09:56:43.540000394,100092,202,99943,102,100110,202,99942,202,100111,202,99941,202,100118,202,99934,202,100123,100,99913,100,100140,100,99878,100,100217,100,99874,100,100309,100,99805,100,100362,100,99678,100,100460,100,99593,100
2019-06-28 09:56:50.000000000,100092,181,99942,181,100110,181,99941,181,100111,181,99934,181,100118,181,99913,181,100123,181,99878,181,100140,100,99874,100,100217,100,99805,100,100309,100,99678,100,100362,100,99593,100,100460,100,99433,100
2019-06-28 09:56:56.117003438,99959,100,99942,181,100092,181,99941,181,100110,181,99934,181,100111,181,99913,181,100118,181,99878,181,100123,181,99874,100,100140,100,99805,100,100217,100,99678,100,100309,100,99593,100,100362,100,99433,100
2019-06-28 09:56:57.644003292,99959,100,99942,181,100092,181,99941,181,100110,181,99934,181,100111,181,99913,181,100118,181,99878,181,100123,181,99874,100,100140,100,99805,100,100217,100,99678,100,100309,100,99593,100,100362,100,99444,100
2019-06-28 09:57:00.000000000,99959,238,99942,238,100092,234,99941,234,100110,234,99934,234,100111,100,99913,100,100118,100,99878,100,100123,100,99874,100,100140,100,99805,100,100217,100,99678,100,100309,100,99593,100,100362,100,99444,100
2019-06-28 09:57:02.092846737,99959,238,99942,138,100092,234,99941,234,100110,234,99934,234,100111,100,99913,100,100118,100,99878,100,100140,100,99874,100,100217,100,99805,100,100309,100,99678,100,100362,100,99593,100,100460,100,99444,100
2019-06-28 09:57:10.000000000,99959,181,99941,181,100092,181,99934,181,100110,181,99913,181,100111,181,99878,181,100118,181,99874,181,100140,100,99805,100,100217,100,99678,100,100309,100,99593,100,100362,100,99444,100,100460,100,99433,100
2019-06-28 09:57:15.729771723,99959,181,99941,81,100092,181,99934,181,100110,181,99913,181,100111,181,99878,181,100118,181,99874,181,100140,100,99805,100,100217,100,99678,100,100309,100,99593,100,100362,100,99444,100,100460,100,99433,100
2019-06-28 09:57:20.000000000,99959,506,99934,506,100092,100,99913,100,100110,100,99878,100,100111,100,99874,100,100118,100,99805,100,100140,100,99678,100,100217,100,99593,100,100309,100,99444,100,100362,100,99433,100,100460,100,99429,100
2019-06-28 09:57:24.693258778,99959,506,99934,506,100092,100,99913,100,100110,100,99878,100,100111,100,99874,100,100118,100,99805,100,100140,100,99678,100,100217,100,99593,100,100309,100,99444,100,100362,100,99433,100,100460,100,99429,100
2019-06-28 09:57:30.000000000,99959,238,99934,238,100092,234,99913,234,100110,234,99878,234,100111,100,99874,100,100118,100,99805,100,100140,100,99678,100,100217,100,99593,100,100309,100,99444,100,100362,100,99433,100,100460,100,99429,100
2019-06-28 09:57:40.000000000,99959,202,99934,202,100092,202,99913,202,100110,202,99878,202,100111,202,99874,202,100118,100,99805,100,100140,100,99678,100,100217,100,99593,100,100309,100,99444,100,100362,100,99433,100,100460,100,99429,100
2019-06-28 09:57:43.675918199,99959,202,99934,202,100092,202,99913,202,100110,202,99878,202,100111,202,99874,202,100118,100,99805,100,100140,100,99678,100,100217,100,99593,100,100309,100,99444,100,100362,100,99433,100,100460,100,99429,100
2019-06-28 09:57:50.000000000,99959,181,99934,181,100092,181,99913,181,100110,181,99878,181,100111,181,99874,181,100118,181,99805,181,100140,100,99678,100,100217,100,99593,100,100309,100,99444,100,100362,100,99433,100,100460,100,99429,100
2019-06-28 09:58:00.000000000,99959,181,99934,181,100092,181,99913,181,100110,181,99878,181,100111,181,99874,181,100118,181,99805,181,100140,100,99678,100,100217,100,99593,100,100309,100,99444,100,100362,100,99433,100,100460,100,99429,100
2019-06-28 09:58:10.000000000,99959,303,99934,303,100092,303,99913,303,100110,100,99878,100,100111,100,99874,100,100118,100,99805,100,100140,100,99678,100,100217,100,99593,100,100309,100,99444,100,100362,100,99433,100,100460,100,99429,100
2019-06-28 09:58:20.000000000,99959,506,99934,506,100092,100,99913,100,100110,100,99878,100,100111,100,99874,100,100118,100,99805,100,100140,100,99678,100,100217,100,99593,100,100309,100,99444,100,100362,100,99433,100,100460,100,99429,100
2019-06-28 09:58:30.000000000,99959,238,99934,238,100092,234,99913,234,100110,234,99878,234,100111,100,99874,100,100118,100,99805,100,100140,100,99678,100,100217,100,99593,100,100309,100,99444,100,100362,100,99433,100,100460,100,99429,100
2019-06-28 09:58:40.000000000,99959,181,99934,181,100092,181,99913,181,100110,181,99878,181,100111,181,99874,181,100118,181,99805,181,100140,100,99678,100,100217,100,99593,100,100309,100,99444,100,100362,100,99433,100,100460,100,99429,100
2019-06-28 09:58:50.000000000,99959,303,99934,303,100092,303,99913,303,100110,100,99878,100,100111,100,99874,100,100118,100,99805,100,100140,100,99678,100,100217,100,99593,100,100309,100,99444,100,100362,100,99433,100,100460,100,99429,100
2019-06-28 09:59:00.000000000,99959,506,99934,506,100092,100,99913,100,100110,100,99878,100,100111,100,99874,100,100118,100,99805,100,100140,100,99678,100,100217,100,99593,100,100309,100,99444,100,100362,100,99433,100,100460,100,99429,100
2019-06-28 09:59:05.896333183,99959,506,99934,406,100092,100,99913,100,100110,100,99878,100,100111,100,99874,100,100118,100,99805,100,100140,100,99678,100,100309,100,99593,100,100362,100,99444,100,100460,100,99433,100,100552,100,99429,100
2019-06-28 09:59:10.000000000,99959,238,99913,238,100092,234,99878,234,100110,234,99874,234,100111,100,99805,100,100118,100,99678,100,100140,100,99593,100,100309,100,99444,100,100362,100,99433,100,100460,100,99429,100,100552,100,99418,100
2019-06-28 09:59:15.189912628,99959,238,99913,238,100092,234,99878,234,100110,234,99874,234,100111,100,99805,100,100118,100,99678,100,100140,100,99593,100,100309,100,99444,100,100362,100,99433,100,100460,100,99429,100,100552,100,99418,100
2019-06-28 09:59:16.966124330,99959,238,99913,138,100092,234,99878,234,100110,234,99874,234,100111,100,99805,100,100118,100,99593,100,100140,100,99444,100,100309,100,99433,100,100362,100,99429,100,100460,100,99418,100,100552,100,99381,100
2019-06-28 09:59:20.000000000,99959,506,99878,506,100092,100,99874,100,100110,100,99805,100,100111,100,99593,100,100118,100,99444,100,100140,100,99433,100,100309,100,99429,100,100362,100,99418,100,100460,100,99381,100,100552,100,99361,100
2019-06-28 09:59:28.529799364,99959,506,99878,506,100110,100,99874,100,100111,100,99805,100,100118,100,99593,100,100140,100,99444,100,100309,100,99433,100,100362,100,99429,100,100460,100,99418,100,100552,100,99381,100,,,99361,100
2019-06-28 09:59:30.000000000,99959,202,99878,202,100110,202,99874,202,100111,202,99805,202,100118,202,99593,202,100140,100,99444,100,100309,100,99433,100,100362,100,99429,100,100460,100,99418,100,100552,100,99381,100,,,99361,100
2019-06-28 09:59:40.000000000,99959,303,99878,303,100110,303,99874,303,100111,100,99805,100,100118,100,99593,100,100140,100,99444,100,100309,100,99433,100,100362,100,99429,100,100460,100,99418,100,100552,100,99381,100,,,99361,100
2019-06-28 09:59:44.845581661,99934,100,99878,303,99959,303,99874,303,100110,303,99805,100,100111,100,99593,100,100118,100,99444,100,100140,100,99433,100,100309,100,99429,100,100362,100,99418,100,100460,100,99381,100,100552,100,99361,100
2019-06-28 09:59:50.000000000,99934,202,99878,202,99959,202,99874,202,100110,202,99805,202,100111,202,99593,202,100118,100,99444,100,100140,100,99433,100,100309,100,99429,100,100362,100,99418,100,100460,100,99381,100,100552,100,99361,100
2019-06-28 10:00:00.000000000,99934,506,99878,506,99959,100,99874,100,100110,100,99805,100,100111,100,99593,100,100118,100,99444,100,100140,100,99433,100,100309,100,99429,100,100362,100,99418,100,100460,100,99381,100,100552,100,99361,100
2019-06-28 10:00:03.818477755,99934,506,99878,406,99959,100,99874,100,100110,100,99805,100,100111,100,99593,100,100118,100,99444,100,100140,100,99433,100,100309,100,99429,100,100362,100,99418,100,100460,100,99361,100,100552,100,99327,100
2019-06-28 10:00:08.277224881,99934,506,99878,406,99959,100,99874,100,100110,100,99805,100,100111,100,99593,100,100118,100,99444,100,100140,100,99433,100,100309,100,99429,100,100362,100,99418,100,100460,100,99361,100,100552,100,99327,100
2019-06-28 10:00:10.000000000,99934,238,99874,238,99959,234,99805,234,100110,234,99593,234,100111,100,99444,100,100118,100,99433,100,100140,100,99429,100,100309,100,99418,100,100362,100,99361,100,100460,100,99327,100,100552,100,99288,100
2019-06-28 10:00:19.300259337,99913,100,99874,238,99934,238,99805,234,99959,134,99593,234,100110,234,99444,100,100111,100,99433,100,100118,100,99429,100,100140,100,99418,100,100309,100,99361,100,100362,100,99327,100,100460,100,99288,100
2019-06-28 10:00:20.000000000,99913,506,99874,506,99934,100,99805,100,100110,100,99593,100,100111,100,99444,100,100118,100,99433,100,100140,100,99429,100,100309,100,99418,100,100362,100,99361,100,100460,100,99327,100,100552,100,99288,100
2019-06-28 10:00:30.000000000,99913,303,99874,303,99934,303,99805,303,100110,100,99593,100,100111,100,99444,100,100118,100,99433,100,100140,100,99429,100,100309,100,99418,100,100362,100,99361,100,100460,100,99327,100,100552,100,99288,100
2019-06-28 10:00:33.433576134,99913,303,99874,303,99934,303,99805,303,100110,100,99593,100,100111,100,99444,100,100118,100,99433,100,100140,100,99429,100,100309,100,99418,100,100362,100,99361,100,100460,100,99327,100,100552,100,99288,100
2019-06-28 10:00:40.000000000,99913,202,99874,202,99934,202,99805,202,100110,202,99593,202,100111,202,99444,202,100118,100,99433,100,100140,100,99429,100,100309,100,99418,100,100362,100,99361,100,100460,100,99327,100,100552,100,99288,100
2019-06-28 10:00:41.640816100,99913,302,99874,202,99934,202,99805,202,100110,202,99593,202,100111,202,99444,202,100118,100,99433,100,100140,100,99429,100,100309,100,99418,100,100362,100,99361,100,100460,100,99327,100,100552,100,99288,100
2019-06-28 10:00:50.000000000,99913,403,99874,303,99934,303,99805,303,100110,100,99593,100,100111,100,99444,100,100118,100,99433,100,100140,100,99429,100,100309,100,99418,100,100362,100,99361,100,100460,100,99327,100,100552,100,99288,100
2019-06-28 10:01:00.000000000,99913,302,99874,202,99934,202,99805,202,100110,202,99593,202,100111,202,99444,202,100118,100,99433,100,100140,100,99429,100,100309,100,99418,100,100362,100,99361,100,100460,100,99327,100,100552,100,99288,100
2019-06-28 10:01:00.302858157,99913,402,99874,202,99934,202,99805,202,100110,202,99593,202,100111,202,99444,202,100118,100,99433,100,100140,100,99429,100,100309,100,99418,100,100362,100,99361,100,100460,100,99327,100,100552,100,99288,100
2019-06-28 10:01:10.000000000,99913,381,99874,181,99934,181,99805,181,100110,181,99593,181,100111,181,99444,181,100118,181,99433,181,100140,100,99429,100,100309,100,99418,100,100362,100,99361,100,100460,100,99327,100,100552,100,99288,100
2019-06-28 10:01:10.854154581,99913,381,99874,181,99934,181,99805,181,100110,181,99593,181,100111,181,99444,181,100118,181,99433,181,100140,100,99429,100,100309,100,99418,100,100362,100,99361,100,100460,100,99327,100,100552,100,99300,100
2019-06-28 10:01:20.000000000,99913,503,99874,303,99934,303,99805,303,100110,100,99593,100,100111,100,99444,100,100118,100,99433,100,100140,100,99429,100,100309,100,99418,100,100362,100,99361,100,100460,100,99327,100,100552,100,99300,100
2019-06-28 10:01:28.287869125,99913,503,99874,303,99934,303,99805,303,100110,100,99593,100,100111,100,99444,100,100118,100,99433,100,100140,100,99429,100,100309,100,99418,100,100362,100,99361,100,100460,100,99327,100,100552,100,99300,100
2019-06-28 10:01:30.000000000,99913,706,99874,506,99934,100,99805,100,100110,100,99593,100,100111,100,99444,100,100118,100,99433,100,100140,100,99429,100,100309,100,99418,100,100362,100,99361,100,100460,100,99327,100,100552,100,99300,100
2019-06-28 10:01:40.000000000,99913,402,99874,202,99934,202,99805,202,100110,202,99593,202,100111,202,99444,202,100118,100,99433,100,100140,100,99429,100,100309,100,99418,100,100362,100,99361,100,100460,100,99327,100,100552,100,99300,100
2019-06-28 10:01:50.000000000,99913,503,99874,303,99934,303,99805,303,100110,100,99593,100,100111,100,99444,100,100118,100,99433,100,100140,100,99429,100,100309,100,99418,100,100362,100,99361,100,100460,100,99327,100,100552,100,99300,100
2019-06-28 10:01:51.817699607,99913,603,99874,303,99934,303,99805,303,100110,100,99593,100,100111,100,99444,100,100118,100,99433,100,100140,100,99429,100,100309,100,99418,100,100362,100,99361,100,100460,100,99327,100,100552,100,99300,100
2019-06-28 10:01:53.204222169,99913,603,99874,303,99934,303,99805,303,100110,100,99593,100,100111,100,99433,100,100118,100,99429,100,100140,100,99418,100,100309,100,99361,100,100362,100,99327,100,100460,100,99300,100,100552,100,99288,100
2019-06-28 10:01:56.817862241,99913,603,99874,303,99934,303,99805,303,100110,100,99593,100,100111,100,99433,100,100118,100,99429,100,100140,100,99418,100,100309,100,99361,100,100362,100,99327,100,100460,100,99300,100,100552,100,99288,100
2019-06-28 10:02:00.000000000,99913,481,99874,181,99934,181,99805,181,100110,181,99593,181,100111,181,99433,181,100118,181,99429,181,100140,100,99418,100,100309,100,99361,100,100362,100,99327,100,100460,100,99300,100,100552,100,99288,100
2019-06-28 10:02:10.000000000,99913,502,99874,202,99934,202,99805,202,100110,202,99593,202,100111,202,99433,202,100118,100,99429,100,100140,100,99418,100,100309,100,99361,100,100362,100,99327,100,100460,100,99300,100,100552,100,99288,100
2019-06-28 10:02:20.000000000,99913,538,99874,238,99934,234,99805,234,100110,234,99593,234,100111,100,99433,100,100118,100,99429,100,100140,100,99418,100,100309,100,99361,100,100362,100,99327,100,100460,100,99300,100,100552,100,99288,100
2019-06-28 10:02:22.440574706,99913,538,99874,138,99934,234,99805,234,100110,234,99593,134,100111,100,99433,100,100118,100,99429,100,100140,100,99418,100,100309,100,99361,100,100362,100,99327,100,100460,100,99300,100,100552,100,99288,100
2019-06-28 10:02:24.763985284,99913,538,99874,38,99934,234,99805,234,100110,234,99593,134,100111,100,99433,100,100118,100,99429,100,100140,100,99418,100,100309,100,99361,100,100362,100,99327,100,100460,100,99300,100,100552,100,99288,100
2019-06-28 10:02:29.495813969,99874,62,99805,234,99913,538,99593,134,99934,234,99433,100,100110,234,99429,100,100111,100,99418,100,100118,100,99361,100,100140,100,99327,100,100309,100,99300,100,100362,100,99288,100,100460,100,99193,100
2019-06-28 10:02:30.000000000,99874,164,99805,202,99913,502,99433,202,99934,202,99429,202,100110,202,99418,202,100111,100,99361,100,100118,100,99327,100,100140,100,99300,100,100309,100,99288,100,100362,100,99193,100,100460,100,99128,100
2019-06-28 10:02:40.000000000,99874,200,99805,238,99913,534,99433,234,99934,234,99429,234,100110,100,99418,100,100111,100,99361,100,100118,100,99327,100,100140,100,99300,100,100309,100,99288,100,100362,100,99193,100,100460,100,99128,100
2019-06-28 10:02:43.864085502,99874,200,99805,138,99913,534,99433,234,99934,234,99429,234,100110,100,99418,100,100111,100,99361,100,100118,100,99327,100,100140,100,99300,100,100309,100,99288,100,100362,100,99193,100,100460,100,99128,100
2019-06-28 10:02:50.000000000,99874,265,99433,303,99913,603,99429,303,99934,100,99418,100,100110,100,99361,100,100111,100,99327,100,100118,100,99300,100,100140,100,99288,100,100309,100,99193,100,100362,100,99128,100,100460,100,98914,100
2019-06-28 10:03:00.000000000,99874,200,99433,238,99913,534,99429,234,99934,234,99418,234,100110,100,99361,100,100111,100,99327,100,100118,100,99300,100,100140,100,99288,100,100309,100,99193,100,100362,100,99128,100,100460,100,98914,100
2019-06-28 10:03:10.000000000,99874,164,99433,202,99913,502,99429,202,99934,202,99418,202,100110,202,99361,202,100111,100,99327,100,100118,100,99300,100,100140,100,99288,100,100309,100,99193,100,100362,100,99128,100,100460,100,98914,100
2019-06-28 10:03:20.000000000,99874,468,99433,506,99913,400,99429,100,99934,100,99418,100,100110,100,99361,100,100111,100,99327,100,100118,100,99300,100,100140,100,99288,100,100309,100,99193,100,100362,100,99128,100,100460,100,98914,100
2019-06-28 10:03:30.000000000,99874,265,99433,303,99913,603,99429,303,99934,100,99418,100,100110,100,99361,100,100111,100,99327,100,100118,100,99300,100,100140,100,99288,100,100309,100,99193,100,100362,100,99128,100,100460,100,98914,100
2019-06-28 10:03:40.000000000,99874,143,99433,181,99913,481,99429,181,99934,181,99418,181,100110,181,99361,181,100111,181,99327,181,100118,100,99300,100,100140,100,99288,100,100309,100,99193,100,100362,100,99128,100,100460,100,98914,100
2019-06-28 10:03:50.000000000,99874,164,99433,202,99913,502,99429,202,99934,202,99418,202,100110,202,99361,202,100111,100,99327,100,100118,100,99300,100,100140,100,99288,100,100309,100,99193,100,100362,100,99128,100,100460,100,98914,100
2019-06-28 10:04:00.000000000,99874,200,99433,238,99913,534,99429,234,99934,234,99418,234,100110,100,99361,100,100111,100,99327,100,100118,100,99300,100,100140,100,99288,100,100309,100,99193,100,100362,100,99128,100,100460,100,98914,100
2019-06-28 10:04:01.105844337,99873,100,99433,238,99874,200,99429,234,99913,534,99418,234,99934,234,99361,100,100110,100,99327,100,100111,100,99300,100,100118,100,99288,100,100140,100,99193,100,100309,100,99128,100,100362,100,98914,100
2019-06-28 10:04:05.335495736,99499,100,99433,238,99873,100,99429,234,99874,200,99418,234,99913,534,99361,100,99934,234,99327,100,100110,100,99300,100,100111,100,99288,100,100118,100,99193,100,100140,100,99128,100,100309,100,98914,100
2019-06-28 10:04:10.000000000,99499,506,99433,506,99873,100,99429,100,99874,62,99418,100,99913,400,99361,100,99934,100,99327,100,100110,100,99300,100,100111,100,99288,100,100118,100,99193,100,100140,100,99128,100,100309,100,98914,100
2019-06-28 10:04:14.880848885,99499,506,99433,506,99647,100,99429,100,99873,100,99418,100,99874,62,99361,100,99913,400,99327,100,99934,100,99300,100,100110,100,99288,100,100111,100,99193,100,100118,100,99128,100,100140,100,98914,100
2019-06-28 10:04:17.963698115,99499,506,99433,506,99647,100,99429,100,99687,100,99418,100,99873,100,99361,100,99874,62,99327,100,99913,400,99300,100,99934,100,99288,100,100110,100,99193,100,100111,100,99128,100,100118,100,98914,100
2019-06-28 10:04:20.000000000,99499,181,99433,181,99647,181,99429,181,99687,181,99418,181,99873,181,99361,181,99874,143,99327,181,99913,400,99300,100,99934,100,99288,100,100110,100,99193,100,100111,100,99128,100,100118,100,98914,100
2019-06-28 10:04:22.735815609,99499,181,99433,181,99555,100,99429,181,99647,181,99418,181,99687,181,99361,181,99873,181,99327,181,99874,143,99300,100,99913,400,99288,100,99934,100,99193,100,100110,100,99128,100,100111,100,98914,100
2019-06-28 10:04:23.623912431,99499,181,99433,181,99555,100,99429,181,99647,181,99418,181,99687,181,99417,100,99873,181,99361,181,99874,143,99327,181,99913,400,99300,100,99934,100,99288,100,100110,100,99193,100,100111,100,99128,100
2019-06-28 10:04:30.000000000,99499,506,99433,506,99555,100,99429,100,99647,100,99418,100,99687,100,99417,100,99873,100,99361,100,99874,62,99327,100,99913,400,99300,100,99934,100,99288,100,100110,100,99193,100,100111,100,99128,100
2019-06-28 10:04:40.000000000,99499,181,99433,181,99555,181,99429,181,99647,181,99418,181,99687,181,99417,181,99873,181,99361,181,99874,62,99327,100,99913,400,99300,100,99934,100,99288,100,100110,100,99193,100,100111,100,99128,100
2019-06-28 10:04:41.221760880,99499,181,99443,100,99555,181,99433,81,99647,181,99429,181,99687,181,99418,181,99873,181,99417,181,99874,62,99361,181,99913,400,99327,100,99934,100,99300,100,100110,100,99288,100,100111,100,99193,100
2019-06-28 10:04:43.816507742,99499,181,99443,100,99555,181,99433,81,99647,181,99429,181,99687,181,99418,181,99873,281,99417,181,99874,62,99361,181,99913,400,99327,100,99934,100,99300,100,100110,100,99288,100,100111,100,99193,100
2019-06-28 10:04:43.937180389,99499,81,99443,100,99555,181,99433,81,99647,181,99429,181,99687,181,99418,181,99873,281,99417,181,99874,62,99361,181,99913,400,99327,100,99934,100,99300,100,100110,100,99288,100,100111,100,99193,100
2019-06-28 10:04:50.000000000,99555,303,99443,303,99647,303,99429,303,99687,100,99418,100,99873,200,99417,100,99874,62,99361,100,99913,400,99327,100,99934,100,99300,100,100110,100,99288,100,100111,100,99193,100,100118,100,99128,100
2019-06-28 10:04:52.372939193,99550,100,99443,303,99555,303,99429,303,99647,303,99418,100,99687,100,99417,100,99873,200,99361,100,99874,62,99327,100,99913,400,99300,100,99934,100,99288,100,100110,100,99193,100,100111,100,99128,100
2019-06-28 10:04:58.589521023,99555,303,99443,303,99647,303,99429,303,99687,100,99418,100,99873,200,99417,100,99874,62,99361,100,99913,400,99327,100,99934,100,99300,100,100110,100,99288,100,100111,100,99193,100,100118,100,99128,100
2019-06-28 10:05:00.000000000,99555,202,99443,202,99647,202,99429,202,99687,202,99418,202,99873,302,99417,202,99874,62,99361,100,99913,400,99327,100,99934,100,99300,100,100110,100,99288,100,100111,100,99193,100,100118,100,99128,100
2019-06-28 10:05:10.000000000,99555,202,99443,202,99647,202,99429,202,99687,202,99418,202,99873,302,99417,202,99874,62,99361,100,99913,400,99327,100,99934,100,99300,100,100110,100,99288,100,100111,100,99193,100,100118,100,99128,100
2019-06-28 10:05:14.957154298,99555,202,99494,100,99647,202,99443,202,99687,202,99429,202,99873,302,99418,202,99874,62,99417,202,99913,400,99361,100,99934,100,99327,100,100110,100,99300,100,100111,100,99288,100,100118,100,99193,100
2019-06-28 10:05:18.108469837,99555,202,99499,100,99647,202,99494,100,99687,202,99443,202,99873,302,99429,202,99874,62,99418,202,99913,400,99417,202,99934,100,99361,100,100110,100,99327,100,100111,100,99300,100,100118,100,99288,100
2019-06-28 10:05:18.307166398,99555,202,99499,200,99647,202,99494,100,99687,202,99443,202,99873,302,99429,202,99874,62,99418,202,99913,400,99417,202,99934,100,99361,100,100110,100,99327,100,100111,100,99300,100,100118,100,99288,100
2019-06-28 10:05:20.000000000,99555,303,99499,403,99647,303,99494,303,99687,100,99443,100,99873,200,99429,100,99874,62,99418,100,99913,400,99417,100,99934,100,99361,100,100110,100,99327,100,100111,100,99300,100,100118,100,99288,100
2019-06-28 10:05:21.457383271,99555,203,99499,403,99647,303,99494,303,99873,200,99443,100,99874,62,99429,100,99913,400,99418,100,99934,100,99417,100,100110,100,99361,100,100111,100,99327,100,100118,100,99300,100,100140,100,99288,100
2019-06-28 10:05:23.863383373,99555,203,99499,403,99647,303,99494,303,99857,100,99443,100,99873,200,99429,100,99874,62,99418,100,99913,400,99417,100,99934,100,99361,100,100110,100,99327,100,100111,100,99300,100,100118,100,99288,100
2019-06-28 10:05:23.919167250,99555,203,99499,403,99647,303,99494,303,99857,100,99443,100,99873,200,99429,100,99874,62,99418,100,99912,100,99417,100,99913,400,99361,100,99934,100,99327,100,100110,100,99300,100,100111,100,99288,100
2019-06-28 10:05:30.000000000,99647,181,99499,281,99857,181,99494,181,99873,281,99443,181,99874,143,99429,181,99912,181,99418,181,99913,400,99417,100,99934,100,99361,100,100110,100,99327,100,100111,100,99300,100,100118,100,99288,100
2019-06-28 10:05:32.993620672,99647,181,99499,281,99857,81,99494,181,99873,281,99443,181,99874,143,99429,181,99912,181,99418,181,99913,400,99417,100,99934,100,99395,100,100110,100,99361,100,100111,100,99327,100,100118,100,99300,100
2019-06-28 10:05:40.000000000,99647,202,99499,302,99873,302,99494,202,99874,164,99443,202,99912,202,99429,202,99913,400,99418,100,99934,100,99417,100,100110,100,99395,100,100111,100,99361,100,100118,100,99327,100,100140,100,99300,100
2019-06-28 10:05:50.000000000,99647,202,99499,302,99873,302,99494,202,99874,164,99443,202,99912,202,99429,202,99913,400,99418,100,99934,100,99417,100,100110,100,99395,100,100111,100,99361,100,100118,100,99327,100,100140,100,99300,100
2019-06-28 10:05:50.052499956,99647,202,99499,302,99873,302,99494,202,99874,164,99443,202,99912,202,99429,202,99913,400,99418,100,99934,100,99417,100,100110,100,99395,100,100111,100,99361,100,100118,100,99327,100,100140,100,99300,100
2019-06-28 10:05:50.327516249,99647,202,99499,302,99873,302,99494,202,99874,164,99443,202,99912,202,99429,202,99913,400,99418,100,99934,100,99417,100,100110,100,99395,100,100111,100,99361,100,100118,100,99327,100,100140,100,99300,100
2019-06-28 10:06:00.000000000,99647,506,99499,606,99873,200,99494,100,99874,62,99443,100,99912,100,99429,100,99913,400,99418,100,99934,100,99417,100,100110,100,99395,100,100111,100,99361,100,100118,100,99327,100,100140,100,99300,100
2019-06-28 10:06:10.000000000,99647,303,99499,403,99873,403,99494,303,99874,62,99443,100,99912,100,99429,100,99913,400,99418,100,99934,100,99417,100,100110,100,99395,100,100111,100,99361,100,100118,100,99327,100,100140,100,99300,100
2019-06-28 10:06:10.295813936,99554,100,99499,403,99647,303,99494,303,99873,403,99443,100,99874,62,99429,100,99912,100,99418,100,99913,400,99417,100,100110,100,99395,100,100111,100,99361,100,100118,100,99327,100,100140,100,99300,100
2019-06-28 10:06:20.000000000,99554,506,99499,606,99647,100,99494,100,99873,200,99443,100,99874,62,99429,100,99912,100,99418,100,99913,400,99417,100,100110,100,99395,100,100111,100,99361,100,100118,100,99327,100,100140,100,99300,100
2019-06-28 10:06:23.549581131,99554,506,99505,100,99647,100,99499,606,99873,200,99494,100,99874,62,99443,100,99912,100,99429,100,99913,400,99418,100,100110,100,99417,100,100111,100,99395,100,100118,100,99361,100,100140,100,99327,100
2019-06-28 10:06:26.244551528,99554,506,99499,606,99647,100,99494,100,99680,100,99443,100,99873,200,99429,100,99874,62,99418,100,99912,100,99417,100,99913,400,99395,100,100110,100,99361,100,100111,100,99327,100,100118,100,99300,100
2019-06-28 10:06:30.000000000,99554,181,99499,281,99647,181,99494,181,99680,181,99443,181,99873,281,99429,181,99874,143,99418,181,99912,100,99417,100,99913,400,99395,100,100110,100,99361,100,100111,100,99327,100,100118,100,99300,100
2019-06-28 10:06:33.933371391,99554,181,99499,281,99647,181,99494,181,99680,181,99443,181,99873,281,99429,181,99874,143,99418,181,99912,100,99417,100,99913,400,99395,100,100110,100,99361,100,100111,100,99327,100,100118,100,99300,100
2019-06-28 10:06:34.641998702,99554,181,99499,281,99647,181,99494,181,99680,181,99443,81,99873,281,99429,181,99874,143,99418,181,99912,100,99417,100,99913,400,99395,100,100110,100,99361,100,100111,100,99327,100,100118,100,99300,100
2019-06-28 10:06:40.000000000,99554,303,99499,403,99647,303,99494,303,99680,100,99429,100,99873,200,99418,100,99874,62,99417,100,99912,100,99395,100,99913,400,99361,100,100110,100,99327,100,100111,100,99300,100,100118,100,99288,100
2019-06-28 10:06:43.086595061,99554,303,99499,403,99647,303,99494,303,99680,100,99429,100,99873,200,99418,100,99874,62,99417,100,99912,100,99395,100,99913,300,99361,100,100110,100,99327,100,100111,100,99300,100,100118,100,99288,100
