,ask_price_1,ask_size_1,bid_price_1,bid_size_1,ask_price_2,ask_size_2,bid_price_2,bid_size_2,ask_price_3,ask_size_3,bid_price_3,bid_size_3,ask_price_4,ask_size_4,bid_price_4,bid_size_4,ask_price_5,ask_size_5,bid_price_5,bid_size_5,ask_price_6,ask_size_6,bid_price_6,bid_size_6,ask_price_7,ask_size_7,bid_price_7,bid_size_7,ask_price_8,ask_size_8,bid_price_8,bid_size_8,ask_price_9,ask_size_9,bid_price_9,bid_size_9,ask_price_10,ask_size_10,bid_price_10,bid_size_10
2019-06-28 09:30:00.000000001,100134,100,,,,,,,,,,,,,,,,,,,,,,,,,,,,,,,,,,,,,,
2019-06-28 09:30:00.000000002,100006,100,,,100134,100,,,,,,,,,,,,,,,,,,,,,,,,,,,,,,,,,,
2019-06-28 09:30:00.000000011,100006,100,99882,100,100134,100,,,,,,,,,,,,,,,,,,,,,,,,,,,,,,,,,,
2019-06-28 09:30:00.000000012,99998,100,99882,100,100006,100,,,100134,100,,,,,,,,,,,,,,,,,,,,,,,,,,,,,,
2019-06-28 09:30:00.000000013,99998,100,99882,100,100006,100,99856,100,100134,100,,,,,,,,,,,,,,,,,,,,,,,,,,,,,,
2019-06-28 09:30:00.000000014,99998,100,99904,100,100006,100,99882,100,100134,100,99856,100,,,,,,,,,,,,,,,,,,,,,,,,,,,,
2019-06-28 09:30:00.000000016,99998,100,99904,100,100006,100,99882,100,100069,100,99856,100,100134,100,,,,,,,,,,,,,,,,,,,,,,,,,,
2019-06-28 09:30:00.000000019,99998,100,99904,100,100006,100,99882,100,100034,100,99856,100,100066,100,,,100069,100,,,100134,100,,,,,,,,,,,,,,,,,,
2019-06-28 09:30:00.000000020,99998,100,99960,100,100006,100,99904,100,100034,100,99882,100,100066,100,99856,100,100069,100,,,100134,100,,,,,,,,,,,,,,,,,,
2019-06-28 09:30:00.000000021,99998,100,99960,100,100006,100,99907,100,100034,100,99904,100,100066,100,99882,100,100069,100,99856,100,100134,100,,,,,,,,,,,,,,,,,,
2019-06-28 09:30:00.000000024,100006,100,99960,100,100034,100,99907,100,100066,100,99904,100,100069,100,99901,100,100134,100,99882,100,,,99856,100,,,,,,,,,,,,,,,,
2019-06-28 09:30:00.000000026,100006,100,99960,100,100034,100,99922,100,100066,100,99907,100,100069,100,99904,100,100134,100,99901,100,,,99882,100,,,99856,100,,,,,,,,,,,,
2019-06-28 09:30:00.000000027,99983,100,99960,100,100006,100,99932,100,100034,100,99922,100,100066,100,99907,100,100069,100,99904,100,100134,100,99901,100,,,99882,100,,,99856,100,,,,,,,,
2019-06-28 09:30:00.000000029,99983,100,99960,100,100006,100,99938,100,100034,100,99932,100,100066,100,99922,100,100069,100,99907,100,100134,100,99904,100,,,99901,100,,,99882,100,,,99856,100,,,,
2019-06-28 09:30:00.000000030,99983,100,99960,100,100006,100,99938,100,100034,100,99932,100,100066,100,99922,100,100069,100,99907,100,100134,100,99904,100,100148,100,99901,100,,,99882,100,,,99856,100,,,,
2019-06-28 09:30:00.000000032,99983,100,99960,100,100006,100,99938,100,100034,100,99932,100,100038,100,99922,100,100066,100,99907,100,100069,100,99904,100,100134,100,99901,100,100148,100,99882,100,,,99856,100,,,,
2019-06-28 09:30:00.000000033,99983,100,99960,100,100006,100,99938,100,100034,100,99932,100,100038,100,99922,100,100066,100,99907,100,100069,100,99904,100,100084,100,99901,100,100134,100,99882,100,100148,100,99856,100,,,,
2019-06-28 09:30:00.000000035,100006,100,99960,100,100034,100,99938,100,100038,100,99932,100,100066,100,99922,100,100069,100,99907,100,100084,100,99904,100,100134,100,99901,100,100148,100,99882,100,,,99856,100,,,,
2019-06-28 09:30:00.000000039,99994,100,99960,100,100006,100,99938,100,100034,100,99932,100,100038,100,99922,100,100066,100,99907,100,100069,100,99904,100,100084,100,99901,100,100134,100,99882,100,100148,100,99856,100,,,,
2019-06-28 09:30:00.000000040,100006,100,99960,100,100034,100,99938,100,100038,100,99932,100,100066,100,99922,100,100069,100,99907,100,100084,100,99904,100,100134,100,99901,100,100148,100,99882,100,,,99856,100,,,,
2019-06-28 09:30:00.000000041,100006,100,99983,100,100034,100,99960,100,100038,100,99938,100,100066,100,99932,100,100069,100,99922,100,100084,100,99907,100,100134,100,99904,100,100148,100,99901,100,,,99882,100,,,99856,100
2019-06-28 09:30:00.000000043,100006,100,99983,100,100034,100,99960,100,100038,100,99938,100,100066,100,99932,100,100069,100,99922,100,100084,100,99908,100,100134,100,99907,100,100148,100,99904,100,,,99901,100,,,99882,100
2019-06-28 09:30:00.000000045,100006,100,99983,100,100034,100,99960,100,100038,100,99938,100,100066,100,99932,100,100069,100,99922,100,100084,100,99908,100,100134,100,99907,100,100148,100,99904,100,100174,100,99901,100,,,99882,100
2019-06-28 09:30:00.000000048,100006,100,99983,100,100034,100,99960,100,100038,100,99938,100,100047,100,99932,100,100066,100,99922,100,100069,100,99908,100,100084,100,99907,100,100134,100,99904,100,100148,100,99901,100,100174,100,99882,100
2019-06-28 09:30:00.000000050,99994,100,99983,100,100006,100,99960,100,100034,100,99938,100,100038,100,99932,100,100047,100,99922,100,100066,100,99908,100,100069,100,99907,100,100084,100,99904,100,100134,100,99901,100,100148,100,99882,100
2019-06-28 09:30:00.000000052,99994,100,99960,100,100006,100,99938,100,100034,100,99932,100,100038,100,99922,100,100047,100,99908,100,100066,100,99907,100,100069,100,99904,100,100084,100,99901,100,100134,100,99882,100,100148,100,99856,100
2019-06-28 09:30:00.000000054,99994,100,99960,100,100006,100,99942,100,100018,100,99938,100,100034,100,99932,100,100038,100,99922,100,100047,100,99908,100,100066,100,99907,100,100069,100,99904,100,100084,100,99901,100,100134,100,99882,100
2019-06-28 09:30:00.000000055,99994,100,99960,100,100006,100,99942,100,100018,100,99938,100,100034,100,99934,100,100038,100,99932,100,100047,100,99922,100,100066,100,99908,100,100069,100,99907,100,100084,100,99904,100,100134,100,99901,100
2019-06-28 09:30:00.000000056,99989,100,99960,100,99994,100,99942,100,100006,100,99938,100,100018,100,99934,100,100034,100,99932,100,100038,100,99922,100,100047,100,99908,100,100066,100,99907,100,100069,100,99904,100,100084,100,99901,100
2019-06-28 09:30:00.000000058,99994,100,99960,100,100006,100,99942,100,100018,100,99938,100,100034,100,99934,100,100038,100,99932,100,100047,100,99922,100,100066,100,99908,100,100069,100,99907,100,100084,100,99904,100,100134,100,99901,100
2019-06-28 09:30:00.000000060,99994,100,99942,100,100006,100,99938,100,100018,100,99934,100,100034,100,99932,100,100038,100,99922,100,100047,100,99908,100,100066,100,99907,100,100069,100,99904,100,100084,100,99901,100,100134,100,99882,100
2019-06-28 09:30:00.000000062,99994,100,99960,100,100006,100,99942,100,100018,100,99938,100,100034,100,99934,100,100038,100,99932,100,100047,100,99922,100,100066,100,99908,100,100069,100,99907,100,100084,100,99904,100,100134,100,99901,100
2019-06-28 09:30:00.000000066,99994,100,99960,100,100004,100,99942,100,100006,100,99938,100,100018,100,99934,100,100034,100,99932,100,100038,100,99922,100,100047,100,99908,100,100066,100,99907,100,100069,100,99904,100,100084,100,99901,100
2019-06-28 09:30:00.000000067,99994,100,99960,100,100004,100,99942,100,100006,100,99938,100,100018,100,99934,100,100034,100,99932,100,100038,100,99922,100,100047,100,99908,100,100050,100,99907,100,100066,100,99904,100,100069,100,99901,100
2019-06-28 09:30:00.000000068,99994,100,99960,100,100004,100,99942,100,100006,100,99938,100,100018,100,99934,100,100034,100,99932,100,100038,100,99931,100,100047,100,99922,100,100050,100,99908,100,100066,100,99907,100,100069,100,99904,100
2019-06-28 09:30:00.000000070,99994,100,99960,100,100004,100,99942,100,100006,100,99938,100,100018,100,99934,100,100034,100,99932,100,100038,100,99931,100,100047,100,99922,100,100050,100,99908,100,100066,100,99907,100,100069,100,99904,100
2019-06-28 09:30:00.000000071,99994,100,99960,100,100004,100,99945,100,100006,100,99942,100,100018,100,99938,100,100034,100,99934,100,100038,100,99932,100,100047,100,99931,100,100050,100,99922,100,100066,100,99908,100,100069,100,99907,100
2019-06-28 09:30:00.000000072,99994,100,99987,100,100004,100,99960,100,100006,100,99945,100,100018,100,99942,100,100034,100,99938,100,100038,100,99934,100,100047,100,99932,100,100050,100,99931,100,100066,100,99922,100,100069,100,99908,100
2019-06-28 09:30:00.000000073,99994,100,99987,100,100004,100,99960,100,100006,100,99945,100,100018,100,99942,100,100034,100,99938,100,100038,100,99934,100,100047,100,99932,100,100050,100,99931,100,100066,100,99922,100,100069,100,99908,100
2019-06-28 09:30:00.000000074,99994,100,99987,100,100004,100,99960,100,100006,100,99945,100,100018,100,99942,100,100019,100,99938,100,100034,100,99934,100,100038,100,99932,100,100047,100,99931,100,100050,100,99922,100,100066,100,99908,100
2019-06-28 09:30:00.000000075,99994,100,99987,100,100004,100,99960,100,100006,100,99945,100,100018,100,99942,100,100019,100,99938,100,100034,100,99934,100,100038,100,99932,100,100047,100,99931,100,100050,100,99922,100,100066,100,99908,100
2019-06-28 09:30:00.000000080,99994,100,99987,100,100004,100,99960,100,100006,100,99945,100,100018,100,99942,100,100019,100,99938,100,100034,100,99934,100,100038,100,99932,100,100047,100,99931,100,100050,100,99922,100,100066,100,99908,100
2019-06-28 09:30:00.000000081,99994,100,99987,100,100004,100,99960,100,100006,100,99945,100,100018,100,99942,100,100019,100,99938,100,100034,100,99934,100,100038,100,99932,100,100047,100,99931,100,100050,100,99922,100,100066,100,99908,100
2019-06-28 09:30:00.000000082,99994,100,99987,100,100004,100,99960,100,100006,100,99945,100,100018,100,99943,100,100019,100,99942,100,100034,100,99938,100,100038,100,99934,100,100047,100,99932,100,100050,100,99931,100,100066,100,99922,100
2019-06-28 09:30:00.000000085,99994,100,99987,100,100004,100,99960,100,100006,100,99945,100,100018,100,99943,100,100019,100,99942,100,100034,100,99938,100,100038,100,99934,100,100047,100,99932,100,100050,100,99931,100,100066,100,99922,100
2019-06-28 09:30:00.000000087,99994,100,99987,100,100004,100,99960,100,100006,100,99945,100,100018,100,99943,100,100019,100,99942,100,100034,100,99938,100,100038,100,99936,100,100047,100,99934,100,100050,100,99932,100,100066,100,99931,100
2019-06-28 09:30:00.000000088,99994,100,99987,100,100004,100,99960,100,100006,100,99945,100,100018,100,99943,100,100019,100,99942,100,100034,100,99938,100,100038,100,99936,100,100047,100,99934,100,100050,100,99932,100,100066,100,99931,100
2019-06-28 09:30:00.000000092,99989,100,99987,100,99994,100,99960,100,100004,100,99946,100,100006,100,99945,100,100018,100,99943,100,100019,100,99942,100,100034,100,99938,100,100038,100,99936,100,100047,100,99934,100,100050,100,99932,100
2019-06-28 09:30:00.000000093,99989,100,99987,100,99994,100,99965,100,100004,100,99960,100,100006,100,99946,100,100018,100,99945,100,100019,100,99943,100,100034,100,99942,100,100038,100,99938,100,100047,100,99936,100,100050,100,99934,100
2019-06-28 09:30:00.000000094,99989,100,99987,100,99994,100,99974,100,100004,100,99965,100,100006,100,99960,100,100018,100,99946,100,100019,100,99945,100,100034,100,99943,100,100038,100,99942,100,100047,100,99938,100,100050,100,99936,100
2019-06-28 09:30:00.000000095,99989,100,99987,100,99994,100,99974,100,100004,100,99965,100,100006,100,99960,200,100018,100,99946,100,100019,100,99945,100,100034,100,99943,100,100038,100,99942,100,100047,100,99938,100,100050,100,99936,100
2019-06-28 09:30:00.000000098,99989,100,99987,100,99994,100,99974,100,100004,100,99965,100,100006,100,99960,300,100018,100,99946,100,100019,100,99945,100,100034,100,99943,100,100038,100,99942,100,100047,100,99938,100,100050,100,99936,100
2019-06-28 09:30:10.000000000,99989,321,99987,321,99994,321,99974,321,100004,100,99965,100,100006,100,99960,300,100018,100,99946,100,100019,100,99945,100,100034,100,99943,100,100038,100,99942,100,100047,100,99938,100,100050,100,99936,100
2019-06-28 09:30:15.261771211,99989,321,99987,321,99994,321,99974,321,100004,100,99965,100,100006,100,99960,200,100018,100,99946,100,100019,100,99945,100,100034,100,99943,100,100038,100,99942,100,100047,100,99938,100,100050,100,99936,100
2019-06-28 09:30:20.000000000,99989,210,99987,210,99994,210,99974,210,100004,210,99965,210,100006,210,99960,310,100018,100,99946,100,100019,100,99945,100,100034,100,99943,100,100038,100,99942,100,100047,100,99938,100,100050,100,99936,100
2019-06-28 09:30:24.764491634,99989,210,99987,210,99994,110,99974,210,100004,210,99965,210,100006,210,99960,410,100018,100,99946,100,100019,100,99945,100,100034,100,99943,100,100038,100,99942,100,100047,100,99938,100,100050,100,99936,100
2019-06-28 09:30:30.000000000,99989,321,99987,321,100004,321,99974,321,100006,100,99965,100,100018,100,99960,300,100019,100,99946,100,100034,100,99945,100,100038,100,99943,100,100047,100,99942,100,100050,100,99938,100,100063,100,99936,100
2019-06-28 09:30:40.000000000,99989,321,99987,321,100004,321,99974,321,100006,100,99965,100,100018,100,99960,300,100019,100,99946,100,100034,100,99945,100,100038,100,99943,100,100047,100,99942,100,100050,100,99938,100,100063,100,99936,100
2019-06-28 09:30:43.014117253,99989,321,99987,321,100004,321,99974,321,100006,100,99965,100,100018,100,99960,300,100019,100,99946,100,100034,100,99945,100,100038,100,99943,100,100047,100,99942,100,100063,100,99938,100,100066,100,99936,100
2019-06-28 09:30:50.000000000,99989,188,99987,188,100004,188,99974,188,100006,188,99965,188,100018,188,99960,388,100019,188,99946,188,100034,100,99945,100,100038,100,99943,100,100047,100,99942,100,100063,100,99938,100,100066,100,99936,100
2019-06-28 09:30:53.227774904,99989,88,99987,188,100004,188,99974,88,100006,188,99965,188,100018,188,99960,388,100019,188,99946,188,100034,100,99945,100,100038,100,99943,100,100047,100,99942,100,100063,100,99938,100,100066,100,99936,100
2019-06-28 09:30:53.692161810,99989,88,99988,100,100004,188,99987,188,100006,188,99974,88,100018,188,99965,188,100019,188,99960,388,100034,100,99946,188,100038,100,99945,100,100047,100,99943,100,100063,100,99942,100,100066,100,99938,100
2019-06-28 09:30:54.506593328,100004,188,99989,12,100006,188,99988,100,100018,188,99987,188,100019,188,99974,88,100034,100,99965,188,100038,100,99960,388,100047,100,99946,188,100063,100,99945,100,100066,100,99943,100,100069,100,99942,100
2019-06-28 09:31:00.000000000,100004,188,99989,100,100006,188,99988,188,100018,188,99987,188,100019,188,99965,188,100034,188,99960,388,100038,100,99946,100,100047,100,99945,100,100063,100,99943,100,100066,100,99942,100,100069,100,99938,100
2019-06-28 09:31:05.462216354,100004,188,99989,200,100006,188,99988,188,100018,188,99987,188,100019,188,99965,188,100034,188,99960,288,100038,100,99946,100,100047,100,99945,100,100063,100,99943,100,100066,100,99942,100,100069,100,99938,100
2019-06-28 09:31:10.000000000,100004,250,99989,262,100006,246,99988,246,100018,246,99987,246,100019,100,99965,100,100034,100,99960,200,100038,100,99946,100,100047,100,99945,100,100063,100,99943,100,100066,100,99942,100,100069,100,99938,100
2019-06-28 09:31:15.035105803,100004,250,99989,362,100006,246,99988,246,100018,246,99987,246,100019,100,99965,100,100034,100,99960,200,100038,100,99946,100,100047,100,99945,100,100063,100,99943,100,100066,100,99942,100,100069,100,99938,100
2019-06-28 09:31:20.000000000,100004,250,99989,362,100006,246,99988,246,100018,246,99987,246,100019,100,99965,100,100034,100,99960,200,100038,100,99946,100,100047,100,99945,100,100063,100,99943,100,100066,100,99942,100,100069,100,99938,100
2019-06-28 09:31:30.000000000,100004,250,99989,362,100006,246,99988,246,100018,246,99987,246,100019,100,99965,100,100034,100,99960,200,100038,100,99946,100,100047,100,99945,100,100063,100,99943,100,100066,100,99942,100,100069,100,99938,100
2019-06-28 09:31:40.000000000,100004,321,99989,433,100006,321,99988,321,100018,100,99987,100,100019,100,99965,100,100034,100,99960,200,100038,100,99946,100,100047,100,99945,100,100063,100,99943,100,100066,100,99942,100,100069,100,99938,100
2019-06-28 09:31:40.663176275,100004,321,99989,433,100006,321,99988,321,100018,100,99987,100,100019,100,99965,100,100034,100,99960,200,100038,100,99946,100,100047,100,99945,100,100063,100,99943,100,100066,100,99942,100,100069,100,99938,100
2019-06-28 09:31:50.000000000,100004,210,99989,322,100006,210,99988,210,100018,210,99987,210,100019,210,99965,210,100034,100,99960,200,100038,100,99946,100,100047,100,99945,100,100063,100,99943,100,100066,100,99942,100,100069,100,99938,100
2019-06-28 09:31:54.621843146,100004,210,99989,422,100006,210,99988,210,100018,210,99987,210,100019,210,99965,210,100034,100,99960,200,100038,100,99946,100,100047,100,99945,100,100063,100,99943,100,100066,100,99942,100,100069,100,99938,100
2019-06-28 09:31:56.260387448,100004,110,99989,422,100006,210,99988,210,100018,210,99987,210,100019,210,99965,210,100034,100,99960,200,100038,100,99946,100,100047,100,99945,100,100063,100,99943,100,100066,100,99938,100,100069,100,99936,100
2019-06-28 09:32:00.000000000,100006,188,99989,400,100018,188,99988,188,100019,188,99987,188,100034,188,99965,188,100038,188,99960,288,100047,100,99946,100,100063,100,99945,100,100066,100,99943,100,100069,100,99938,100,100083,100,99936,100
2019-06-28 09:32:02.803744293,100006,88,99989,400,100018,188,99988,188,100019,188,99987,188,100034,188,99965,188,100038,188,99960,288,100047,100,99946,100,100066,100,99945,100,100069,100,99943,100,100083,100,99938,100,100084,100,99936,100
2019-06-28 09:32:10.000000000,100018,321,99989,533,100019,321,99988,321,100034,100,99987,100,100038,100,99965,100,100047,100,99960,200,100066,100,99946,100,100069,100,99945,100,100083,100,99943,100,100084,100,99938,100,100099,100,99936,100
2019-06-28 09:32:11.455792082,100018,321,99989,433,100019,321,99988,321,100034,100,99987,100,100038,100,99965,100,100047,100,99960,200,100066,100,99946,100,100069,100,99945,100,100083,100,99943,100,100084,100,99938,100,100099,100,99936,100
2019-06-28 09:32:20.000000000,100018,188,99989,300,100019,188,99988,188,100034,188,99987,188,100038,188,99965,188,100047,188,99960,288,100066,100,99946,100,100069,100,99945,100,100083,100,99943,100,100084,100,99938,100,100099,100,99936,100
2019-06-28 09:32:30.000000000,100018,321,99989,433,100019,321,99988,321,100034,100,99987,100,100038,100,99965,100,100047,100,99960,200,100066,100,99946,100,100069,100,99945,100,100083,100,99943,100,100084,100,99938,100,100099,100,99936,100
2019-06-28 09:32:35.250071100,100018,321,99989,433,100019,321,99988,321,100034,100,99987,100,100038,100,99965,100,100047,100,99960,200,100066,100,99946,100,100069,100,99945,100,100083,100,99943,100,100084,100,99938,100,100099,100,99936,100
2019-06-28 09:32:36.466535311,100018,321,99989,333,100019,321,99988,321,100034,100,99987,100,100038,100,99965,100,100047,100,99960,200,100066,100,99946,100,100069,100,99945,100,100083,100,99943,100,100084,100,99938,100,100099,100,99936,100
2019-06-28 09:32:40.000000000,100018,321,99989,333,100019,321,99988,321,100034,100,99987,100,100038,100,99965,100,100047,100,99960,200,100066,100,99946,100,100069,100,99945,100,100083,100,99943,100,100084,100,99938,100,100099,100,99936,100
2019-06-28 09:32:47.447650565,100018,321,99989,333,100019,321,99988,321,100034,100,99987,100,100038,100,99965,100,100047,100,99960,200,100066,100,99946,100,100069,100,99945,100,100083,100,99943,100,100084,100,99938,100,100099,100,99936,100
2019-06-28 09:32:50.000000000,100018,542,99989,554,100019,100,99988,100,100034,100,99987,100,100038,100,99965,100,100047,100,99960,200,100066,100,99946,100,100069,100,99945,100,100083,100,99943,100,100084,100,99938,100,100099,100,99936,100
2019-06-28 09:33:00.000000000,100018,210,99989,222,100019,210,99988,210,100034,210,99987,210,100038,210,99965,210,100047,100,99960,200,100066,100,99946,100,100069,100,99945,100,100083,100,99943,100,100084,100,99938,100,100099,100,99936,100
2019-06-28 09:33:08.539687721,100018,210,99989,222,100019,210,99988,210,100034,210,99987,210,100038,210,99965,210,100047,100,99960,200,100066,100,99946,100,100069,100,99945,100,100084,100,99943,100,100099,100,99938,100,100105,100,99936,100
2019-06-28 09:33:10.000000000,100018,188,99989,200,100019,188,99988,188,100034,188,99987,188,100038,188,99965,188,100047,188,99960,288,100066,100,99946,100,100069,100,99945,100,100084,100,99943,100,100099,100,99938,100,100105,100,99936,100
2019-06-28 09:33:20.000000000,100018,188,99989,200,100019,188,99988,188,100034,188,99987,188,100038,188,99965,188,100047,188,99960,288,100066,100,99946,100,100069,100,99945,100,100084,100,99943,100,100099,100,99938,100,100105,100,99936,100
2019-06-28 09:33:30.000000000,100018,210,99989,222,100019,210,99988,210,100034,210,99987,210,100038,210,99965,210,100047,100,99960,200,100066,100,99946,100,100069,100,99945,100,100084,100,99943,100,100099,100,99938,100,100105,100,99936,100
2019-06-28 09:33:40.000000000,100018,321,99989,333,100019,321,99988,321,100034,100,99987,100,100038,100,99965,100,100047,100,99960,200,100066,100,99946,100,100069,100,99945,100,100084,100,99943,100,100099,100,99938,100,100105,100,99936,100
2019-06-28 09:33:50.000000000,100018,188,99989,200,100019,188,99988,188,100034,188,99987,188,100038,188,99965,188,100047,188,99960,288,100066,100,99946,100,100069,100,99945,100,100084,100,99943,100,100099,100,99938,100,100105,100,99936,100
2019-06-28 09:34:00.000000000,100018,542,99989,554,100019,100,99988,100,100034,100,99987,100,100038,100,99965,100,100047,100,99960,200,100066,100,99946,100,100069,100,99945,100,100084,100,99943,100,100099,100,99938,100,100105,100,99936,100
2019-06-28 09:34:10.000000000,100018,542,99989,554,100019,100,99988,100,100034,100,99987,100,100038,100,99965,100,100047,100,99960,200,100066,100,99946,100,100069,100,99945,100,100084,100,99943,100,100099,100,99938,100,100105,100,99936,100
2019-06-28 09:34:20.000000000,100018,188,99989,200,100019,188,99988,188,100034,188,99987,188,100038,188,99965,188,100047,188,99960,288,100066,100,99946,100,100069,100,99945,100,100084,100,99943,100,100099,100,99938,100,100105,100,99936,100
2019-06-28 09:34:25.898434559,100018,88,99989,200,100019,188,99988,188,100034,188,99987,188,100038,188,99965,188,100047,188,99960,288,100066,100,99946,100,100069,100,99945,100,100084,100,99943,100,100099,100,99938,100,100105,100,99936,100
2019-06-28 09:34:30.000000000,100019,210,99989,222,100034,210,99988,210,100038,210,99987,210,100047,210,99965,210,100066,100,99960,200,100069,100,99946,100,100084,100,99945,100,100099,100,99943,100,100105,100,99938,100,100116,100,99936,100
2019-06-28 09:34:38.525189966,100019,210,99989,222,100034,210,99988,210,100038,210,99987,210,100047,210,99965,210,100066,100,99960,200,100069,100,99946,100,100084,100,99945,100,100099,100,99943,100,100105,100,99938,100,100116,100,99936,100
2019-06-28 09:34:40.000000000,100019,250,99989,262,100034,246,99988,246,100038,246,99987,246,100047,100,99965,100,100066,100,99960,200,100069,100,99946,100,100084,100,99945,100,100099,100,99943,100,100105,100,99938,100,100116,100,99936,100
2019-06-28 09:34:50.000000000,100019,321,99989,333,100034,321,99988,321,100038,100,99987,100,100047,100,99965,100,100066,100,99960,200,100069,100,99946,100,100084,100,99945,100,100099,100,99943,100,100105,100,99938,100,100116,100,99936,100
2019-06-28 09:34:50.838022587,100019,321,99989,333,100034,321,99988,321,100038,100,99987,100,100047,100,99965,100,100066,100,99960,200,100069,100,99946,100,100084,100,99945,100,100099,100,99943,100,100105,100,99938,100,100116,100,99936,100
2019-06-28 09:34:54.910535300,100019,221,99989,333,100034,321,99988,321,100038,100,99987,100,100047,100,99965,100,100066,100,99960,200,100069,100,99946,100,100084,100,99945,100,100099,100,99943,100,100105,100,99938,100,100116,100,99936,100
2019-06-28 09:35:00.000000000,100034,250,99989,262,100038,246,99988,246,100047,246,99987,246,100066,100,99965,100,100069,100,99960,200,100084,100,99946,100,100099,100,99945,100,100105,100,99943,100,100116,100,99938,100,100133,100,99936,100
2019-06-28 09:35:10.000000000,100034,188,99989,200,100038,188,99988,188,100047,188,99987,188,100066,188,99965,188,100069,188,99960,288,100084,100,99946,100,100099,100,99945,100,100105,100,99943,100,100116,100,99938,100,100133,100,99936,100
2019-06-28 09:35:20.000000000,100034,321,99989,333,100038,321,99988,321,100047,100,99987,100,100066,100,99965,100,100069,100,99960,200,100084,100,99946,100,100099,100,99945,100,100105,100,99943,100,100116,100,99938,100,100133,100,99936,100
2019-06-28 09:35:30.000000000,100034,210,99989,222,100038,210,99988,210,100047,210,99987,210,100066,210,99965,210,100069,100,99960,200,100084,100,99946,100,100099,100,99945,100,100105,100,99943,100,100116,100,99938,100,100133,100,99936,100
2019-06-28 09:35:36.916964647,100034,210,99989,222,100038,210,99988,210,100047,210,99987,210,100066,210,99965,210,100069,100,99960,200,100084,100,99946,100,100099,100,99945,100,100105,100,99943,100,100116,100,99936,100,100133,100,99934,100
2019-06-28 09:35:40.000000000,100034,321,99989,333,100038,321,99988,321,100047,100,99987,100,100066,100,99965,100,100069,100,99960,200,100084,100,99946,100,100099,100,99945,100,100105,100,99943,100,100116,100,99936,100,100133,100,99934,100
2019-06-28 09:35:44.406417796,100034,221,99989,333,100038,321,99988,321,100047,100,99987,100,100066,100,99965,100,100069,100,99960,200,100084,100,99946,100,100099,100,99945,100,100105,100,99943,100,100116,100,99934,100,100133,100,99932,100
2019-06-28 09:35:49.392261802,100034,221,99989,333,100038,321,99988,321,100047,100,99987,100,100069,100,99965,100,100084,100,99960,200,100099,100,99946,100,100105,100,99945,100,100116,100,99943,100,100133,100,99934,100,100134,100,99932,100
2019-06-28 09:35:50.000000000,100038,250,99989,262,100047,246,99988,246,100069,246,99987,246,100084,100,99965,100,100099,100,99960,200,100105,100,99946,100,100116,100,99945,100,100133,100,99943,100,100134,100,99934,100,100164,100,99932,100
2019-06-28 09:36:00.000000000,100038,321,99989,333,100047,321,99988,321,100069,100,99987,100,100084,100,99965,100,100099,100,99960,200,100105,100,99946,100,100116,100,99945,100,100133,100,99943,100,100134,100,99934,100,100164,100,99932,100
2019-06-28 09:36:10.000000000,100038,542,99989,554,100047,100,99988,100,100069,100,99987,100,100084,100,99965,100,100099,100,99960,200,100105,100,99946,100,100116,100,99945,100,100133,100,99943,100,100134,100,99934,100,100164,100,99932,100
2019-06-28 09:36:16.960840056,100038,542,99989,554,100047,100,99988,100,100069,100,99987,100,100084,100,99965,100,100099,100,99960,200,100105,100,99946,100,100116,100,99945,100,100133,100,99943,100,100134,100,99934,100,100164,100,99931,100
2019-06-28 09:36:20.000000000,100038,188,99989,200,100047,188,99988,188,100069,188,99987,188,100084,188,99965,188,100099,188,99960,288,100105,100,99946,100,100116,100,99945,100,100133,100,99943,100,100134,100,99934,100,100164,100,99931,100
2019-06-28 09:36:24.833315292,100038,188,99989,200,100047,188,99988,188,100069,188,99987,188,100084,188,99965,188,100099,188,99960,288,100105,100,99946,100,100116,100,99945,100,100133,100,99943,100,100134,100,99934,100,100164,100,99931,100
2019-06-28 09:36:30.000000000,100038,542,99989,554,100047,100,99988,100,100069,100,99987,100,100084,100,99965,100,100099,100,99960,200,100105,100,99946,100,100116,100,99945,100,100133,100,99943,100,100134,100,99934,100,100164,100,99931,100
2019-06-28 09:36:30.994647928,100038,542,99989,554,100047,100,99988,100,100084,100,99987,100,100099,100,99965,100,100105,100,99960,200,100116,100,99946,100,100133,100,99945,100,100134,100,99943,100,100164,100,99934,100,100226,100,99931,100
2019-06-28 09:36:40.000000000,100038,210,99989,222,100047,210,99988,210,100084,210,99987,210,100099,210,99965,210,100105,100,99960,200,100116,100,99946,100,100133,100,99945,100,100134,100,99943,100,100164,100,99934,100,100226,100,99931,100
2019-06-28 09:36:48.201872662,100038,110,99989,222,100047,210,99988,210,100084,210,99987,210,100099,110,99965,210,100105,100,99960,200,100116,100,99946,100,100133,100,99945,100,100134,100,99943,100,100164,100,99934,100,100226,100,99931,100
2019-06-28 09:36:49.092891824,100038,10,99989,222,100047,210,99988,210,100084,210,99987,210,100099,110,99965,210,100105,100,99960,200,100116,100,99946,100,100133,100,99945,100,100134,100,99943,100,100164,100,99934,100,100226,100,99922,100
2019-06-28 09:36:50.000000000,100047,188,99989,200,100084,188,99988,188,100105,188,99987,188,100116,188,99965,188,100133,188,99960,288,100134,100,99946,100,100164,100,99945,100,100226,100,99943,100,100437,100,99934,100,100690,100,99922,100
2019-06-28 09:37:00.000000000,100047,188,99989,200,100084,188,99988,188,100105,188,99987,188,100116,188,99965,188,100133,188,99960,288,100134,100,99946,100,100164,100,99945,100,100226,100,99943,100,100437,100,99934,100,100690,100,99922,100
2019-06-28 09:37:02.095971797,100047,188,99989,200,100084,188,99988,188,100105,188,99987,188,100116,188,99965,188,100133,88,99960,288,100134,100,99946,100,100164,100,99945,100,100226,100,99943,100,100437,100,99934,100,100690,100,99922,100
2019-06-28 09:37:10.000000000,100047,210,99989,222,100084,210,99988,210,100105,210,99987,210,100116,210,99965,210,100134,100,99960,200,100164,100,99946,100,100226,100,99945,100,100437,100,99943,100,100690,100,99934,100,100709,100,99922,100
2019-06-28 09:37:12.379449105,100047,210,100038,100,100084,210,99989,222,100105,210,99988,210,100116,210,99987,210,100134,100,99965,210,100164,100,99960,200,100226,100,99946,100,100437,100,99945,100,100690,100,99943,100,100709,100,99934,100
2019-06-28 09:37:19.655305805,100047,210,100038,200,100084,210,99989,222,100105,210,99988,210,100116,210,99987,210,100134,100,99965,210,100164,100,99960,200,100226,100,99946,100,100437,100,99945,100,100690,100,99943,100,100709,100,99934,100
2019-06-28 09:37:20.000000000,100047,321,100038,421,100084,321,99989,333,100105,100,99988,100,100116,100,99987,100,100134,100,99965,100,100164,100,99960,200,100226,100,99946,100,100437,100,99945,100,100690,100,99943,100,100709,100,99934,100
2019-06-28 09:37:30.000000000,100047,542,100038,642,100084,100,99989,112,100105,100,99988,100,100116,100,99987,100,100134,100,99965,100,100164,100,99960,200,100226,100,99946,100,100437,100,99945,100,100690,100,99943,100,100709,100,99934,100
2019-06-28 09:37:30.949769221,100047,542,100038,642,100084,100,99989,112,100105,100,99988,100,100116,100,99987,100,100134,100,99960,200,100164,100,99946,100,100226,100,99945,100,100437,100,99943,100,100690,100,99934,100,100709,100,99922,100
2019-06-28 09:37:37.206551277,100047,542,100038,642,100084,100,99989,112,100105,100,99988,100,100116,100,99987,100,100134,100,99960,200,100164,100,99946,100,100226,100,99945,100,100437,100,99943,100,100690,100,99934,100,100709,100,99922,100
2019-06-28 09:37:39.019794427,100047,542,100038,642,100084,100,99989,12,100105,100,99988,100,100116,100,99987,100,100134,100,99960,200,100164,100,99946,100,100226,100,99945,100,100437,100,99943,100,100690,100,99934,100,100709,100,99922,100
2019-06-28 09:37:40.000000000,100047,210,100038,310,100084,210,99989,122,100105,210,99988,210,100116,210,99987,210,100134,100,99960,200,100164,100,99946,100,100226,100,99945,100,100437,100,99943,100,100690,100,99934,100,100709,100,99922,100
2019-06-28 09:37:42.790270774,100047,210,100038,410,100084,210,99989,122,100105,210,99988,210,100116,210,99987,210,100134,100,99960,200,100164,100,99946,100,100226,100,99945,100,100437,100,99943,100,100690,100,99934,100,100709,100,99922,100
2019-06-28 09:37:44.359623160,100047,110,100038,410,100084,210,99989,122,100105,210,99988,210,100116,110,99987,210,100134,100,99960,200,100164,100,99946,100,100226,100,99945,100,100437,100,99943,100,100690,100,99934,100,100709,100,99922,100
2019-06-28 09:37:45.612927463,100047,10,100038,410,100084,210,99989,122,100105,210,99988,210,100116,110,99987,210,100134,100,99960,200,100164,100,99946,100,100226,100,99945,100,100437,100,99943,100,100690,100,99934,100,100709,100,99922,100
2019-06-28 09:37:50.000000000,100084,321,100038,521,100105,321,99989,233,100134,100,99988,100,100164,100,99987,100,100226,100,99960,200,100437,100,99946,100,100690,100,99945,100,100709,100,99943,100,100752,100,99934,100,100789,100,99922,100
2019-06-28 09:37:55.362859818,100084,221,100038,521,100105,321,99989,233,100134,100,99988,100,100164,100,99987,100,100226,100,99960,200,100437,100,99946,100,100690,100,99945,100,100709,100,99943,100,100752,100,99934,100,100789,100,99922,100
2019-06-28 09:38:00.000000000,100105,321,100038,521,100134,321,99989,233,100164,100,99988,100,100226,100,99987,100,100437,100,99960,200,100690,100,99946,100,100709,100,99945,100,100752,100,99943,100,100789,100,99934,100,100946,100,99922,100
2019-06-28 09:38:05.968739214,100105,321,100038,521,100134,321,99989,233,100164,100,99988,100,100226,100,99987,100,100437,100,99960,200,100595,100,99946,100,100690,100,99945,100,100709,100,99943,100,100752,100,99934,100,100789,100,99922,100
2019-06-28 09:38:10.000000000,100105,188,100038,388,100134,188,99989,100,100164,188,99988,188,100226,188,99987,188,100437,188,99960,288,100595,100,99946,100,100690,100,99945,100,100709,100,99943,100,100752,100,99934,100,100789,100,99922,100
2019-06-28 09:38:20.000000000,100105,210,100038,410,100134,210,99989,122,100164,210,99988,210,100226,210,99987,210,100437,100,99960,200,100595,100,99946,100,100690,100,99945,100,100709,100,99943,100,100752,100,99934,100,100789,100,99922,100
2019-06-28 09:38:23.731491400,100105,110,100038,410,100134,210,99989,122,100164,210,99988,210,100226,210,99987,210,100437,100,99960,200,100595,100,99946,100,100690,100,99945,100,100709,100,99934,100,100752,100,99922,100,100789,100,99908,100
2019-06-28 09:38:29.675322705,100105,110,100038,410,100134,110,99989,122,100164,210,99988,210,100226,210,99987,210,100331,100,99960,200,100437,100,99946,100,100595,100,99945,100,100690,100,99934,100,100709,100,99922,100,100752,100,99908,100
2019-06-28 09:38:30.000000000,100164,210,100038,410,100226,210,99989,122,100331,210,99988,210,100437,210,99987,210,100595,100,99960,200,100690,100,99946,100,100709,100,99945,100,100752,100,99934,100,100789,100,99922,100,100946,100,99908,100
2019-06-28 09:38:40.000000000,100164,188,100038,388,100226,188,99989,100,100331,188,99988,188,100437,188,99987,188,100595,188,99960,288,100690,100,99946,100,100709,100,99945,100,100752,100,99934,100,100789,100,99922,100,100946,100,99908,100
2019-06-28 09:38:50.000000000,100164,250,100038,450,100226,246,99989,158,100331,246,99988,246,100437,100,99987,100,100595,100,99960,200,100690,100,99946,100,100709,100,99945,100,100752,100,99934,100,100789,100,99922,100,100946,100,99908,100
2019-06-28 09:38:51.666842520,100104,100,100038,450,100164,250,99989,158,100226,246,99988,246,100331,246,99987,100,100437,100,99960,100,100595,100,99946,100,100690,100,99945,100,100709,100,99934,100,100752,100,99922,100,100789,100,99908,100
2019-06-28 09:39:00.000000000,100104,542,100038,742,100164,100,99989,12,100226,100,99988,100,100331,100,99987,100,100437,100,99960,100,100595,100,99946,100,100690,100,99945,100,100709,100,99934,100,100752,100,99922,100,100789,100,99908,100
2019-06-28 09:39:10.000000000,100104,210,100038,410,100164,210,99989,122,100226,210,99988,210,100331,210,99987,210,100437,100,99960,100,100595,100,99946,100,100690,100,99945,100,100709,100,99934,100,100752,100,99922,100,100789,100,99908,100
2019-06-28 09:39:17.777053962,100104,210,100038,410,100164,210,99989,122,100226,210,99988,210,100331,210,99987,210,100437,100,99960,100,100595,100,99946,100,100690,100,99945,100,100752,100,99934,100,100789,100,99922,100,100946,100,99908,100
2019-06-28 09:39:20.000000000,100104,250,100038,450,100164,246,99989,158,100226,246,99988,246,100331,100,99987,100,100437,100,99960,100,100595,100,99946,100,100690,100,99945,100,100752,100,99934,100,100789,100,99922,100,100946,100,99908,100
2019-06-28 09:39:20.915110370,100104,250,100038,450,100164,246,99989,158,100226,246,99988,246,100331,100,99987,100,100437,100,99960,100,100595,100,99946,100,100752,100,99945,100,100789,100,99934,100,100946,100,99922,100,101032,100,99908,100
2019-06-28 09:39:30.000000000,100104,321,100038,521,100164,321,99989,233,100226,100,99988,100,100331,100,99987,100,100437,100,99960,100,100595,100,99946,100,100752,100,99945,100,100789,100,99934,100,100946,100,99922,100,101032,100,99908,100
2019-06-28 09:39:30.696873774,100104,321,100084,100,100164,321,100038,521,100226,100,99989,233,100331,100,99988,100,100437,100,99987,100,100595,100,99960,100,100752,100,99946,100,100789,100,99945,100,100946,100,99934,100,101032,100,99922,100
2019-06-28 09:39:40.000000000,100104,321,100084,321,100164,321,100038,521,100226,100,99989,12,100331,100,99988,100,100437,100,99987,100,100595,100,99960,100,100752,100,99946,100,100789,100,99945,100,100946,100,99934,100,101032,100,99922,100
2019-06-28 09:39:46.208032248,100104,221,100084,321,100164,321,100038,521,100226,100,99989,12,100331,100,99988,100,100437,100,99987,100,100595,100,99960,100,100752,100,99946,100,100789,100,99945,100,100946,100,99922,100,101032,100,99908,100
2019-06-28 09:39:50.000000000,100164,250,100084,250,100226,246,100038,446,100331,246,99989,158,100437,100,99988,100,100595,100,99987,100,100752,100,99960,100,100789,100,99946,100,100946,100,99945,100,101032,100,99922,100,101033,100,99908,100
2019-06-28 09:40:00.000000000,100164,210,100084,210,100226,210,100038,410,100331,210,99989,122,100437,210,99988,210,100595,100,99987,100,100752,100,99960,100,100789,100,99946,100,100946,100,99945,100,101032,100,99922,100,101033,100,99908,100
2019-06-28 09:40:07.988633498,100164,210,100084,210,100226,210,100038,410,100331,210,99989,122,100437,210,99988,210,100595,100,99987,100,100752,100,99946,100,100789,100,99945,100,100946,100,99922,100,101032,100,99908,100,101033,100,99904,100
2019-06-28 09:40:10.000000000,100164,542,100084,542,100226,100,100038,300,100331,100,99989,12,100437,100,99988,100,100595,100,99987,100,100752,100,99946,100,100789,100,99945,100,100946,100,99922,100,101032,100,99908,100,101033,100,99904,100
2019-06-28 09:40:13.867054075,100164,542,100084,442,100226,100,100038,300,100331,100,99989,12,100437,100,99988,100,100595,100,99987,100,100752,100,99946,100,100789,100,99945,100,100946,100,99922,100,101032,100,99908,100,101033,100,99904,100
2019-06-28 09:40:20.000000000,100164,188,100038,388,100226,188,99989,100,100331,188,99988,188,100437,188,99987,188,100595,188,99946,188,100752,100,99945,100,100789,100,99922,100,100946,100,99908,100,101032,100,99904,100,101033,100,99901,100
2019-06-28 09:40:22.328099414,100122,100,100038,388,100164,188,99989,100,100226,188,99988,188,100331,188,99987,188,100437,188,99946,188,100595,188,99945,100,100752,100,99922,100,100789,100,99908,100,100946,100,99904,100,101032,100,99901,100
2019-06-28 09:40:30.000000000,100122,188,100038,388,100164,188,99989,100,100226,188,99988,188,100331,188,99987,188,100437,188,99946,188,100595,100,99945,100,100752,100,99922,100,100789,100,99908,100,100946,100,99904,100,101032,100,99901,100
2019-06-28 09:40:40.000000000,100122,210,100038,410,100164,210,99989,122,100226,210,99988,210,100331,210,99987,210,100437,100,99946,100,100595,100,99945,100,100752,100,99922,100,100789,100,99908,100,100946,100,99904,100,101032,100,99901,100
2019-06-28 09:40:40.694498834,100122,210,100038,310,100164,210,99989,122,100226,210,99988,210,100331,210,99987,210,100437,100,99946,100,100595,100,99945,100,100752,100,99922,100,100789,100,99908,100,100946,100,99904,100,101032,100,99901,100
2019-06-28 09:40:50.000000000,100122,542,100038,642,100164,100,99989,12,100226,100,99988,100,100331,100,99987,100,100437,100,99946,100,100595,100,99945,100,100752,100,99922,100,100789,100,99908,100,100946,100,99904,100,101032,100,99901,100
2019-06-28 09:40:54.836676071,100122,542,100038,642,100164,100,99989,12,100226,100,99988,100,100331,100,99987,100,100437,100,99977,100,100595,100,99946,100,100752,100,99945,100,100789,100,99922,100,100946,100,99908,100,101032,100,99904,100
2019-06-28 09:41:00.000000000,100122,188,100038,288,100164,188,99989,100,100226,188,99988,188,100331,188,99987,188,100437,188,99977,188,100595,100,99946,100,100752,100,99945,100,100789,100,99922,100,100946,100,99908,100,101032,100,99904,100
2019-06-28 09:41:10.000000000,100122,542,100038,642,100164,100,99989,12,100226,100,99988,100,100331,100,99987,100,100437,100,99977,100,100595,100,99946,100,100752,100,99945,100,100789,100,99922,100,100946,100,99908,100,101032,100,99904,100
2019-06-28 09:41:20.000000000,100122,210,100038,310,100164,210,99989,122,100226,210,99988,210,100331,210,99987,210,100437,100,99977,100,100595,100,99946,100,100752,100,99945,100,100789,100,99922,100,100946,100,99908,100,101032,100,99904,100
2019-06-28 09:41:24.403169246,100122,210,100038,310,100164,210,99989,122,100226,210,99988,210,100331,210,99987,210,100437,100,99946,100,100553,100,99945,100,100595,100,99922,100,100752,100,99908,100,100789,100,99904,100,100946,100,99901,100
2019-06-28 09:41:28.674263080,100122,210,100038,310,100164,210,99989,122,100226,210,99988,210,100331,210,99987,210,100437,100,99946,100,100553,100,99945,100,100594,100,99922,100,100595,100,99908,100,100752,100,99904,100,100789,100,99901,100
2019-06-28 09:41:30.000000000,100122,321,100038,421,100164,321,99989,233,100226,100,99988,100,100331,100,99987,100,100437,100,99946,100,100553,100,99945,100,100594,100,99922,100,100595,100,99908,100,100752,100,99904,100,100789,100,99901,100
2019-06-28 09:41:40.000000000,100122,321,100038,421,100164,321,99989,233,100226,100,99988,100,100331,100,99987,100,100437,100,99946,100,100553,100,99945,100,100594,100,99922,100,100595,100,99908,100,100752,100,99904,100,100789,100,99901,100
2019-06-28 09:41:44.763548138,100122,221,100038,421,100164,221,99989,233,100226,100,99988,100,100331,100,99987,100,100437,100,99946,100,100553,100,99945,100,100594,100,99922,100,100595,100,99908,100,100752,100,99904,100,100789,100,99901,100
2019-06-28 09:41:50.000000000,100226,210,100038,310,100331,210,99989,122,100437,210,99988,210,100553,210,99987,210,100594,100,99946,100,100595,100,99945,100,100752,100,99922,100,100789,100,99908,100,100946,100,99904,100,101032,100,99901,100
2019-06-28 09:42:00.000000000,100226,188,100038,288,100331,188,99989,100,100437,188,99988,188,100553,188,99987,188,100594,188,99946,188,100595,100,99945,100,100752,100,99922,100,100789,100,99908,100,100946,100,99904,100,101032,100,99901,100
2019-06-28 09:42:07.387204084,100226,188,100038,288,100331,188,99989,100,100437,188,99988,188,100553,188,99987,188,100594,188,99946,188,100595,100,99945,100,100752,100,99922,100,100789,100,99908,100,100946,100,99904,100,101032,100,99843,100
2019-06-28 09:42:10.000000000,100226,321,100038,421,100331,321,99989,233,100437,100,99988,100,100553,100,99987,100,100594,100,99946,100,100595,100,99945,100,100752,100,99922,100,100789,100,99908,100,100946,100,99904,100,101032,100,99843,100
2019-06-28 09:42:20.000000000,100226,210,100038,310,100331,210,99989,122,100437,210,99988,210,100553,210,99987,210,100594,100,99946,100,100595,100,99945,100,100752,100,99922,100,100789,100,99908,100,100946,100,99904,100,101032,100,99843,100
2019-06-28 09:42:23.602686032,100226,10,100038,310,100331,210,99989,122,100437,210,99988,210,100553,210,99987,210,100594,100,99946,100,100595,100,99945,100,100752,100,99922,100,100789,100,99908,100,100946,100,99904,100,101032,100,99843,100
2019-06-28 09:42:30.000000000,100331,188,100038,288,100437,188,99989,100,100553,188,99988,188,100594,188,99987,188,100595,188,99946,188,100752,100,99945,100,100789,100,99922,100,100946,100,99908,100,101032,100,99904,100,101033,100,99843,100
2019-06-28 09:42:36.512017815,100331,188,100122,100,100437,188,100038,288,100553,188,99989,100,100594,188,99988,188,100595,188,99987,188,100752,100,99946,188,100789,100,99945,100,100946,100,99922,100,101032,100,99908,100,101033,100,99904,100
2019-06-28 09:42:40.000000000,100331,188,100122,188,100437,188,100038,288,100553,188,99989,100,100594,188,99988,188,100595,188,99987,188,100752,100,99946,100,100789,100,99945,100,100946,100,99922,100,101032,100,99908,100,101033,100,99904,100
2019-06-28 09:42:42.424170623,100331,188,100122,188,100437,188,100038,288,100553,188,99989,100,100594,188,99988,188,100595,188,99987,188,100752,100,99946,100,100789,100,99945,100,100826,100,99922,100,100946,100,99908,100,101032,100,99904,100
2019-06-28 09:42:48.571822717,100331,88,100122,188,100437,188,100038,288,100553,188,99989,88,100594,188,99988,188,100595,188,99987,188,100752,100,99946,100,100789,100,99945,100,100826,100,99922,100,100946,100,99908,100,101032,100,99904,100
2019-06-28 09:42:50.000000000,100437,188,100122,188,100553,188,100038,288,100594,188,99988,188,100595,188,99987,188,100752,188,99946,188,100789,100,99945,100,100826,100,99922,100,100946,100,99908,100,101032,100,99904,100,101033,100,99843,100
2019-06-28 09:43:00.000000000,100437,321,100122,321,100553,321,100038,421,100594,100,99988,100,100595,100,99987,100,100752,100,99946,100,100789,100,99945,100,100826,100,99922,100,100946,100,99908,100,101032,100,99904,100,101033,100,99843,100
2019-06-28 09:43:06.692533264,100437,321,100226,100,100553,321,100122,321,100594,100,100038,421,100595,100,99988,100,100752,100,99987,100,100789,100,99946,100,100826,100,99945,100,100946,100,99922,100,101032,100,99908,100,101033,100,99904,100
2019-06-28 09:43:10.000000000,100437,542,100226,542,100553,100,100122,100,100594,100,100038,200,100595,100,99988,100,100752,100,99987,100,100789,100,99946,100,100826,100,99945,100,100946,100,99922,100,101032,100,99908,100,101033,100,99904,100
2019-06-28 09:43:11.872118206,100437,542,100226,642,100553,100,100122,100,100594,100,100038,200,100595,100,99988,100,100752,100,99987,100,100789,100,99946,100,100826,100,99945,100,100946,100,99922,100,101032,100,99908,100,101033,100,99904,100
2019-06-28 09:43:14.645930469,100437,542,100226,642,100553,100,100122,100,100594,100,100038,200,100595,100,99988,100,100752,100,99987,100,100779,100,99946,100,100789,100,99945,100,100826,100,99922,100,100946,100,99908,100,101032,100,99904,100
2019-06-28 09:43:20.000000000,100437,188,100226,288,100553,188,100122,188,100594,188,100038,288,100595,188,99988,188,100752,188,99987,188,100779,100,99946,100,100789,100,99945,100,100826,100,99922,100,100946,100,99908,100,101032,100,99904,100
2019-06-28 09:43:30.000000000,100437,210,100226,310,100553,210,100122,210,100594,210,100038,310,100595,210,99988,210,100752,100,99987,100,100779,100,99946,100,100789,100,99945,100,100826,100,99922,100,100946,100,99908,100,101032,100,99904,100
2019-06-28 09:43:35.718926675,100437,210,100226,310,100553,110,100122,210,100594,210,100038,310,100595,210,99988,210,100752,100,99987,100,100779,100,99946,100,100789,100,99945,100,100826,100,99922,100,100860,100,99908,100,100946,100,99904,100
2019-06-28 09:43:40.000000000,100437,188,100226,288,100594,188,100122,188,100595,188,100038,288,100752,188,99988,188,100779,188,99987,188,100789,100,99946,100,100826,100,99945,100,100860,100,99922,100,100946,100,99908,100,101032,100,99904,100
2019-06-28 09:43:50.000000000,100437,542,100226,642,100594,100,100122,100,100595,100,100038,200,100752,100,99988,100,100779,100,99987,100,100789,100,99946,100,100826,100,99945,100,100860,100,99922,100,100946,100,99908,100,101032,100,99904,100
2019-06-28 09:43:51.375171274,100437,442,100226,642,100594,100,100122,100,100595,100,100038,200,100752,100,99988,100,100779,100,99987,100,100789,100,99946,100,100860,100,99945,100,100946,100,99922,100,101032,100,99908,100,101033,100,99904,100
2019-06-28 09:44:00.000000000,100594,210,100226,310,100595,210,100122,210,100752,210,100038,310,100779,210,99988,210,100789,100,99987,100,100860,100,99946,100,100946,100,99945,100,101032,100,99922,100,101033,100,99908,100,101099,100,99904,100
2019-06-28 09:44:10.000000000,100594,210,100226,310,100595,210,100122,210,100752,210,100038,310,100779,210,99988,210,100789,100,99987,100,100860,100,99946,100,100946,100,99945,100,101032,100,99922,100,101033,100,99908,100,101099,100,99904,100
2019-06-28 09:44:11.897798057,100594,210,100226,310,100595,210,100122,210,100752,210,100038,310,100779,210,99988,110,100789,100,99987,100,100860,100,99946,100,100946,100,99945,100,101032,100,99922,100,101033,100,99908,100,101099,100,99904,100
2019-06-28 09:44:20.000000000,100594,210,100226,310,100595,210,100122,210,100752,210,100038,310,100779,210,99987,210,100789,100,99946,100,100860,100,99945,100,100946,100,99922,100,101032,100,99908,100,101033,100,99904,100,101099,100,99843,100
2019-06-28 09:44:30.000000000,100594,542,100226,642,100595,100,100122,100,100752,100,100038,200,100779,100,99987,100,100789,100,99946,100,100860,100,99945,100,100946,100,99922,100,101032,100,99908,100,101033,100,99904,100,101099,100,99843,100
2019-06-28 09:44:30.528771171,100594,442,100226,642,100595,100,100122,100,100752,100,100038,200,100779,100,99987,100,100789,100,99945,100,100860,100,99922,100,100946,100,99908,100,101032,100,99904,100,101033,100,99843,100,101099,100,99838,100
2019-06-28 09:44:33.174734103,100594,442,100226,642,100595,100,100122,100,100752,100,100038,100,100779,100,99987,100,100789,100,99945,100,100860,100,99922,100,100946,100,99908,100,101032,100,99904,100,101033,100,99843,100,101099,100,99838,100
2019-06-28 09:44:39.029295709,100594,342,100226,642,100752,100,100122,100,100779,100,100038,100,100789,100,99987,100,100860,100,99945,100,100946,100,99922,100,101032,100,99908,100,101033,100,99904,100,101099,100,99843,100,101132,100,99838,100
2019-06-28 09:44:40.000000000,100752,542,100226,642,100779,100,100122,100,100789,100,100038,100,100860,100,99987,100,100946,100,99945,100,101032,100,99922,100,101033,100,99908,100,101099,100,99904,100,101132,100,99843,100,101272,100,99838,100
2019-06-28 09:44:50.000000000,100752,250,100226,350,100779,246,100122,246,100789,246,100038,246,100860,100,99987,100,100946,100,99945,100,101032,100,99922,100,101033,100,99908,100,101099,100,99904,100,101132,100,99843,100,101272,100,99838,100
2019-06-28 09:44:58.513122577,100752,150,100226,350,100779,246,100122,246,100789,246,100038,246,100860,100,99987,100,100946,100,99945,100,101032,100,99922,100,101033,100,99908,100,101099,100,99904,100,101132,100,99843,100,101272,100,99838,100
2019-06-28 09:45:00.000000000,100779,210,100226,310,100789,210,100122,210,100860,210,100038,210,100946,210,99987,210,101032,100,99945,100,101033,100,99922,100,101099,100,99908,100,101132,100,99904,100,101272,100,99843,100,101305,100,99838,100
2019-06-28 09:45:10.000000000,100779,210,100226,310,100789,210,100122,210,100860,210,100038,210,100946,210,99987,210,101032,100,99945,100,101033,100,99922,100,101099,100,99908,100,101132,100,99904,100,101272,100,99843,100,101305,100,99838,100
2019-06-28 09:45:20.000000000,100779,188,100226,288,100789,188,100122,188,100860,188,100038,188,100946,188,99987,188,101032,188,99945,188,101033,100,99922,100,101099,100,99908,100,101132,100,99904,100,101272,100,99843,100,101305,100,99838,100
2019-06-28 09:45:30.000000000,100779,210,100226,310,100789,210,100122,210,100860,210,100038,210,100946,210,99987,210,101032,100,99945,100,101033,100,99922,100,101099,100,99908,100,101132,100,99904,100,101272,100,99843,100,101305,100,99838,100
2019-06-28 09:45:40.000000000,100779,210,100226,310,100789,210,100122,210,100860,210,100038,210,100946,210,99987,210,101032,100,99945,100,101033,100,99922,100,101099,100,99908,100,101132,100,99904,100,101272,100,99843,100,101305,100,99838,100
2019-06-28 09:45:50.000000000,100779,542,100226,642,100789,100,100122,100,100860,100,100038,100,100946,100,99987,100,101032,100,99945,100,101033,100,99922,100,101099,100,99908,100,101132,100,99904,100,101272,100,99843,100,101305,100,99838,100
2019-06-28 09:46:00.000000000,100779,188,100226,288,100789,188,100122,188,100860,188,100038,188,100946,188,99987,188,101032,188,99945,188,101033,100,99922,100,101099,100,99908,100,101132,100,99904,100,101272,100,99843,100,101305,100,99838,100
2019-06-28 09:46:10.000000000,100779,210,100226,310,100789,210,100122,210,100860,210,100038,210,100946,210,99987,210,101032,100,99945,100,101033,100,99922,100,101099,100,99908,100,101132,100,99904,100,101272,100,99843,100,101305,100,99838,100
2019-06-28 09:46:20.000000000,100779,188,100226,288,100789,188,100122,188,100860,188,100038,188,100946,188,99987,188,101032,188,99945,188,101033,100,99922,100,101099,100,99908,100,101132,100,99904,100,101272,100,99843,100,101305,100,99838,100
2019-06-28 09:46:30.000000000,100779,188,100226,288,100789,188,100122,188,100860,188,100038,188,100946,188,99987,188,101032,188,99945,188,101033,100,99922,100,101099,100,99908,100,101132,100,99904,100,101272,100,99843,100,101305,100,99838,100
2019-06-28 09:46:40.000000000,100779,321,100226,421,100789,321,100122,321,100860,100,100038,100,100946,100,99987,100,101032,100,99945,100,101033,100,99922,100,101099,100,99908,100,101132,100,99904,100,101272,100,99843,100,101305,100,99838,100
2019-06-28 09:46:50.000000000,100779,321,100226,421,100789,321,100122,321,100860,100,100038,100,100946,100,99987,100,101032,100,99945,100,101033,100,99922,100,101099,100,99908,100,101132,100,99904,100,101272,100,99843,100,101305,100,99838,100
2019-06-28 09:47:00.000000000,100779,542,100226,642,100789,100,100122,100,100860,100,100038,100,100946,100,99987,100,101032,100,99945,100,101033,100,99922,100,101099,100,99908,100,101132,100,99904,100,101272,100,99843,100,101305,100,99838,100
2019-06-28 09:47:10.000000000,100779,542,100226,642,100789,100,100122,100,100860,100,100038,100,100946,100,99987,100,101032,100,99945,100,101033,100,99922,100,101099,100,99908,100,101132,100,99904,100,101272,100,99843,100,101305,100,99838,100
2019-06-28 09:47:13.966726086,100779,542,100226,642,100789,100,100122,100,100860,100,100038,100,100946,100,99987,100,101032,100,99945,100,101033,100,99922,100,101099,100,99908,100,101132,100,99904,100,101272,100,99843,100,101305,100,99838,100
2019-06-28 09:47:20.000000000,100779,188,100226,288,100789,188,100122,188,100860,188,100038,188,100946,188,99987,188,101032,188,99945,188,101033,100,99922,100,101099,100,99908,100,101132,100,99904,100,101272,100,99843,100,101305,100,99838,100
2019-06-28 09:47:30.000000000,100779,250,100226,350,100789,246,100122,246,100860,246,100038,246,100946,100,99987,100,101032,100,99945,100,101033,100,99922,100,101099,100,99908,100,101132,100,99904,100,101272,100,99843,100,101305,100,99838,100
2019-06-28 09:47:34.027129514,100779,250,100226,350,100789,246,100122,246,100860,246,100038,246,100946,100,99987,100,101032,100,99945,100,101033,100,99922,100,101099,100,99908,100,101132,100,99904,100,101272,100,99843,100,101305,100,99838,100
2019-06-28 09:47:40.000000000,100779,542,100226,642,100789,100,100122,100,100860,100,100038,100,100946,100,99987,100,101032,100,99945,100,101033,100,99922,100,101099,100,99908,100,101132,100,99904,100,101272,100,99843,100,101305,100,99838,100
2019-06-28 09:47:45.944363298,100779,542,100226,642,100789,100,100122,100,100860,100,100038,100,100946,100,99987,100,101032,100,99945,100,101033,100,99922,100,101099,100,99908,100,101132,100,99904,100,101272,100,99843,100,101305,100,99838,100
2019-06-28 09:47:50.000000000,100779,321,100226,421,100789,321,100122,321,100860,100,100038,100,100946,100,99987,100,101032,100,99945,100,101033,100,99922,100,101099,100,99908,100,101132,100,99904,100,101272,100,99843,100,101305,100,99838,100
2019-06-28 09:47:59.684977815,100779,321,100594,100,100789,321,100226,421,100860,100,100122,321,100946,100,100038,100,101032,100,99987,100,101033,100,99945,100,101099,100,99922,100,101132,100,99908,100,101272,100,99904,100,101305,100,99843,100
2019-06-28 09:48:00.000000000,100779,321,100594,321,100789,321,100226,421,100860,100,100122,100,100946,100,100038,100,101032,100,99987,100,101033,100,99945,100,101099,100,99922,100,101132,100,99908,100,101272,100,99904,100,101305,100,99843,100
2019-06-28 09:48:10.000000000,100779,210,100594,210,100789,210,100226,310,100860,210,100122,210,100946,210,100038,210,101032,100,99987,100,101033,100,99945,100,101099,100,99922,100,101132,100,99908,100,101272,100,99904,100,101305,100,99843,100
2019-06-28 09:48:20.000000000,100779,250,100594,250,100789,246,100226,346,100860,246,100122,246,100946,100,100038,100,101032,100,99987,100,101033,100,99945,100,101099,100,99922,100,101132,100,99908,100,101272,100,99904,100,101305,100,99843,100
2019-06-28 09:48:21.328142323,100779,250,100594,350,100789,246,100226,246,100860,246,100122,246,100946,100,100038,100,101032,100,99987,100,101033,100,99945,100,101099,100,99922,100,101132,100,99908,100,101272,100,99904,100,101305,100,99843,100
2019-06-28 09:48:30.000000000,100779,542,100594,642,100789,100,100226,100,100860,100,100122,100,100946,100,100038,100,101032,100,99987,100,101033,100,99945,100,101099,100,99922,100,101132,100,99908,100,101272,100,99904,100,101305,100,99843,100
2019-06-28 09:48:40.000000000,100779,321,100594,421,100789,321,100226,321,100860,100,100122,100,100946,100,100038,100,101032,100,99987,100,101033,100,99945,100,101099,100,99922,100,101132,100,99908,100,101272,100,99904,100,101305,100,99843,100
2019-06-28 09:48:42.231525625,100779,321,100594,421,100789,321,100226,321,100860,100,100122,100,100946,100,100038,100,101032,100,99987,100,101033,100,99945,100,101099,100,99922,100,101132,100,99908,100,101272,100,99904,100,101305,100,99843,100
2019-06-28 09:48:50.000000000,100779,542,100594,642,100789,100,100226,100,100860,100,100122,100,100946,100,100038,100,101032,100,99987,100,101033,100,99945,100,101099,100,99922,100,101132,100,99908,100,101272,100,99904,100,101305,100,99843,100
2019-06-28 09:48:56.793111172,100779,442,100594,642,100789,100,100226,100,100860,100,100122,100,100946,100,100038,100,101032,100,99987,100,101033,100,99945,100,101099,100,99922,100,101132,100,99908,100,101272,100,99904,100,101305,100,99843,100
2019-06-28 09:49:00.000000000,100789,188,100594,288,100860,188,100226,188,100946,188,100122,188,101032,188,100038,188,101033,188,99987,188,101099,100,99945,100,101132,100,99922,100,101272,100,99908,100,101305,100,99904,100,101569,100,99843,100
2019-06-28 09:49:09.823190613,100789,188,100594,388,100860,188,100226,188,100946,188,100122,188,101032,188,100038,188,101033,188,99987,188,101099,100,99945,100,101132,100,99922,100,101272,100,99908,100,101305,100,99904,100,101569,100,99843,100
2019-06-28 09:49:10.000000000,100789,210,100594,410,100860,210,100226,210,100946,210,100122,210,101032,210,100038,210,101033,100,99987,100,101099,100,99945,100,101132,100,99922,100,101272,100,99908,100,101305,100,99904,100,101569,100,99843,100
2019-06-28 09:49:20.000000000,100789,321,100594,521,100860,321,100226,321,100946,100,100122,100,101032,100,100038,100,101033,100,99987,100,101099,100,99945,100,101132,100,99922,100,101272,100,99908,100,101305,100,99904,100,101569,100,99843,100
2019-06-28 09:49:30.000000000,100789,542,100594,742,100860,100,100226,100,100946,100,100122,100,101032,100,100038,100,101033,100,99987,100,101099,100,99945,100,101132,100,99922,100,101272,100,99908,100,101305,100,99904,100,101569,100,99843,100
2019-06-28 09:49:40.000000000,100789,188,100594,388,100860,188,100226,188,100946,188,100122,188,101032,188,100038,188,101033,188,99987,188,101099,100,99945,100,101132,100,99922,100,101272,100,99908,100,101305,100,99904,100,101569,100,99843,100
2019-06-28 09:49:50.000000000,100789,210,100594,410,100860,210,100226,210,100946,210,100122,210,101032,210,100038,210,101033,100,99987,100,101099,100,99945,100,101132,100,99922,100,101272,100,99908,100,101305,100,99904,100,101569,100,99843,100
2019-06-28 09:49:53.502324616,100789,210,100594,410,100860,210,100226,210,100946,210,100122,210,101032,210,100038,210,101033,100,99987,100,101099,100,99945,100,101132,100,99922,100,101272,100,99908,100,101305,100,99904,100,101569,100,99843,100
2019-06-28 09:50:00.000000000,100789,542,100594,742,100860,100,100226,100,100946,100,100122,100,101032,100,100038,100,101033,100,99987,100,101099,100,99945,100,101132,100,99922,100,101272,100,99908,100,101305,100,99904,100,101569,100,99843,100
2019-06-28 09:50:01.859514172,100789,542,100594,742,100860,100,100226,100,100946,100,100122,100,101032,100,100038,100,101033,100,99987,100,101099,100,99945,100,101132,100,99922,100,101272,100,99908,100,101305,100,99904,100,101569,100,99843,100
2019-06-28 09:50:10.000000000,100789,321,100594,521,100860,321,100226,321,100946,100,100122,100,101032,100,100038,100,101033,100,99987,100,101099,100,99945,100,101132,100,99922,100,101272,100,99908,100,101305,100,99904,100,101569,100,99843,100
2019-06-28 09:50:20.000000000,100789,188,100594,388,100860,188,100226,188,100946,188,100122,188,101032,188,100038,188,101033,188,99987,188,101099,100,99945,100,101132,100,99922,100,101272,100,99908,100,101305,100,99904,100,101569,100,99843,100
2019-06-28 09:50:30.000000000,100789,210,100594,410,100860,210,100226,210,100946,210,100122,210,101032,210,100038,210,101033,100,99987,100,101099,100,99945,100,101132,100,99922,100,101272,100,99908,100,101305,100,99904,100,101569,100,99843,100
2019-06-28 09:50:32.513689461,100789,210,100594,410,100860,210,100226,210,100946,210,100122,210,101032,210,100038,210,101033,100,99987,100,101099,100,99945,100,101272,100,99922,100,101305,100,99908,100,101569,100,99904,100,101592,100,99843,100
2019-06-28 09:50:39.384455356,100789,210,100594,310,100860,210,100226,210,100946,210,100122,210,101032,210,100038,210,101033,100,99987,100,101099,100,99945,100,101272,100,99922,100,101305,100,99908,100,101569,100,99904,100,101592,100,99843,100
2019-06-28 09:50:39.697476891,100789,110,100594,310,100860,210,100226,210,100946,210,100122,210,101032,210,100038,210,101033,100,99987,100,101099,100,99945,100,101272,100,99908,100,101305,100,99904,100,101569,100,99843,100,101592,100,99759,100
2019-06-28 09:50:40.000000000,100860,210,100594,310,100946,210,100226,210,101032,210,100122,210,101033,210,100038,210,101099,100,99987,100,101272,100,99945,100,101305,100,99908,100,101569,100,99904,100,101592,100,99843,100,101694,100,99759,100
2019-06-28 09:50:49.592834528,100860,110,100594,310,100946,210,100226,210,101032,210,100122,210,101033,210,100038,210,101099,100,99987,100,101272,100,99945,100,101305,100,99908,100,101569,100,99904,100,101592,100,99843,100,101694,100,99759,100
2019-06-28 09:50:50.000000000,100946,210,100594,310,101032,210,100226,210,101033,210,100122,210,101099,210,100038,210,101272,100,99987,100,101305,100,99945,100,101569,100,99908,100,101592,100,99904,100,101694,100,99843,100,101744,100,99759,100
2019-06-28 09:50:52.038852035,100946,210,100594,210,101032,210,100226,210,101033,210,100122,210,101099,210,100038,210,101272,100,99987,100,101305,100,99945,100,101569,100,99908,100,101592,100,99904,100,101694,100,99843,100,101744,100,99759,100
2019-06-28 09:51:00.000000000,100946,188,100594,188,101032,188,100226,188,101033,188,100122,188,101099,188,100038,188,101272,188,99987,188,101305,100,99945,100,101569,100,99908,100,101592,100,99904,100,101694,100,99843,100,101744,100,99759,100
2019-06-28 09:51:10.000000000,100946,321,100594,321,101032,321,100226,321,101033,100,100122,100,101099,100,100038,100,101272,100,99987,100,101305,100,99945,100,101569,100,99908,100,101592,100,99904,100,101694,100,99843,100,101744,100,99759,100
2019-06-28 09:51:16.297809693,100946,321,100594,321,101032,321,100226,321,101033,100,100122,100,101099,100,100038,100,101272,100,99987,100,101305,100,99945,100,101569,100,99908,100,101592,100,99904,100,101694,100,99843,100,101744,100,99759,100
2019-06-28 09:51:20.000000000,100946,542,100594,542,101032,100,100226,100,101033,100,100122,100,101099,100,100038,100,101272,100,99987,100,101305,100,99945,100,101569,100,99908,100,101592,100,99904,100,101694,100,99843,100,101744,100,99759,100
2019-06-28 09:51:30.000000000,100946,210,100594,210,101032,210,100226,210,101033,210,100122,210,101099,210,100038,210,101272,100,99987,100,101305,100,99945,100,101569,100,99908,100,101592,100,99904,100,101694,100,99843,100,101744,100,99759,100
2019-06-28 09:51:31.191013673,100946,110,100594,210,101032,210,100226,210,101033,210,100122,210,101099,210,100038,210,101272,100,99987,100,101305,100,99945,100,101569,100,99908,100,101592,100,99904,100,101694,100,99843,100,101775,100,99759,100
2019-06-28 09:51:40.000000000,101032,210,100594,210,101033,210,100226,210,101099,210,100122,210,101272,210,100038,210,101305,100,99987,100,101569,100,99945,100,101592,100,99908,100,101694,100,99904,100,101775,100,99843,100,101935,100,99759,100
2019-06-28 09:51:50.000000000,101032,321,100594,321,101033,321,100226,321,101099,100,100122,100,101272,100,100038,100,101305,100,99987,100,101569,100,99945,100,101592,100,99908,100,101694,100,99904,100,101775,100,99843,100,101935,100,99759,100
2019-06-28 09:51:52.357500538,101032,321,100594,321,101033,321,100226,321,101099,100,100122,100,101272,100,100038,100,101305,100,99945,100,101569,100,99908,100,101592,100,99904,100,101694,100,99843,100,101775,100,99759,100,101935,100,,
2019-06-28 09:52:00.000000000,101032,321,100594,321,101033,321,100226,321,101099,100,100122,100,101272,100,100038,100,101305,100,99945,100,101569,100,99908,100,101592,100,99904,100,101694,100,99843,100,101775,100,99759,100,101935,100,,
2019-06-28 09:52:10.000000000,101032,321,100594,321,101033,321,100226,321,101099,100,100122,100,101272,100,100038,100,101305,100,99945,100,101569,100,99908,100,101592,100,99904,100,101694,100,99843,100,101775,100,99759,100,101935,100,,
2019-06-28 09:52:20.000000000,101032,250,100594,250,101033,246,100226,246,101099,246,100122,246,101272,100,100038,100,101305,100,99945,100,101569,100,99908,100,101592,100,99904,100,101694,100,99843,100,101775,100,99759,100,101935,100,,
2019-06-28 09:52:22.828486974,101032,250,100594,150,101033,246,100226,246,101099,246,100122,246,101272,100,100038,100,101305,100,99945,100,101569,100,99908,100,101592,100,99904,100,101694,100,99843,100,101775,100,99759,100,101935,100,,
2019-06-28 09:52:30.000000000,101032,210,100226,210,101033,210,100122,210,101099,210,100038,210,101272,210,99945,210,101305,100,99908,100,101569,100,99904,100,101592,100,99843,100,101694,100,99759,100,101775,100,,,101935,100,,
2019-06-28 09:52:40.000000000,101032,210,100226,210,101033,210,100122,210,101099,210,100038,210,101272,210,99945,210,101305,100,99908,100,101569,100,99904,100,101592,100,99843,100,101694,100,99759,100,101775,100,,,101935,100,,
2019-06-28 09:52:48.940289074,101032,110,100226,210,101033,210,100122,210,101099,210,100038,210,101272,210,99945,110,101305,100,99908,100,101569,100,99904,100,101592,100,99843,100,101694,100,99759,100,101775,100,,,101935,100,,
2019-06-28 09:52:50.000000000,101033,250,100226,250,101099,246,100122,246,101272,246,100038,246,101305,100,99908,100,101569,100,99904,100,101592,100,99843,100,101694,100,99759,100,101775,100,,,101935,100,,,102057,100,,
2019-06-28 09:52:52.003818217,101033,250,100946,100,101099,246,100226,250,101272,246,100122,246,101305,100,100038,246,101569,100,99908,100,101592,100,99904,100,101694,100,99843,100,101775,100,99759,100,101935,100,,,102057,100,,
2019-06-28 09:53:00.000000000,101033,321,100946,321,101099,321,100226,321,101272,100,100122,100,101305,100,100038,100,101569,100,99908,100,101592,100,99904,100,101694,100,99843,100,101775,100,99759,100,101935,100,,,102057,100,,
2019-06-28 09:53:10.000000000,101033,542,100946,542,101099,100,100226,100,101272,100,100122,100,101305,100,100038,100,101569,100,99908,100,101592,100,99904,100,101694,100,99843,100,101775,100,99759,100,101935,100,,,102057,100,,
2019-06-28 09:53:16.277619830,101033,442,100946,542,101099,100,100226,100,101272,100,100122,100,101305,100,100038,100,101569,100,99908,100,101592,100,99904,100,101694,100,99843,100,101775,100,99759,100,101935,100,,,102057,100,,
2019-06-28 09:53:20.000000000,101099,210,100946,210,101272,210,100226,210,101305,210,100122,210,101569,210,100038,210,101592,100,99908,100,101694,100,99904,100,101775,100,99843,100,101935,100,99759,100,102057,100,,,102114,100,,
2019-06-28 09:53:28.490769786,101099,210,100946,210,101272,210,100226,210,101305,210,100122,210,101569,210,100038,210,101592,100,99908,100,101694,100,99904,100,101775,100,99843,100,101935,100,99759,100,102111,100,,,102114,100,,
2019-06-28 09:53:30.000000000,101099,321,100946,321,101272,321,100226,321,101305,100,100122,100,101569,100,100038,100,101592,100,99908,100,101694,100,99904,100,101775,100,99843,100,101935,100,99759,100,102111,100,,,102114,100,,
2019-06-28 09:53:34.908692750,101099,321,100946,321,101272,321,100226,321,101305,100,100122,100,101569,100,99908,100,101592,100,99904,100,101694,100,99843,100,101775,100,99759,100,101935,100,,,102111,100,,,102114,100,,
2019-06-28 09:53:40.000000000,101099,250,100946,250,101272,246,100226,246,101305,246,100122,246,101569,100,99908,100,101592,100,99904,100,101694,100,99843,100,101775,100,99759,100,101935,100,,,102111,100,,,102114,100,,
2019-06-28 09:53:46.841085761,101099,250,100946,250,101272,246,100226,246,101305,246,100122,246,101569,100,99908,100,101592,100,99904,100,101694,100,99843,100,101775,100,99759,100,101935,100,,,102075,100,,,102111,100,,
2019-06-28 09:53:50.000000000,101099,188,100946,188,101272,188,100226,188,101305,188,100122,188,101569,188,99908,188,101592,188,99904,188,101694,100,99843,100,101775,100,99759,100,101935,100,,,102075,100,,,102111,100,,
2019-06-28 09:54:00.000000000,101099,210,100946,210,101272,210,100226,210,101305,210,100122,210,101569,210,99908,210,101592,100,99904,100,101694,100,99843,100,101775,100,99759,100,101935,100,,,102075,100,,,102111,100,,
2019-06-28 09:54:10.000000000,101099,188,100946,188,101272,188,100226,188,101305,188,100122,188,101569,188,99908,188,101592,188,99904,188,101694,100,99843,100,101775,100,99759,100,101935,100,,,102075,100,,,102111,100,,
2019-06-28 09:54:10.800134482,101099,88,100946,188,101272,188,100226,188,101305,188,100122,188,101569,188,99908,188,101592,188,99904,188,101694,100,99843,100,101775,100,99759,100,101935,100,,,102075,100,,,102111,100,,
2019-06-28 09:54:16.829925173,101099,88,100946,188,101272,188,100226,188,101305,188,100122,188,101569,188,99908,188,101592,188,99904,188,101694,100,99843,100,101775,100,99759,100,101935,100,,,102075,100,,,102111,100,,
2019-06-28 09:54:20.000000000,101272,250,100946,250,101305,246,100226,246,101569,246,100122,246,101592,100,99908,100,101694,100,99904,100,101775,100,99843,100,101935,100,99759,100,102075,100,,,102111,100,,,102170,100,,
2019-06-28 09:54:30.000000000,101272,250,100946,250,101305,246,100226,246,101569,246,100122,246,101592,100,99908,100,101694,100,99904,100,101775,100,99843,100,101935,100,99759,100,102075,100,,,102111,100,,,102170,100,,
2019-06-28 09:54:40.000000000,101272,210,100946,210,101305,210,100226,210,101569,210,100122,210,101592,210,99908,210,101694,100,99904,100,101775,100,99843,100,101935,100,99759,100,102075,100,,,102111,100,,,102170,100,,
2019-06-28 09:54:46.854320353,101272,210,101033,100,101305,210,100946,210,101569,210,100226,210,101592,210,100122,210,101694,100,99908,210,101775,100,99904,100,101935,100,99843,100,102075,100,99759,100,102111,100,,,102170,100,,
2019-06-28 09:54:50.000000000,101272,321,101033,321,101305,321,100946,321,101569,100,100226,100,101592,100,100122,100,101694,100,99908,100,101775,100,99904,100,101935,100,99843,100,102075,100,99759,100,102111,100,,,102170,100,,
2019-06-28 09:55:00.000000000,101272,188,101033,188,101305,188,100946,188,101569,188,100226,188,101592,188,100122,188,101694,188,99908,188,101775,100,99904,100,101935,100,99843,100,102075,100,99759,100,102111,100,,,102170,100,,
2019-06-28 09:55:10.000000000,101272,542,101033,542,101305,100,100946,100,101569,100,100226,100,101592,100,100122,100,101694,100,99908,100,101775,100,99904,100,101935,100,99843,100,102075,100,99759,100,102111,100,,,102170,100,,
2019-06-28 09:55:20.000000000,101272,210,101033,210,101305,210,100946,210,101569,210,100226,210,101592,210,100122,210,101694,100,99908,100,101775,100,99904,100,101935,100,99843,100,102075,100,99759,100,102111,100,,,102170,100,,
2019-06-28 09:55:30.000000000,101272,321,101033,321,101305,321,100946,321,101569,100,100226,100,101592,100,100122,100,101694,100,99908,100,101775,100,99904,100,101935,100,99843,100,102075,100,99759,100,102111,100,,,102170,100,,
2019-06-28 09:55:33.780060369,101272,221,101033,321,101305,321,100946,321,101569,100,100226,100,101592,100,100122,100,101694,100,99908,100,101775,100,99904,100,101935,100,99843,100,102075,100,99759,100,102111,100,,,102170,100,,
2019-06-28 09:55:37.597823244,101272,121,101033,321,101305,321,100946,321,101569,100,100226,100,101592,100,100122,100,101694,100,99908,100,101775,100,99904,100,101935,100,99843,100,102075,100,99759,100,102111,100,,,102170,100,,
2019-06-28 09:55:40.000000000,101305,321,101033,321,101569,321,100946,321,101592,100,100226,100,101694,100,100122,100,101775,100,99908,100,101935,100,99904,100,102075,100,99843,100,102111,100,99759,100,102170,100,,,102366,100,,
2019-06-28 09:55:50.000000000,101305,188,101033,188,101569,188,100946,188,101592,188,100226,188,101694,188,100122,188,101775,188,99908,188,101935,100,99904,100,102075,100,99843,100,102111,100,99759,100,102170,100,,,102366,100,,
2019-06-28 09:55:50.504980137,101305,88,101033,188,101569,188,100946,188,101592,188,100226,188,101694,188,100122,188,101775,188,99908,188,101935,100,99904,100,102075,100,99843,100,102111,100,99759,100,102170,100,,,102366,100,,
2019-06-28 09:55:59.460470971,101569,188,101305,12,101592,188,101033,188,101694,188,100946,188,101775,188,100226,188,102075,100,100122,188,102111,100,99908,188,102170,100,99904,100,102366,100,99843,100,,,99759,100,,,,
2019-06-28 09:56:00.000000000,101569,210,101305,122,101592,210,101033,210,101694,210,100946,210,101775,210,100226,210,102075,100,100122,100,102111,100,99908,100,102170,100,99904,100,102366,100,99843,100,,,99759,100,,,,
2019-06-28 09:56:10.000000000,101569,542,101305,454,101592,100,101033,100,101694,100,100946,100,101775,100,100226,100,102075,100,100122,100,102111,100,99908,100,102170,100,99904,100,102366,100,99843,100,,,99759,100,,,,
2019-06-28 09:56:11.110867861,101569,542,101305,554,101592,100,101033,100,101694,100,100946,100,101775,100,100226,100,102075,100,100122,100,102111,100,99908,100,102170,100,99904,100,102366,100,99843,100,,,99759,100,,,,
2019-06-28 09:56:16.454552498,101569,442,101305,554,101592,100,101033,100,101619,100,100946,100,101694,100,100226,100,101775,100,100122,100,102075,100,99908,100,102111,100,99904,100,102170,100,99843,100,102366,100,99759,100,,,,
2019-06-28 09:56:20.000000000,101592,210,101305,222,101619,210,101033,210,101694,210,100946,210,101775,210,100226,210,102075,100,100122,100,102111,100,99908,100,102170,100,99904,100,102366,100,99843,100,,,99759,100,,,,
2019-06-28 09:56:30.000000000,101592,210,101305,222,101619,210,101033,210,101694,210,100946,210,101775,210,100226,210,102075,100,100122,100,102111,100,99908,100,102170,100,99904,100,102366,100,99843,100,,,99759,100,,,,
2019-06-28 09:56:36.261723109,101592,210,101305,222,101619,210,101033,210,101694,210,100946,210,101758,100,100226,210,101775,210,100122,100,102075,100,99908,100,102111,100,99904,100,102170,100,99843,100,102366,100,99759,100,,,,
2019-06-28 09:56:36.991263891,101592,210,101305,222,101619,210,101033,210,101694,210,100946,210,101720,100,100226,210,101758,100,100122,100,101775,210,99908,100,102075,100,99904,100,102111,100,99759,100,102170,100,,,102366,100,,
2019-06-28 09:56:40.000000000,101592,188,101305,200,101619,188,101033,188,101694,188,100946,188,101720,188,100226,188,101758,188,100122,188,101775,100,99908,100,102075,100,99904,100,102111,100,99759,100,102170,100,,,102366,100,,
2019-06-28 09:56:50.000000000,101592,321,101305,333,101619,321,101033,321,101694,100,100946,100,101720,100,100226,100,101758,100,100122,100,101775,100,99908,100,102075,100,99904,100,102111,100,99759,100,102170,100,,,102366,100,,
2019-06-28 09:56:54.800785029,101592,321,101305,433,101619,321,101033,321,101694,100,100946,100,101720,100,100226,100,101758,100,100122,100,101775,100,99908,100,102075,100,99904,100,102111,100,99759,100,102170,100,,,102366,100,,
2019-06-28 09:57:00.000000000,101592,321,101305,433,101619,321,101033,321,101694,100,100946,100,101720,100,100226,100,101758,100,100122,100,101775,100,99908,100,102075,100,99904,100,102111,100,99759,100,102170,100,,,102366,100,,
2019-06-28 09:57:10.000000000,101592,321,101305,433,101619,321,101033,321,101694,100,100946,100,101720,100,100226,100,101758,100,100122,100,101775,100,99908,100,102075,100,99904,100,102111,100,99759,100,102170,100,,,102366,100,,
2019-06-28 09:57:20.000000000,101592,321,101305,433,101619,321,101033,321,101694,100,100946,100,101720,100,100226,100,101758,100,100122,100,101775,100,99908,100,102075,100,99904,100,102111,100,99759,100,102170,100,,,102366,100,,
2019-06-28 09:57:30.000000000,101592,321,101305,433,101619,321,101033,321,101694,100,100946,100,101720,100,100226,100,101758,100,100122,100,101775,100,99908,100,102075,100,99904,100,102111,100,99759,100,102170,100,,,102366,100,,
2019-06-28 09:57:32.234979789,101592,321,101305,333,101619,321,101033,321,101694,100,100946,100,101720,100,100226,100,101758,100,100122,100,101775,100,99908,100,102075,100,99904,100,102111,100,99759,100,102170,100,,,102366,100,,
2019-06-28 09:57:40.000000000,101592,250,101305,262,101619,246,101033,246,101694,246,100946,246,101720,100,100226,100,101758,100,100122,100,101775,100,99908,100,102075,100,99904,100,102111,100,99759,100,102170,100,,,102366,100,,
2019-06-28 09:57:48.777573648,101592,250,101305,262,101619,146,101033,246,101694,246,101022,100,101720,100,100946,246,101758,100,100226,100,101775,100,100122,100,102075,100,99908,100,102111,100,99904,100,102170,100,99759,100,102366,100,,
2019-06-28 09:57:50.000000000,101592,321,101305,333,101694,321,101033,321,101720,100,101022,100,101758,100,100946,100,101775,100,100226,100,102075,100,100122,100,102111,100,99908,100,102170,100,99904,100,102366,100,99759,100,,,,
2019-06-28 09:57:53.713018994,101592,321,101305,233,101694,321,101033,321,101720,100,101022,100,101758,100,100946,100,101775,100,100226,100,102075,100,100122,100,102170,100,99908,100,102366,100,99904,100,,,99759,100,,,,
2019-06-28 09:58:00.000000000,101592,250,101305,162,101694,246,101033,246,101720,246,101022,246,101758,100,100946,100,101775,100,100226,100,102075,100,100122,100,102170,100,99908,100,102366,100,99904,100,,,99759,100,,,,
2019-06-28 09:58:10.000000000,101592,188,101305,100,101694,188,101033,188,101720,188,101022,188,101758,188,100946,188,101775,188,100226,188,102075,100,100122,100,102170,100,99908,100,102366,100,99904,100,,,99759,100,,,,
2019-06-28 09:58:20.000000000,101592,188,101305,100,101694,188,101033,188,101720,188,101022,188,101758,188,100946,188,101775,188,100226,188,102075,100,100122,100,102170,100,99908,100,102366,100,99904,100,,,99759,100,,,,
2019-06-28 09:58:28.517244165,101592,188,101033,188,101694,188,101022,188,101720,188,100946,188,101758,188,100226,188,101775,188,100122,100,102075,100,99908,100,102170,100,99904,100,102366,100,99759,100,,,,,,,,
2019-06-28 09:58:30.000000000,101592,188,101033,188,101694,188,101022,188,101720,188,100946,188,101758,188,100226,188,101775,188,100122,188,102075,100,99908,100,102170,100,99904,100,102366,100,99759,100,,,,,,,,
2019-06-28 09:58:40.000000000,101592,250,101033,250,101694,246,101022,246,101720,246,100946,246,101758,100,100226,100,101775,100,100122,100,102075,100,99908,100,102170,100,99904,100,102366,100,99759,100,,,,,,,,
2019-06-28 09:58:50.000000000,101592,321,101033,321,101694,321,101022,321,101720,100,100946,100,101758,100,100226,100,101775,100,100122,100,102075,100,99908,100,102170,100,99904,100,102366,100,99759,100,,,,,,,,
2019-06-28 09:59:00.000000000,101592,210,101033,210,101694,210,101022,210,101720,210,100946,210,101758,210,100226,210,101775,100,100122,100,102075,100,99908,100,102170,100,99904,100,102366,100,99759,100,,,,,,,,
2019-06-28 09:59:10.000000000,101592,250,101033,250,101694,246,101022,246,101720,246,100946,246,101758,100,100226,100,101775,100,100122,100,102075,100,99908,100,102170,100,99904,100,102366,100,99759,100,,,,,,,,
2019-06-28 09:59:10.363282828,101349,100,101033,250,101592,250,101022,246,101694,246,100946,246,101720,246,100226,100,101758,100,100122,100,101775,100,99908,100,102075,100,99904,100,102170,100,99759,100,102366,100,,,,,,
2019-06-28 09:59:20.000000000,101349,250,101033,250,101592,246,101022,246,101694,246,100946,246,101720,100,100226,100,101758,100,100122,100,101775,100,99908,100,102075,100,99904,100,102170,100,99759,100,102366,100,,,,,,
2019-06-28 09:59:30.000000000,101349,321,101033,321,101592,321,101022,321,101694,100,100946,100,101720,100,100226,100,101758,100,100122,100,101775,100,99908,100,102075,100,99904,100,102170,100,99759,100,102366,100,,,,,,
2019-06-28 09:59:40.000000000,101349,210,101033,210,101592,210,101022,210,101694,210,100946,210,101720,210,100226,210,101758,100,100122,100,101775,100,99908,100,102075,100,99904,100,102170,100,99759,100,102366,100,,,,,,
2019-06-28 09:59:50.000000000,101349,210,101033,210,101592,210,101022,210,101694,210,100946,210,101720,210,100226,210,101758,100,100122,100,101775,100,99908,100,102075,100,99904,100,102170,100,99759,100,102366,100,,,,,,
2019-06-28 09:59:56.486205451,101349,210,101033,210,101592,210,101022,210,101694,210,100946,210,101720,210,100810,100,101758,100,100226,210,101775,100,100122,100,102075,100,99908,100,102170,100,99904,100,102366,100,99759,100,,,,
2019-06-28 10:00:00.000000000,101349,250,101033,250,101592,246,101022,246,101694,246,100946,246,101720,100,100810,100,101758,100,100226,100,101775,100,100122,100,102075,100,99908,100,102170,100,99904,100,102366,100,99759,100,,,,
2019-06-28 10:00:07.349020957,101349,250,101033,250,101474,100,101022,246,101592,246,100946,246,101694,246,100810,100,101720,100,100226,100,101758,100,100122,100,101775,100,99908,100,102075,100,99904,100,102170,100,99759,100,102366,100,,
2019-06-28 10:00:10.000000000,101349,321,101033,321,101474,321,101022,321,101592,100,100946,100,101694,100,100810,100,101720,100,100226,100,101758,100,100122,100,101775,100,99908,100,102075,100,99904,100,102170,100,99759,100,102366,100,,
2019-06-28 10:00:18.870676319,101349,321,101033,321,101474,321,101022,321,101592,100,100976,100,101694,100,100946,100,101720,100,100810,100,101758,100,100226,100,101775,100,100122,100,102075,100,99908,100,102170,100,99904,100,102366,100,99759,100
2019-06-28 10:00:20.000000000,101349,250,101033,250,101474,246,101022,246,101592,246,100976,246,101694,100,100946,100,101720,100,100810,100,101758,100,100226,100,101775,100,100122,100,102075,100,99908,100,102170,100,99904,100,102366,100,99759,100
2019-06-28 10:00:29.951980435,101349,250,101196,100,101474,246,101033,250,101592,246,101022,246,101694,100,100976,246,101720,100,100946,100,101758,100,100810,100,101775,100,100226,100,102075,100,100122,100,102170,100,99908,100,102366,100,99904,100
2019-06-28 10:00:30.000000000,101349,210,101196,210,101474,210,101033,210,101592,210,101022,210,101694,210,100976,210,101720,100,100946,100,101758,100,100810,100,101775,100,100226,100,102075,100,100122,100,102170,100,99908,100,102366,100,99904,100
2019-06-28 10:00:40.000000000,101349,321,101196,321,101474,321,101033,321,101592,100,101022,100,101694,100,100976,100,101720,100,100946,100,101758,100,100810,100,101775,100,100226,100,102075,100,100122,100,102170,100,99908,100,102366,100,99904,100
2019-06-28 10:00:42.125239600,101305,100,101196,321,101349,321,101033,321,101474,321,101022,100,101592,100,100976,100,101694,100,100946,100,101720,100,100810,100,101758,100,100226,100,101775,100,100122,100,102075,100,99908,100,102170,100,99904,100
2019-06-28 10:00:43.223658734,101305,200,101196,321,101349,321,101033,321,101474,321,101022,100,101592,100,100976,100,101694,100,100946,100,101720,100,100810,100,101758,100,100226,100,101775,100,100122,100,102075,100,99908,100,102170,100,99904,100
2019-06-28 10:00:50.000000000,101305,288,101196,188,101349,188,101033,188,101474,188,101022,188,101592,188,100976,188,101694,188,100946,188,101720,100,100810,100,101758,100,100226,100,101775,100,100122,100,102075,100,99908,100,102170,100,99904,100
2019-06-28 10:01:00.000000000,101305,288,101196,188,101349,188,101033,188,101474,188,101022,188,101592,188,100976,188,101694,188,100946,188,101720,100,100810,100,101758,100,100226,100,101775,100,100122,100,102075,100,99908,100,102170,100,99904,100
2019-06-28 10:01:03.204485271,101305,388,101196,188,101349,188,101033,188,101474,188,101022,188,101592,188,100976,188,101694,188,100946,188,101720,100,100810,100,101758,100,100226,100,101775,100,100122,100,102075,100,99908,100,102170,100,99904,100
2019-06-28 10:01:10.000000000,101305,410,101196,210,101349,210,101033,210,101474,210,101022,210,101592,210,100976,210,101694,100,100946,100,101720,100,100810,100,101758,100,100226,100,101775,100,100122,100,102075,100,99908,100,102170,100,99904,100
2019-06-28 10:01:20.000000000,101305,410,101196,210,101349,210,101033,210,101474,210,101022,210,101592,210,100976,210,101694,100,100946,100,101720,100,100810,100,101758,100,100226,100,101775,100,100122,100,102075,100,99908,100,102170,100,99904,100
2019-06-28 10:01:23.758944398,101305,410,101196,210,101349,210,101033,210,101474,210,101022,210,101592,210,100976,210,101694,100,100946,100,101720,100,100810,100,101758,100,100226,100,101775,100,100122,100,102075,100,99908,100,102170,100,99904,100
2019-06-28 10:01:26.622620245,101305,410,101196,210,101349,210,101033,210,101474,210,101022,210,101592,210,100976,210,101694,100,100946,100,101720,100,100810,100,101758,100,100801,100,101775,100,100226,100,102075,100,100122,100,102170,100,99908,100
2019-06-28 10:01:30.000000000,101305,521,101196,321,101349,321,101033,321,101474,100,101022,100,101592,100,100976,100,101694,100,100946,100,101720,100,100810,100,101758,100,100801,100,101775,100,100226,100,102075,100,100122,100,102170,100,99908,100
2019-06-28 10:01:35.272244437,101305,521,101196,221,101349,321,101033,321,101474,100,101022,100,101592,100,100976,100,101694,100,100946,100,101720,100,100810,100,101758,100,100801,100,102075,100,100226,100,102170,100,100122,100,102366,100,99908,100
2019-06-28 10:01:40.000000000,101305,388,101033,188,101349,188,101022,188,101474,188,100976,188,101592,188,100946,188,101694,188,100810,188,101720,100,100801,100,101758,100,100226,100,102075,100,100122,100,102170,100,99908,100,102366,100,99904,100
2019-06-28 10:01:50.000000000,101305,410,101033,210,101349,210,101022,210,101474,210,100976,210,101592,210,100946,210,101694,100,100810,100,101720,100,100801,100,101758,100,100226,100,102075,100,100122,100,102170,100,99908,100,102366,100,99904,100
2019-06-28 10:02:00.000000000,101305,410,101033,210,101349,210,101022,210,101474,210,100976,210,101592,210,100946,210,101694,100,100810,100,101720,100,100801,100,101758,100,100226,100,102075,100,100122,100,102170,100,99908,100,102366,100,99904,100
2019-06-28 10:02:04.137808794,101305,410,101033,210,101349,210,101022,210,101474,210,100976,210,101592,210,100946,210,101694,100,100810,100,101720,100,100801,100,101758,100,100569,100,102075,100,100226,100,102170,100,100122,100,102366,100,99908,100
2019-06-28 10:02:09.410565330,101305,310,101033,210,101349,210,101022,210,101474,210,100976,210,101592,210,100946,210,101694,100,100810,100,101720,100,100801,100,101758,100,100569,100,102075,100,100226,100,102170,100,100122,100,102366,100,99908,100
2019-06-28 10:02:10.000000000,101305,350,101033,250,101349,246,101022,246,101474,246,100976,246,101592,100,100946,100,101694,100,100810,100,101720,100,100801,100,101758,100,100569,100,102075,100,100226,100,102170,100,100122,100,102366,100,99908,100
2019-06-28 10:02:10.017977800,101305,350,101033,250,101349,246,101022,246,101474,246,100976,246,101592,100,100946,100,101694,100,100810,100,101758,100,100801,100,102075,100,100607,100,102170,100,100569,100,102366,100,100226,100,,,100122,100
2019-06-28 10:02:20.000000000,101305,421,101033,321,101349,321,101022,321,101474,100,100976,100,101592,100,100946,100,101694,100,100810,100,101758,100,100801,100,102075,100,100607,100,102170,100,100569,100,102366,100,100226,100,,,100122,100
2019-06-28 10:02:27.488450719,101305,421,101033,221,101349,321,101022,321,101474,100,100976,100,101694,100,100946,100,101758,100,100810,100,102075,100,100801,100,102170,100,100607,100,102366,100,100569,100,,,100226,100,,,100122,100
2019-06-28 10:02:30.000000000,101305,642,101022,542,101349,100,100976,100,101474,100,100946,100,101694,100,100810,100,101758,100,100801,100,102075,100,100607,100,102170,100,100569,100,102366,100,100226,100,,,100122,100,,,99908,100
2019-06-28 10:02:31.059507659,101305,642,101022,442,101349,100,100976,100,101474,100,100946,100,101694,100,100810,100,101758,100,100801,100,102075,100,100607,100,102170,100,100569,100,102366,100,100226,100,,,100122,100,,,99908,100
2019-06-28 10:02:39.830458019,101305,642,101022,442,101349,100,100976,100,101474,100,100946,100,101694,100,100810,100,101758,100,100801,100,102075,100,100607,100,102170,100,100569,100,102366,100,100294,100,,,100226,100,,,100122,100
2019-06-28 10:02:40.000000000,101305,288,100976,188,101349,188,100946,188,101474,188,100810,188,101694,188,100801,188,101758,188,100607,188,102075,100,100569,100,102170,100,100294,100,102366,100,100226,100,,,100122,100,,,99908,100
2019-06-28 10:02:50.000000000,101305,421,100976,321,101349,321,100946,321,101474,100,100810,100,101694,100,100801,100,101758,100,100607,100,102075,100,100569,100,102170,100,100294,100,102366,100,100226,100,,,100122,100,,,99908,100
2019-06-28 10:03:00.000000000,101305,421,100976,321,101349,321,100946,321,101474,100,100810,100,101694,100,100801,100,101758,100,100607,100,102075,100,100569,100,102170,100,100294,100,102366,100,100226,100,,,100122,100,,,99908,100
2019-06-28 10:03:00.718712813,101305,421,100976,221,101349,321,100946,321,101474,100,100810,100,101694,100,100801,100,101758,100,100607,100,102075,100,100569,100,102170,100,100294,100,102366,100,100226,100,,,100122,100,,,99908,100
2019-06-28 10:03:10.000000000,101305,421,100946,321,101349,321,100810,321,101474,100,100801,100,101694,100,100607,100,101758,100,100569,100,102075,100,100294,100,102170,100,100226,100,102366,100,100122,100,,,99908,100,,,99759,100
2019-06-28 10:03:20.000000000,101305,310,100946,210,101349,210,100810,210,101474,210,100801,210,101694,210,100607,210,101758,100,100569,100,102075,100,100294,100,102170,100,100226,100,102366,100,100122,100,,,99908,100,,,99759,100
2019-06-28 10:03:30.000000000,101305,288,100946,188,101349,188,100810,188,101474,188,100801,188,101694,188,100607,188,101758,188,100569,188,102075,100,100294,100,102170,100,100226,100,102366,100,100122,100,,,99908,100,,,99759,100
2019-06-28 10:03:31.334160115,101305,288,100946,188,101349,188,100810,188,101474,188,100801,188,101694,188,100607,188,101758,188,100569,188,102075,100,100417,100,102170,100,100294,100,102366,100,100226,100,,,100122,100,,,99908,100
2019-06-28 10:03:39.025758500,101305,288,100946,88,101349,188,100810,188,101474,188,100801,188,101694,188,100607,188,101758,188,100569,188,102075,100,100417,100,102170,100,100294,100,102366,100,100226,100,,,100122,100,,,99908,100
2019-06-28 10:03:40.000000000,101305,421,100810,321,101349,321,100801,321,101474,100,100607,100,101694,100,100569,100,101758,100,100417,100,102075,100,100294,100,102170,100,100226,100,102366,100,100122,100,,,99908,100,,,99759,100
2019-06-28 10:03:50.000000000,101305,421,100810,321,101349,321,100801,321,101474,100,100607,100,101694,100,100569,100,101758,100,100417,100,102075,100,100294,100,102170,100,100226,100,102366,100,100122,100,,,99908,100,,,99759,100
2019-06-28 10:04:00.000000000,101305,421,100810,321,101349,321,100801,321,101474,100,100607,100,101694,100,100569,100,101758,100,100417,100,102075,100,100294,100,102170,100,100226,100,102366,100,100122,100,,,99908,100,,,99759,100
2019-06-28 10:04:10.000000000,101305,350,100810,250,101349,246,100801,246,101474,246,100607,246,101694,100,100569,100,101758,100,100417,100,102075,100,100294,100,102170,100,100226,100,102366,100,100122,100,,,99908,100,,,99759,100
2019-06-28 10:04:13.819785892,101305,350,100810,250,101349,246,100801,246,101474,246,100607,246,101694,100,100569,100,101758,100,100417,100,102075,100,100294,100,102170,100,100280,100,102366,100,100226,100,,,100122,100,,,99908,100
2019-06-28 10:04:20.000000000,101305,350,100810,250,101349,246,100801,246,101474,246,100607,246,101694,100,100569,100,101758,100,100417,100,102075,100,100294,100,102170,100,100280,100,102366,100,100226,100,,,100122,100,,,99908,100
2019-06-28 10:04:30.000000000,101305,310,100810,210,101349,210,100801,210,101474,210,100607,210,101694,210,100569,210,101758,100,100417,100,102075,100,100294,100,102170,100,100280,100,102366,100,100226,100,,,100122,100,,,99908,100
2019-06-28 10:04:33.997103649,101305,310,100810,210,101349,210,100801,210,101474,210,100607,210,101694,210,100569,210,101758,100,100417,100,102075,100,100294,100,102170,100,100280,100,102366,100,100226,100,,,100122,100,,,99908,100
2019-06-28 10:04:40.000000000,101305,642,100810,542,101349,100,100801,100,101474,100,100607,100,101694,100,100569,100,101758,100,100417,100,102075,100,100294,100,102170,100,100280,100,102366,100,100226,100,,,100122,100,,,99908,100
2019-06-28 10:04:50.000000000,101305,350,100810,250,101349,246,100801,246,101474,246,100607,246,101694,100,100569,100,101758,100,100417,100,102075,100,100294,100,102170,100,100280,100,102366,100,100226,100,,,100122,100,,,99908,100
2019-06-28 10:05:00.000000000,101305,642,100810,542,101349,100,100801,100,101474,100,100607,100,101694,100,100569,100,101758,100,100417,100,102075,100,100294,100,102170,100,100280,100,102366,100,100226,100,,,100122,100,,,99908,100
2019-06-28 10:05:10.000000000,101305,642,100810,542,101349,100,100801,100,101474,100,100607,100,101694,100,100569,100,101758,100,100417,100,102075,100,100294,100,102170,100,100280,100,102366,100,100226,100,,,100122,100,,,99908,100
2019-06-28 10:05:20.000000000,101305,288,100810,188,101349,188,100801,188,101474,188,100607,188,101694,188,100569,188,101758,188,100417,188,102075,100,100294,100,102170,100,100280,100,102366,100,100226,100,,,100122,100,,,99908,100
2019-06-28 10:05:26.170779322,101305,288,100810,188,101349,188,100801,188,101474,188,100607,188,101694,188,100569,188,101758,188,100417,188,102075,100,100294,100,102170,100,100280,100,102366,100,100226,100,,,100122,100,,,99908,100
2019-06-28 10:05:29.118174937,101305,288,100810,188,101349,188,100801,188,101474,188,100607,188,101694,188,100569,188,101758,188,100417,188,102075,100,100294,100,102170,100,100280,100,102366,100,100226,100,,,100122,100,,,99908,100
2019-06-28 10:05:30.000000000,101305,310,100810,210,101349,210,100801,210,101474,210,100607,210,101694,210,100569,210,101758,100,100417,100,102075,100,100294,100,102170,100,100280,100,102366,100,100226,100,,,100122,100,,,99908,100
2019-06-28 10:05:35.807448458,101305,310,100810,110,101349,210,100801,210,101474,210,100607,210,101694,210,100569,210,101758,100,100417,100,102075,100,100294,100,102170,100,100280,100,102366,100,100226,100,,,100122,100,,,99908,100
2019-06-28 10:05:37.391361651,101305,310,100810,10,101349,210,100801,210,101474,210,100607,210,101694,210,100569,210,101758,100,100417,100,102075,100,100294,100,102170,100,100280,100,102366,100,100226,100,,,100122,100,,,99908,100
2019-06-28 10:05:40.000000000,101305,421,100801,321,101349,321,100607,321,101474,100,100569,100,101694,100,100417,100,101758,100,100294,100,102075,100,100280,100,102170,100,100226,100,102366,100,100122,100,,,99908,100,,,99895,100
2019-06-28 10:05:50.000000000,101305,350,100801,250,101349,246,100607,246,101474,246,100569,246,101694,100,100417,100,101758,100,100294,100,102075,100,100280,100,102170,100,100226,100,102366,100,100122,100,,,99908,100,,,99895,100
2019-06-28 10:05:50.252122816,101305,350,100988,100,101349,246,100801,250,101474,246,100607,246,101694,100,100569,246,101758,100,100417,100,102075,100,100294,100,102170,100,100280,100,102366,100,100226,100,,,100122,100,,,99908,100
2019-06-28 10:06:00.000000000,101305,288,100988,188,101349,188,100801,188,101474,188,100607,188,101694,188,100569,188,101758,188,100417,188,102075,100,100294,100,102170,100,100280,100,102366,100,100226,100,,,100122,100,,,99908,100
2019-06-28 10:06:10.000000000,101305,642,100988,542,101349,100,100801,100,101474,100,100607,100,101694,100,100569,100,101758,100,100417,100,102075,100,100294,100,102170,100,100280,100,102366,100,100226,100,,,100122,100,,,99908,100
2019-06-28 10:06:11.823157556,101305,642,100988,542,101349,100,100807,100,101474,100,100801,100,101694,100,100607,100,101758,100,100569,100,102075,100,100417,100,102170,100,100294,100,102366,100,100280,100,,,100226,100,,,100122,100
2019-06-28 10:06:20.000000000,101305,288,100988,188,101349,188,100807,188,101474,188,100801,188,101694,188,100607,188,101758,188,100569,188,102075,100,100417,100,102170,100,100294,100,102366,100,100280,100,,,100226,100,,,100122,100
2019-06-28 10:06:30.000000000,101305,421,100988,321,101349,321,100807,321,101474,100,100801,100,101694,100,100607,100,101758,100,100569,100,102075,100,100417,100,102170,100,100294,100,102366,100,100280,100,,,100226,100,,,100122,100
2019-06-28 10:06:30.681055043,101305,421,100988,321,101349,321,100811,100,101474,100,100807,321,101694,100,100801,100,101758,100,100607,100,102075,100,100569,100,102170,100,100417,100,102366,100,100294,100,,,100280,100,,,100226,100
2019-06-28 10:06:36.030400026,101305,421,101107,100,101349,321,100988,321,101474,100,100811,100,101694,100,100807,321,101758,100,100801,100,102075,100,100607,100,102170,100,100569,100,102366,100,100417,100,,,100294,100,,,100280,100
2019-06-28 10:06:40.000000000,101305,421,101107,321,101349,321,100988,321,101474,100,100811,100,101694,100,100807,100,101758,100,100801,100,102075,100,100607,100,102170,100,100569,100,102366,100,100417,100,,,100294,100,,,100280,100
2019-06-28 10:06:50.000000000,101305,421,101107,321,101349,321,100988,321,101474,100,100811,100,101694,100,100807,100,101758,100,100801,100,102075,100,100607,100,102170,100,100569,100,102366,100,100417,100,,,100294,100,,,100280,100
2019-06-28 10:07:00.000000000,101305,421,101107,321,101349,321,100988,321,101474,100,100811,100,101694,100,100807,100,101758,100,100801,100,102075,100,100607,100,102170,100,100569,100,102366,100,100417,100,,,100294,100,,,100280,100
2019-06-28 10:07:02.726586558,101305,421,101203,100,101349,321,101107,321,101474,100,100988,321,101694,100,100811,100,101758,100,100807,100,102075,100,100801,100,102170,100,100607,100,102366,100,100569,100,,,100417,100,,,100294,100
2019-06-28 10:07:10.000000000,101305,288,101203,188,101349,188,101107,188,101474,188,100988,188,101694,188,100811,188,101758,188,100807,188,102075,100,100801,100,102170,100,100607,100,102366,100,100569,100,,,100417,100,,,100294,100
2019-06-28 10:07:17.559590533,101305,288,101203,188,101349,188,101107,188,101474,188,100988,188,101694,188,100836,100,101758,188,100811,188,102075,100,100807,188,102170,100,100801,100,102366,100,100607,100,,,100569,100,,,100417,100
2019-06-28 10:07:19.604805902,101305,288,101203,188,101349,188,101107,188,101474,188,100988,188,101694,188,100969,100,101758,188,100836,100,102075,100,100811,188,102366,100,100807,188,,,100801,100,,,100607,100,,,100569,100
2019-06-28 10:07:20.000000000,101305,310,101203,210,101349,210,101107,210,101474,210,100988,210,101694,210,100969,210,101758,100,100836,100,102075,100,100811,100,102366,100,100807,100,,,100801,100,,,100607,100,,,100569,100
2019-06-28 10:07:30.000000000,101305,642,101203,542,101349,100,101107,100,101474,100,100988,100,101694,100,100969,100,101758,100,100836,100,102075,100,100811,100,102366,100,100807,100,,,100801,100,,,100607,100,,,100569,100
2019-06-28 10:07:40.000000000,101305,288,101203,188,101349,188,101107,188,101474,188,100988,188,101694,188,100969,188,101758,188,100836,188,102075,100,100811,100,102366,100,100807,100,,,100801,100,,,100607,100,,,100569,100
2019-06-28 10:07:50.000000000,101305,350,101203,250,101349,246,101107,246,101474,246,100988,246,101694,100,100969,100,101758,100,100836,100,102075,100,100811,100,102366,100,100807,100,,,100801,100,,,100607,100,,,100569,100
2019-06-28 10:07:52.933822032,101305,350,101203,250,101349,246,101107,246,101474,246,100988,246,101694,100,100969,100,101758,100,100943,100,102075,100,100836,100,102366,100,100811,100,,,100807,100,,,100801,100,,,100607,100
2019-06-28 10:07:54.146933756,101305,350,101203,250,101349,246,101107,246,101474,246,100988,246,101758,100,100969,100,102075,100,100962,100,102366,100,100943,100,,,100836,100,,,100811,100,,,100807,100,,,100801,100
2019-06-28 10:08:00.000000000,101305,288,101203,188,101349,188,101107,188,101474,188,100988,188,101758,188,100969,188,102075,188,100962,188,102366,100,100943,100,,,100836,100,,,100811,100,,,100807,100,,,100801,100
2019-06-28 10:08:10.000000000,101305,310,101203,210,101349,210,101107,210,101474,210,100988,210,101758,210,100969,210,102075,100,100962,100,102366,100,100943,100,,,100836,100,,,100811,100,,,100807,100,,,100801,100
