,ask_price_1,ask_size_1,bid_price_1,bid_size_1,ask_price_2,ask_size_2,bid_price_2,bid_size_2,ask_price_3,ask_size_3,bid_price_3,bid_size_3,ask_price_4,ask_size_4,bid_price_4,bid_size_4,ask_price_5,ask_size_5,bid_price_5,bid_size_5,ask_price_6,ask_size_6,bid_price_6,bid_size_6,ask_price_7,ask_size_7,bid_price_7,bid_size_7,ask_price_8,ask_size_8,bid_price_8,bid_size_8,ask_price_9,ask_size_9,bid_price_9,bid_size_9,ask_price_10,ask_size_10,bid_price_10,bid_size_10
2019-06-28 09:30:00.000000001,100163,100,,,,,,,,,,,,,,,,,,,,,,,,,,,,,,,,,,,,,,
2019-06-28 09:30:00.000000005,100163,100,99930,100,,,,,,,,,,,,,,,,,,,,,,,,,,,,,,,,,,,,
2019-06-28 09:30:00.000000007,100065,100,99930,100,100163,100,,,,,,,,,,,,,,,,,,,,,,,,,,,,,,,,,,
2019-06-28 09:30:00.000000008,100065,100,99930,100,100084,100,,,100163,100,,,,,,,,,,,,,,,,,,,,,,,,,,,,,,
2019-06-28 09:30:00.000000009,100065,100,99930,100,100084,100,99899,100,100163,100,,,,,,,,,,,,,,,,,,,,,,,,,,,,,,
2019-06-28 09:30:00.000000011,100059,100,99930,100,100065,100,99899,100,100084,100,,,100163,100,,,,,,,,,,,,,,,,,,,,,,,,,,
2019-06-28 09:30:00.000000012,100059,100,100004,100,100065,100,99930,100,100084,100,99899,100,100163,100,,,,,,,,,,,,,,,,,,,,,,,,,,
2019-06-28 09:30:00.000000013,100065,100,100004,100,100084,100,99930,100,100163,100,99899,100,,,,,,,,,,,,,,,,,,,,,,,,,,,,
2019-06-28 09:30:00.000000015,100065,100,100004,100,100084,100,99961,100,100163,100,99930,100,,,99899,100,,,,,,,,,,,,,,,,,,,,,,,,
2019-06-28 09:30:00.000000016,100065,100,100004,100,100084,100,99961,100,100163,100,99930,100,,,99899,100,,,99872,100,,,,,,,,,,,,,,,,,,,,
2019-06-28 09:30:00.000000017,100065,100,99961,100,100084,100,99930,100,100163,100,99899,100,,,99872,100,,,,,,,,,,,,,,,,,,,,,,,,
2019-06-28 09:30:00.000000019,100065,100,99989,100,100084,100,99961,100,100163,100,99930,100,,,99899,100,,,99872,100,,,,,,,,,,,,,,,,,,,,
2019-06-28 09:30:00.000000020,100059,100,99989,100,100065,100,99961,100,100084,100,99930,100,100163,100,99899,100,,,99872,100,,,,,,,,,,,,,,,,,,,,
2019-06-28 09:30:00.000000022,100059,100,99989,100,100065,100,99961,100,100084,100,99930,100,100103,100,99899,100,100163,100,99872,100,,,,,,,,,,,,,,,,,,,,
2019-06-28 09:30:00.000000023,100059,100,99989,100,100065,100,99961,100,100084,100,99930,100,100103,100,99899,100,100163,100,99872,100,,,99870,100,,,,,,,,,,,,,,,,
2019-06-28 09:30:00.000000024,100059,200,99999,100,100065,100,99989,100,100084,100,99961,100,100103,100,99930,100,100163,100,99899,100,,,99872,100,,,99870,100,,,,,,,,,,,,
2019-06-28 09:30:00.000000027,100059,200,99999,100,100065,100,99989,100,100084,100,99985,100,100103,100,99961,100,100163,100,99930,100,,,99899,100,,,99872,100,,,99870,100,,,,,,,,
2019-06-28 09:30:00.000000028,100059,200,99999,100,100065,100,99989,100,100084,100,99985,100,100103,100,99961,100,100163,100,99930,100,,,99899,100,,,99872,100,,,99870,100,,,99850,100,,,,
2019-06-28 09:30:00.000000029,100010,100,99999,100,100059,200,99989,100,100065,200,99985,100,100084,100,99961,100,100085,100,99930,100,100103,100,99899,100,100163,100,99872,100,,,99870,100,,,99850,100,,,,
2019-06-28 09:30:00.000000032,100003,100,99999,100,100010,100,99989,100,100059,200,99985,100,100065,200,99961,100,100084,100,99930,100,100085,100,99899,100,100103,100,99872,100,100163,100,99870,100,,,99850,100,,,,
2019-06-28 09:30:00.000000033,100003,100,99999,100,100010,100,99989,100,100059,300,99985,100,100065,200,99961,100,100084,100,99930,100,100085,100,99899,100,100103,100,99872,100,100163,100,99870,100,,,99850,100,,,,
2019-06-28 09:30:00.000000037,100003,100,99999,100,100010,100,99989,100,100059,300,99985,100,100065,200,99961,100,100066,100,99930,100,100084,100,99899,100,100085,100,99872,100,100103,100,99870,100,100163,100,99850,100,,,,
2019-06-28 09:30:00.000000038,100003,100,99989,100,100010,100,99985,100,100059,300,99961,100,100065,200,99930,100,100066,100,99899,100,100084,100,99872,100,100085,100,99870,100,100103,100,99850,100,100163,100,,,,,,
2019-06-28 09:30:00.000000039,100002,200,99999,100,100003,100,99989,100,100010,100,99985,100,100059,300,99961,100,100065,200,99930,100,100066,100,99899,100,100084,100,99873,100,100085,100,99872,100,100103,100,99870,100,100163,100,99850,100
2019-06-28 09:30:00.000000040,100002,200,99999,100,100003,100,99989,100,100010,100,99985,100,100059,300,99961,100,100065,200,99930,100,100066,100,99899,100,100084,100,99873,100,100085,200,99872,100,100098,100,99870,100,100103,100,99850,100
2019-06-28 09:30:00.000000041,100002,200,99999,200,100003,100,99989,100,100010,100,99985,100,100059,300,99961,100,100065,200,99930,100,100066,100,99899,100,100084,100,99873,100,100085,200,99872,100,100098,100,99870,100,100103,100,99850,100
2019-06-28 09:30:00.000000042,100002,100,99999,200,100003,100,99998,100,100010,100,99989,100,100059,300,99985,100,100065,200,99961,100,100066,100,99930,100,100084,100,99899,100,100085,200,99873,100,100098,100,99872,100,100103,100,99870,100
2019-06-28 09:30:00.000000043,100002,100,99999,100,100003,100,99998,100,100010,100,99989,100,100059,300,99985,100,100065,200,99961,100,100066,100,99930,100,100084,100,99899,100,100085,200,99873,100,100098,100,99872,100,100103,100,99870,100
2019-06-28 09:30:00.000000046,100002,100,99999,100,100003,100,99998,100,100010,100,99989,100,100059,300,99985,100,100065,200,99961,100,100066,100,99930,100,100084,100,99899,100,100085,200,99873,100,100098,100,99872,100,100103,100,99870,100
2019-06-28 09:30:00.000000052,100002,100,99999,100,100003,100,99998,100,100010,100,99989,100,100015,100,99985,100,100059,300,99961,100,100065,200,99930,100,100066,100,99899,100,100084,100,99873,100,100085,200,99872,100,100098,100,99870,100
2019-06-28 09:30:00.000000054,100002,100,99998,100,100003,100,99989,100,100010,100,99985,100,100015,100,99961,100,100059,300,99930,100,100065,200,99899,100,100066,100,99873,100,100084,100,99872,100,100085,200,99870,100,100098,100,99868,100
2019-06-28 09:30:00.000000056,100002,100,99999,100,100003,100,99998,100,100010,100,99989,100,100015,100,99985,100,100059,300,99961,100,100065,200,99930,100,100066,100,99899,100,100084,100,99873,100,100085,200,99872,100,100098,100,99870,100
2019-06-28 09:30:00.000000058,100002,100,99999,100,100003,100,99998,100,100010,100,99989,100,100015,100,99985,100,100059,300,99961,100,100065,200,99930,100,100066,100,99899,100,100084,100,99873,100,100085,200,99872,100,100098,100,99870,100
2019-06-28 09:30:00.000000061,100003,100,99999,100,100010,100,99998,100,100015,100,99989,100,100059,300,99985,100,100065,200,99961,100,100066,100,99930,100,100084,100,99899,100,100085,200,99873,100,100098,100,99872,100,100102,100,99870,100
2019-06-28 09:30:00.000000062,100010,100,99999,100,100015,100,99998,100,100059,300,99989,100,100065,200,99985,100,100066,100,99961,100,100084,100,99930,100,100085,200,99899,100,100098,100,99873,100,100102,100,99872,100,100103,100,99870,100
2019-06-28 09:30:00.000000064,100010,100,99999,100,100015,100,99998,100,100059,300,99989,100,100065,200,99985,100,100066,100,99961,100,100084,200,99930,100,100085,200,99899,100,100098,100,99873,100,100102,100,99872,100,100103,100,99870,100
2019-06-28 09:30:00.000000066,100010,100,99999,100,100015,100,99998,100,100059,300,99989,100,100065,200,99985,100,100066,100,99969,100,100084,200,99961,100,100085,200,99930,100,100098,100,99899,100,100102,100,99873,100,100103,100,99872,100
2019-06-28 09:30:00.000000068,100010,100,99999,100,100015,100,99998,100,100059,300,99989,100,100065,200,99985,100,100066,100,99969,100,100084,200,99961,100,100085,200,99930,100,100098,100,99899,100,100102,100,99873,100,100103,100,99872,100
2019-06-28 09:30:00.000000069,100010,100,99999,100,100015,100,99998,100,100059,400,99989,100,100065,200,99985,100,100066,100,99969,100,100084,200,99961,100,100085,200,99930,100,100098,100,99899,100,100102,100,99873,100,100103,100,99872,100
2019-06-28 09:30:00.000000070,100010,100,99999,100,100015,100,99998,100,100059,400,99989,100,100065,200,99985,100,100066,100,99969,100,100084,200,99961,100,100085,200,99930,100,100098,100,99899,100,100102,100,99891,100,100103,100,99873,100
2019-06-28 09:30:00.000000072,100010,100,99999,100,100015,100,99998,100,100059,400,99989,100,100065,200,99985,100,100066,100,99969,100,100084,200,99961,100,100085,200,99932,100,100098,100,99930,100,100102,100,99899,100,100103,100,99891,100
2019-06-28 09:30:00.000000073,100003,100,99999,100,100010,100,99998,100,100015,100,99989,100,100059,400,99985,100,100065,200,99969,100,100066,100,99961,100,100084,200,99932,100,100085,200,99930,100,100098,100,99899,100,100102,100,99891,100
2019-06-28 09:30:00.000000077,100010,100,99999,100,100015,100,99998,100,100059,400,99989,100,100065,200,99985,100,100066,100,99969,100,100084,200,99961,100,100085,200,99932,100,100098,100,99930,100,100102,100,99899,100,100103,100,99891,100
2019-06-28 09:30:00.000000079,100010,100,99999,100,100015,100,99998,100,100059,400,99989,100,100065,200,99985,100,100066,100,99969,100,100084,200,99961,100,100085,200,99956,100,100098,100,99932,100,100102,100,99930,100,100103,100,99899,100
2019-06-28 09:30:00.000000081,100010,100,99999,100,100015,100,99998,100,100059,400,99989,100,100065,200,99985,100,100066,100,99969,100,100084,200,99961,100,100085,200,99956,100,100098,100,99932,100,100102,100,99930,100,100103,100,99899,100
2019-06-28 09:30:00.000000085,100010,100,99999,100,100015,100,99998,100,100059,400,99989,100,100065,200,99985,100,100066,100,99969,100,100084,200,99961,100,100085,200,99956,100,100098,100,99952,100,100102,100,99932,100,100103,100,99930,100
2019-06-28 09:30:00.000000086,100010,100,99999,100,100015,100,99998,100,100059,400,99989,100,100065,200,99985,100,100066,100,99969,100,100084,200,99961,100,100085,200,99956,200,100098,100,99952,100,100102,100,99932,100,100103,100,99930,100
2019-06-28 09:30:00.000000087,100010,100,99999,100,100015,100,99998,100,100059,400,99989,100,100065,200,99985,100,100066,100,99977,100,100084,200,99969,100,100085,200,99961,100,100098,100,99956,200,100102,100,99952,100,100103,100,99932,100
2019-06-28 09:30:00.000000088,100010,100,99999,100,100015,100,99998,100,100033,100,99989,100,100059,400,99985,100,100065,200,99977,100,100066,100,99969,100,100084,200,99961,100,100085,200,99956,200,100098,100,99952,100,100102,100,99932,100
2019-06-28 09:30:00.000000094,100010,100,99999,100,100015,100,99998,100,100033,100,99989,100,100059,400,99985,100,100065,200,99977,100,100066,100,99969,100,100084,200,99961,200,100085,200,99957,100,100098,100,99956,200,100102,100,99952,100
2019-06-28 09:30:00.000000096,100010,100,99999,100,100015,100,99998,100,100033,100,99989,100,100059,400,99985,100,100065,200,99977,100,100066,100,99969,100,100084,200,99961,200,100085,200,99957,100,100098,100,99956,200,100102,100,99952,100
2019-06-28 09:30:00.199004486,100010,100,99999,100,100015,100,99998,100,100033,100,99989,100,100059,400,99985,100,100065,200,99977,100,100066,100,99969,100,100084,100,99961,200,100085,200,99957,100,100098,100,99956,200,100102,100,99952,100
2019-06-28 09:30:10.000000000,100010,335,99999,335,100015,335,99998,335,100033,100,99989,100,100059,400,99985,100,100065,200,99977,100,100066,100,99969,100,100084,100,99961,200,100085,200,99957,100,100098,100,99956,200,100102,100,99952,100
2019-06-28 09:30:10.940300232,100010,335,99999,335,100015,335,99998,335,100033,100,99989,100,100059,400,99985,100,100065,200,99977,100,100066,100,99969,100,100084,100,99961,200,100085,200,99957,100,100089,100,99956,200,100098,100,99952,100
2019-06-28 09:30:16.952946833,100010,435,99999,335,100015,335,99998,335,100033,100,99989,100,100059,400,99985,100,100065,200,99977,100,100066,100,99969,100,100084,100,99961,200,100085,200,99957,100,100089,100,99956,200,100098,100,99952,100
2019-06-28 09:30:20.000000000,100010,318,99999,218,100015,218,99998,218,100033,218,99989,218,100059,518,99985,218,100065,200,99977,100,100066,100,99969,100,100084,100,99961,200,100085,200,99957,100,100089,100,99956,200,100098,100,99952,100
2019-06-28 09:30:30.000000000,100010,294,99999,194,100015,194,99998,194,100033,194,99989,194,100059,494,99985,194,100065,294,99977,194,100066,100,99969,100,100084,100,99961,200,100085,200,99957,100,100089,100,99956,200,100098,100,99952,100
2019-06-28 09:30:40.000000000,100010,294,99999,194,100015,194,99998,194,100033,194,99989,194,100059,494,99985,194,100065,294,99977,194,100066,100,99969,100,100084,100,99961,200,100085,200,99957,100,100089,100,99956,200,100098,100,99952,100
2019-06-28 09:30:50.000000000,100010,670,99999,570,100015,100,99998,100,100033,100,99989,100,100059,400,99985,100,100065,200,99977,100,100066,100,99969,100,100084,100,99961,200,100085,200,99957,100,100089,100,99956,200,100098,100,99952,100
2019-06-28 09:30:51.763984898,100010,670,99999,570,100015,100,99998,100,100033,100,99989,100,100059,400,99985,100,100065,200,99977,100,100066,100,99969,100,100084,100,99961,200,100085,200,99957,100,100089,100,99956,200,100102,100,99952,100
2019-06-28 09:30:56.707626655,100010,670,99999,570,100015,100,99998,100,100033,100,99989,100,100059,400,99985,100,100065,200,99977,100,100066,100,99969,100,100084,100,99961,100,100085,200,99957,100,100089,100,99956,200,100102,100,99952,100
2019-06-28 09:31:00.000000000,100010,435,99999,335,100015,335,99998,335,100033,100,99989,100,100059,400,99985,100,100065,200,99977,100,100066,100,99969,100,100084,100,99961,100,100085,200,99957,100,100089,100,99956,200,100102,100,99952,100
2019-06-28 09:31:10.000000000,100010,318,99999,218,100015,218,99998,218,100033,218,99989,218,100059,518,99985,218,100065,200,99977,100,100066,100,99969,100,100084,100,99961,100,100085,200,99957,100,100089,100,99956,200,100102,100,99952,100
2019-06-28 09:31:20.000000000,100010,435,99999,335,100015,335,99998,335,100033,100,99989,100,100059,400,99985,100,100065,200,99977,100,100066,100,99969,100,100084,100,99961,100,100085,200,99957,100,100089,100,99956,200,100102,100,99952,100
2019-06-28 09:31:30.000000000,100010,318,99999,218,100015,218,99998,218,100033,218,99989,218,100059,518,99985,218,100065,200,99977,100,100066,100,99969,100,100084,100,99961,100,100085,200,99957,100,100089,100,99956,200,100102,100,99952,100
2019-06-28 09:31:40.000000000,100010,294,99999,194,100015,194,99998,194,100033,194,99989,194,100059,494,99985,194,100065,294,99977,194,100066,100,99969,100,100084,100,99961,100,100085,200,99957,100,100089,100,99956,200,100102,100,99952,100
2019-06-28 09:31:50.000000000,100010,360,99999,260,100015,255,99998,255,100033,255,99989,255,100059,400,99985,100,100065,200,99977,100,100066,100,99969,100,100084,100,99961,100,100085,200,99957,100,100089,100,99956,200,100102,100,99952,100
2019-06-28 09:32:00.000000000,100010,360,99999,260,100015,255,99998,255,100033,255,99989,255,100059,400,99985,100,100065,200,99977,100,100066,100,99969,100,100084,100,99961,100,100085,200,99957,100,100089,100,99956,200,100102,100,99952,100
2019-06-28 09:32:04.061800771,100010,360,99999,260,100015,255,99998,255,100033,255,99989,255,100054,100,99985,100,100059,400,99977,100,100065,200,99969,100,100066,100,99961,100,100084,100,99957,100,100085,200,99956,200,100089,100,99952,100
2019-06-28 09:32:10.000000000,100010,360,99999,260,100015,255,99998,255,100033,255,99989,255,100054,100,99985,100,100059,400,99977,100,100065,200,99969,100,100066,100,99961,100,100084,100,99957,100,100085,200,99956,200,100089,100,99952,100
2019-06-28 09:32:20.000000000,100010,670,99999,570,100015,100,99998,100,100033,100,99989,100,100054,100,99985,100,100059,400,99977,100,100065,200,99969,100,100066,100,99961,100,100084,100,99957,100,100085,200,99956,200,100089,100,99952,100
2019-06-28 09:32:30.000000000,100010,318,99999,218,100015,218,99998,218,100033,218,99989,218,100054,218,99985,218,100059,400,99977,100,100065,200,99969,100,100066,100,99961,100,100084,100,99957,100,100085,200,99956,200,100089,100,99952,100
2019-06-28 09:32:40.000000000,100010,318,99999,218,100015,218,99998,218,100033,218,99989,218,100054,218,99985,218,100059,400,99977,100,100065,200,99969,100,100066,100,99961,100,100084,100,99957,100,100085,200,99956,200,100089,100,99952,100
2019-06-28 09:32:42.630250484,100010,318,99999,218,100015,218,99998,218,100033,218,99989,218,100054,218,99985,218,100059,400,99977,100,100065,200,99969,100,100066,100,99961,100,100084,100,99957,100,100085,200,99956,200,100089,100,99952,100
2019-06-28 09:32:50.000000000,100010,294,99999,194,100015,194,99998,194,100033,194,99989,194,100054,194,99985,194,100059,494,99977,194,100065,200,99969,100,100066,100,99961,100,100084,100,99957,100,100085,200,99956,200,100089,100,99952,100
2019-06-28 09:33:00.000000000,100010,294,99999,194,100015,194,99998,194,100033,194,99989,194,100054,194,99985,194,100059,494,99977,194,100065,200,99969,100,100066,100,99961,100,100084,100,99957,100,100085,200,99956,200,100089,100,99952,100
2019-06-28 09:33:06.697027634,100010,294,99999,194,100015,194,99998,194,100033,194,99989,194,100054,194,99985,194,100059,494,99977,194,100065,200,99969,100,100066,100,99961,100,100084,100,99957,100,100085,100,99956,200,100089,100,99955,100
2019-06-28 09:33:10.000000000,100010,360,99999,260,100015,255,99998,255,100033,255,99989,255,100054,100,99985,100,100059,400,99977,100,100065,200,99969,100,100066,100,99961,100,100084,100,99957,100,100085,100,99956,200,100089,100,99955,100
2019-06-28 09:33:20.000000000,100010,318,99999,218,100015,218,99998,218,100033,218,99989,218,100054,218,99985,218,100059,400,99977,100,100065,200,99969,100,100066,100,99961,100,100084,100,99957,100,100085,100,99956,200,100089,100,99955,100
2019-06-28 09:33:30.000000000,100010,294,99999,194,100015,194,99998,194,100033,194,99989,194,100054,194,99985,194,100059,494,99977,194,100065,200,99969,100,100066,100,99961,100,100084,100,99957,100,100085,100,99956,200,100089,100,99955,100
2019-06-28 09:33:30.917437426,100010,394,99999,194,100015,194,99998,194,100033,194,99989,194,100054,194,99985,194,100059,394,99977,194,100065,200,99969,100,100066,100,99961,100,100084,100,99957,100,100085,100,99956,200,100089,100,99955,100
2019-06-28 09:33:34.578161274,100010,394,99999,194,100015,94,99998,194,100033,194,99989,194,100054,194,99985,194,100059,394,99977,194,100065,200,99969,100,100066,100,99961,100,100084,100,99957,100,100085,100,99956,200,100089,100,99955,100
2019-06-28 09:33:40.000000000,100010,418,99999,218,100033,218,99998,218,100054,218,99989,218,100059,418,99985,218,100065,200,99977,100,100066,100,99969,100,100084,100,99961,100,100085,100,99957,100,100089,100,99956,200,100102,100,99955,100
2019-06-28 09:33:43.411237992,100010,418,99999,218,100033,218,99998,218,100054,218,99989,218,100059,418,99985,218,100065,200,99977,100,100066,100,99969,100,100084,100,99961,100,100085,100,99957,100,100089,100,99956,200,100102,100,99955,100
2019-06-28 09:33:45.649006323,100010,318,99999,218,100033,218,99998,218,100054,218,99989,218,100059,418,99985,218,100065,200,99977,100,100066,100,99961,100,100084,100,99957,100,100085,100,99956,200,100089,100,99955,100,100102,100,99952,100
2019-06-28 09:33:50.000000000,100010,318,99999,218,100033,218,99998,218,100054,218,99989,218,100059,418,99985,218,100065,200,99977,100,100066,100,99961,100,100084,100,99957,100,100085,100,99956,200,100089,100,99955,100,100102,100,99952,100
2019-06-28 09:34:00.000000000,100010,435,99999,335,100033,335,99998,335,100054,100,99989,100,100059,300,99985,100,100065,200,99977,100,100066,100,99961,100,100084,100,99957,100,100085,100,99956,200,100089,100,99955,100,100102,100,99952,100
2019-06-28 09:34:10.000000000,100010,318,99999,218,100033,218,99998,218,100054,218,99989,218,100059,418,99985,218,100065,200,99977,100,100066,100,99961,100,100084,100,99957,100,100085,100,99956,200,100089,100,99955,100,100102,100,99952,100
2019-06-28 09:34:19.707435406,100010,218,99999,218,100033,218,99998,218,100054,218,99989,218,100059,418,99985,218,100065,200,99977,100,100066,100,99961,100,100084,100,99957,100,100085,100,99956,200,100089,100,99955,100,100102,100,99952,100
2019-06-28 09:34:20.000000000,100010,335,99999,335,100033,335,99998,335,100054,100,99989,100,100059,300,99985,100,100065,200,99977,100,100066,100,99961,100,100084,100,99957,100,100085,100,99956,200,100089,100,99955,100,100102,100,99952,100
2019-06-28 09:34:23.753899896,100010,335,99999,335,100033,335,99998,335,100049,100,99989,100,100054,100,99985,100,100059,300,99977,100,100065,200,99961,100,100066,100,99957,100,100084,100,99956,200,100085,100,99955,100,100089,100,99952,100
2019-06-28 09:34:24.409956977,100010,335,99999,335,100033,335,99998,335,100049,100,99989,100,100054,100,99985,100,100059,300,99977,100,100065,200,99961,100,100066,100,99957,100,100084,100,99956,200,100085,100,99955,100,100089,100,99952,100
2019-06-28 09:34:30.000000000,100010,218,99999,218,100033,218,99998,218,100049,218,99989,218,100054,218,99985,218,100059,300,99977,100,100065,200,99961,100,100066,100,99957,100,100084,100,99956,200,100085,100,99955,100,100089,100,99952,100
2019-06-28 09:34:40.000000000,100010,194,99999,194,100033,194,99998,194,100049,194,99989,194,100054,194,99985,194,100059,394,99977,194,100065,200,99961,100,100066,100,99957,100,100084,100,99956,200,100085,100,99955,100,100089,100,99952,100
2019-06-28 09:34:50.000000000,100010,260,99999,260,100033,255,99998,255,100049,255,99989,255,100054,100,99985,100,100059,300,99977,100,100065,200,99961,100,100066,100,99957,100,100084,100,99956,200,100085,100,99955,100,100089,100,99952,100
2019-06-28 09:35:00.000000000,100010,218,99999,218,100033,218,99998,218,100049,218,99989,218,100054,218,99985,218,100059,300,99977,100,100065,200,99961,100,100066,100,99957,100,100084,100,99956,200,100085,100,99955,100,100089,100,99952,100
2019-06-28 09:35:03.187587321,100010,118,99999,218,100033,218,99998,218,100049,218,99989,218,100054,218,99985,218,100059,300,99977,100,100065,200,99961,100,100066,100,99957,100,100084,100,99956,200,100085,100,99955,100,100089,100,99952,100
2019-06-28 09:35:10.000000000,100033,194,99999,194,100049,194,99998,194,100054,194,99989,194,100059,394,99985,194,100065,294,99977,194,100066,100,99961,100,100084,100,99957,100,100085,100,99956,200,100089,100,99955,100,100102,100,99952,100
2019-06-28 09:35:17.572409975,100033,194,100010,100,100049,194,99999,194,100054,194,99998,194,100059,394,99989,194,100065,294,99985,194,100066,100,99977,194,100084,100,99961,100,100085,100,99957,100,100089,100,99956,200,100102,100,99955,100
2019-06-28 09:35:18.360855868,100033,194,100010,100,100049,194,99999,194,100054,194,99998,194,100059,394,99989,194,100065,294,99985,194,100066,100,99977,194,100084,100,99961,100,100085,100,99957,100,100089,100,99956,200,100102,100,99955,100
2019-06-28 09:35:20.000000000,100033,260,100010,260,100049,255,99999,255,100054,255,99998,255,100059,300,99989,100,100065,200,99985,100,100066,100,99977,100,100084,100,99961,100,100085,100,99957,100,100089,100,99956,200,100102,100,99955,100
2019-06-28 09:35:30.000000000,100033,218,100010,218,100049,218,99999,218,100054,218,99998,218,100059,418,99989,218,100065,200,99985,100,100066,100,99977,100,100084,100,99961,100,100085,100,99957,100,100089,100,99956,200,100102,100,99955,100
2019-06-28 09:35:40.000000000,100033,570,100010,570,100049,100,99999,100,100054,100,99998,100,100059,300,99989,100,100065,200,99985,100,100066,100,99977,100,100084,100,99961,100,100085,100,99957,100,100089,100,99956,200,100102,100,99955,100
2019-06-28 09:35:50.000000000,100033,194,100010,194,100049,194,99999,194,100054,194,99998,194,100059,394,99989,194,100065,294,99985,194,100066,100,99977,100,100084,100,99961,100,100085,100,99957,100,100089,100,99956,200,100102,100,99955,100
2019-06-28 09:35:52.305656325,100033,194,100010,194,100049,194,99999,194,100054,194,99998,194,100059,394,99989,194,100065,294,99985,194,100066,100,99977,100,100084,100,99961,100,100085,100,99957,100,100089,100,99956,200,100102,100,99955,100
2019-06-28 09:35:54.994706441,100033,94,100010,194,100049,94,99999,194,100054,194,99998,194,100059,394,99989,194,100065,294,99985,194,100066,100,99977,100,100084,100,99961,100,100085,100,99957,100,100089,100,99956,200,100102,100,99955,100
2019-06-28 09:36:00.000000000,100054,218,100010,218,100059,418,99999,218,100065,318,99998,218,100066,218,99989,218,100084,100,99985,100,100085,100,99977,100,100089,100,99961,100,100102,100,99957,100,100103,100,99956,200,100126,100,99955,100
2019-06-28 09:36:01.858853823,100054,218,100010,218,100059,418,99999,218,100065,318,99998,218,100066,218,99989,218,100084,100,99985,100,100085,100,99977,100,100089,100,99961,100,100102,100,99957,100,100103,100,99956,200,100126,100,99955,100
2019-06-28 09:36:10.000000000,100054,570,100010,570,100059,300,99999,100,100065,200,99998,100,100066,100,99989,100,100084,100,99985,100,100085,100,99977,100,100089,100,99961,100,100102,100,99957,100,100103,100,99956,200,100126,100,99955,100
2019-06-28 09:36:20.000000000,100054,218,100010,218,100059,418,99999,218,100065,318,99998,218,100066,218,99989,218,100084,100,99985,100,100085,100,99977,100,100089,100,99961,100,100102,100,99957,100,100103,100,99956,200,100126,100,99955,100
2019-06-28 09:36:23.898336993,100054,218,100010,218,100059,418,99999,218,100065,218,99998,218,100066,218,99989,218,100084,100,99985,100,100085,100,99977,100,100089,100,99961,100,100093,100,99957,100,100102,100,99956,200,100103,100,99955,100
2019-06-28 09:36:30.000000000,100054,570,100010,570,100059,300,99999,100,100065,100,99998,100,100066,100,99989,100,100084,100,99985,100,100085,100,99977,100,100089,100,99961,100,100093,100,99957,100,100102,100,99956,200,100103,100,99955,100
2019-06-28 09:36:40.000000000,100054,260,100010,260,100059,455,99999,255,100065,255,99998,255,100066,100,99989,100,100084,100,99985,100,100085,100,99977,100,100089,100,99961,100,100093,100,99957,100,100102,100,99956,200,100103,100,99955,100
2019-06-28 09:36:50.000000000,100054,194,100010,194,100059,394,99999,194,100065,194,99998,194,100066,194,99989,194,100084,194,99985,194,100085,100,99977,100,100089,100,99961,100,100093,100,99957,100,100102,100,99956,200,100103,100,99955,100
2019-06-28 09:37:00.000000000,100054,260,100010,260,100059,455,99999,255,100065,255,99998,255,100066,100,99989,100,100084,100,99985,100,100085,100,99977,100,100089,100,99961,100,100093,100,99957,100,100102,100,99956,200,100103,100,99955,100
2019-06-28 09:37:10.000000000,100054,194,100010,194,100059,394,99999,194,100065,194,99998,194,100066,194,99989,194,100084,194,99985,194,100085,100,99977,100,100089,100,99961,100,100093,100,99957,100,100102,100,99956,200,100103,100,99955,100
2019-06-28 09:37:20.000000000,100054,335,100010,335,100059,535,99999,335,100065,100,99998,100,100066,100,99989,100,100084,100,99985,100,100085,100,99977,100,100089,100,99961,100,100093,100,99957,100,100102,100,99956,200,100103,100,99955,100
2019-06-28 09:37:20.647693300,100054,335,100010,335,100059,535,99999,335,100065,100,99998,100,100066,100,99989,100,100084,100,99985,100,100085,100,99977,100,100089,100,99961,100,100093,100,99957,100,100102,100,99956,200,100103,100,99955,100
2019-06-28 09:37:24.050745265,100054,335,100010,335,100059,535,99999,235,100065,100,99998,100,100066,100,99989,100,100084,100,99985,100,100085,100,99977,100,100089,100,99961,100,100093,100,99957,100,100102,100,99956,200,100103,100,99955,100
2019-06-28 09:37:30.000000000,100054,335,100010,335,100059,535,99998,335,100065,100,99989,100,100066,100,99985,100,100084,100,99977,100,100085,100,99961,100,100089,100,99957,100,100093,100,99956,200,100102,100,99955,100,100103,100,99952,100
2019-06-28 09:37:34.686966880,100054,335,100010,235,100059,535,99998,335,100065,100,99989,100,100066,100,99985,100,100084,100,99977,100,100085,100,99961,100,100089,100,99957,100,100093,100,99956,200,100102,100,99955,100,100103,100,99952,100
2019-06-28 09:37:37.529902633,100032,100,100010,235,100054,335,99998,335,100059,535,99989,100,100065,100,99985,100,100066,100,99977,100,100084,100,99961,100,100085,100,99957,100,100089,100,99956,200,100093,100,99955,100,100102,100,99952,100
2019-06-28 09:37:38.970399323,100032,100,100010,135,100054,335,99998,335,100059,535,99989,100,100065,100,99985,100,100066,100,99977,100,100084,100,99961,100,100085,100,99956,200,100089,100,99955,100,100093,100,99952,100,100102,100,99932,100
2019-06-28 09:37:40.000000000,100032,218,99998,218,100054,218,99989,218,100059,418,99985,218,100065,218,99977,218,100066,100,99961,100,100084,100,99956,200,100085,100,99955,100,100089,100,99952,100,100093,100,99932,100,100102,100,99930,100
2019-06-28 09:37:46.470000059,100010,100,99998,218,100032,218,99989,218,100054,218,99985,218,100059,418,99977,218,100065,218,99961,100,100066,100,99956,200,100084,100,99955,100,100085,100,99952,100,100089,100,99932,100,100093,100,99930,100
2019-06-28 09:37:48.887842276,100010,100,99998,218,100032,218,99989,218,100054,218,99985,218,100059,418,99977,218,100065,218,99961,100,100066,100,99956,200,100084,100,99955,100,100085,100,99952,100,100089,100,99932,100,100093,100,99930,100
2019-06-28 09:37:50.000000000,100010,570,99998,570,100032,100,99989,100,100054,100,99985,100,100059,300,99977,100,100065,100,99961,100,100066,100,99956,200,100084,100,99955,100,100085,100,99952,100,100089,100,99932,100,100093,100,99930,100
2019-06-28 09:37:50.106748638,100010,570,99998,570,100032,100,99989,100,100054,100,99985,100,100059,300,99977,100,100065,100,99961,100,100066,100,99956,200,100084,100,99955,100,100085,100,99952,100,100089,100,99932,100,100093,100,99930,100
2019-06-28 09:38:00.000000000,100010,335,99998,335,100032,335,99989,335,100054,100,99985,100,100059,300,99977,100,100065,100,99961,100,100066,100,99956,200,100084,100,99955,100,100085,100,99952,100,100089,100,99932,100,100093,100,99930,100
2019-06-28 09:38:10.000000000,100010,194,99998,194,100032,194,99989,194,100054,194,99985,194,100059,394,99977,194,100065,194,99961,194,100066,100,99956,200,100084,100,99955,100,100085,100,99952,100,100089,100,99932,100,100093,100,99930,100
2019-06-28 09:38:20.000000000,100010,570,99998,570,100032,100,99989,100,100054,100,99985,100,100059,300,99977,100,100065,100,99961,100,100066,100,99956,200,100084,100,99955,100,100085,100,99952,100,100089,100,99932,100,100093,100,99930,100
2019-06-28 09:38:30.000000000,100010,335,99998,335,100032,335,99989,335,100054,100,99985,100,100059,300,99977,100,100065,100,99961,100,100066,100,99956,200,100084,100,99955,100,100085,100,99952,100,100089,100,99932,100,100093,100,99930,100
2019-06-28 09:38:31.525941547,100010,335,99998,335,100032,335,99989,335,100054,100,99985,100,100059,300,99977,100,100065,100,99961,100,100066,100,99956,200,100084,100,99955,100,100085,100,99952,100,100089,100,99932,100,100093,100,99930,100
2019-06-28 09:38:40.000000000,100010,218,99998,218,100032,218,99989,218,100054,218,99985,218,100059,418,99977,218,100065,100,99961,100,100066,100,99956,200,100084,100,99955,100,100085,100,99952,100,100089,100,99932,100,100093,100,99930,100
2019-06-28 09:38:50.000000000,100010,218,99998,218,100032,218,99989,218,100054,218,99985,218,100059,418,99977,218,100065,100,99961,100,100066,100,99956,200,100084,100,99955,100,100085,100,99952,100,100089,100,99932,100,100093,100,99930,100
2019-06-28 09:39:00.000000000,100010,260,99998,260,100032,255,99989,255,100054,255,99985,255,100059,300,99977,100,100065,100,99961,100,100066,100,99956,200,100084,100,99955,100,100085,100,99952,100,100089,100,99932,100,100093,100,99930,100
2019-06-28 09:39:09.816596881,100010,360,99998,260,100032,255,99989,255,100054,255,99985,255,100059,300,99977,100,100065,100,99961,100,100066,100,99956,200,100084,100,99955,100,100085,100,99952,100,100089,100,99932,100,100093,100,99930,100
2019-06-28 09:39:10.000000000,100010,435,99998,335,100032,335,99989,335,100054,100,99985,100,100059,300,99977,100,100065,100,99961,100,100066,100,99956,200,100084,100,99955,100,100085,100,99952,100,100089,100,99932,100,100093,100,99930,100
2019-06-28 09:39:20.000000000,100010,435,99998,335,100032,335,99989,335,100054,100,99985,100,100059,300,99977,100,100065,100,99961,100,100066,100,99956,200,100084,100,99955,100,100085,100,99952,100,100089,100,99932,100,100093,100,99930,100
2019-06-28 09:39:21.704203163,100010,535,99998,335,100032,335,99989,335,100054,100,99985,100,100059,300,99977,100,100065,100,99961,100,100066,100,99956,200,100084,100,99955,100,100085,100,99952,100,100089,100,99932,100,100093,100,99930,100
2019-06-28 09:39:21.738310930,100010,635,99998,335,100032,335,99989,335,100054,100,99985,100,100059,300,99977,100,100065,100,99961,100,100066,100,99956,200,100084,100,99955,100,100085,100,99952,100,100089,100,99932,100,100093,100,99930,100
2019-06-28 09:39:24.190356712,100010,635,99998,235,100032,335,99989,335,100054,100,99985,100,100059,200,99977,100,100065,100,99961,100,100066,100,99956,200,100084,100,99955,100,100085,100,99952,100,100089,100,99932,100,100093,100,99930,100
2019-06-28 09:39:30.000000000,100010,518,99989,218,100032,218,99985,218,100054,218,99977,218,100059,318,99961,218,100065,100,99956,200,100066,100,99955,100,100084,100,99952,100,100085,100,99932,100,100089,100,99930,100,100093,100,99918,100
2019-06-28 09:39:40.000000000,100010,635,99989,335,100032,335,99985,335,100054,100,99977,100,100059,200,99961,100,100065,100,99956,200,100066,100,99955,100,100084,100,99952,100,100085,100,99932,100,100089,100,99930,100,100093,100,99918,100
2019-06-28 09:39:50.000000000,100010,494,99989,194,100032,194,99985,194,100054,194,99977,194,100059,294,99961,194,100065,194,99956,294,100066,100,99955,100,100084,100,99952,100,100085,100,99932,100,100089,100,99930,100,100093,100,99918,100
2019-06-28 09:39:59.800045919,100009,100,99989,194,100010,494,99985,194,100032,194,99977,194,100054,194,99961,194,100059,294,99956,294,100065,194,99955,100,100066,100,99952,100,100084,100,99932,100,100085,100,99930,100,100089,100,99918,100
2019-06-28 09:40:00.000000000,100009,218,99989,218,100010,518,99985,218,100032,218,99977,218,100054,218,99961,218,100059,200,99956,200,100065,100,99955,100,100066,100,99952,100,100084,100,99932,100,100085,100,99930,100,100089,100,99918,100
2019-06-28 09:40:05.241639834,100009,218,99989,118,100010,518,99985,218,100032,218,99977,218,100054,218,99961,218,100059,200,99956,200,100065,100,99952,100,100066,100,99932,100,100084,100,99930,100,100085,100,99918,100,100089,100,99873,100
2019-06-28 09:40:10.000000000,100009,194,99985,194,100010,494,99977,194,100032,194,99961,194,100054,194,99956,294,100059,294,99952,194,100065,100,99932,100,100066,100,99930,100,100084,100,99918,100,100085,100,99873,100,100089,100,99872,200
2019-06-28 09:40:19.975790088,99998,100,99985,194,100009,194,99977,194,100010,494,99961,194,100032,194,99956,294,100054,194,99952,194,100059,294,99932,100,100065,100,99930,100,100066,100,99918,100,100084,100,99873,100,100085,100,99872,200
2019-06-28 09:40:20.000000000,99998,335,99985,335,100009,335,99977,335,100010,400,99961,100,100032,100,99956,200,100054,100,99952,100,100059,200,99932,100,100065,100,99930,100,100066,100,99918,100,100084,100,99873,100,100085,100,99872,200
2019-06-28 09:40:28.478191953,99998,435,99985,335,100009,335,99977,335,100010,400,99961,100,100032,100,99956,200,100054,100,99952,100,100059,100,99932,100,100065,100,99930,100,100066,100,99918,100,100084,100,99873,100,100085,100,99872,200
2019-06-28 09:40:29.223713482,99998,435,99985,235,100009,335,99977,335,100010,400,99961,100,100032,100,99956,200,100054,100,99952,100,100059,100,99932,100,100065,100,99930,100,100066,100,99918,100,100084,100,99873,100,100085,100,99872,200
2019-06-28 09:40:30.000000000,99998,670,99977,570,100009,100,99961,100,100010,400,99956,200,100032,100,99952,100,100054,100,99932,100,100059,100,99930,100,100065,100,99918,100,100066,100,99873,100,100084,100,99872,200,100085,100,99870,100
2019-06-28 09:40:30.838728551,99998,670,99977,470,100009,100,99961,100,100010,400,99956,200,100032,100,99952,100,100054,100,99930,100,100059,100,99918,100,100065,100,99873,100,100066,100,99872,200,100084,100,99870,100,100085,100,99832,100
2019-06-28 09:40:40.000000000,99998,435,99961,335,100009,335,99956,435,100010,400,99952,100,100032,100,99930,100,100054,100,99918,100,100059,100,99873,100,100065,100,99872,200,100066,100,99870,100,100084,100,99832,100,100085,100,99808,100
2019-06-28 09:40:48.990134623,99998,435,99961,235,100009,335,99956,435,100010,400,99952,100,100032,100,99930,100,100054,100,99918,100,100059,100,99873,100,100065,100,99872,200,100066,100,99870,100,100084,100,99832,100,100085,100,99808,100
2019-06-28 09:40:50.000000000,99998,360,99956,360,100009,255,99952,255,100010,555,99930,255,100032,100,99918,100,100054,100,99873,100,100059,100,99872,200,100065,100,99870,100,100066,100,99832,100,100084,100,99808,100,100085,100,99755,100
2019-06-28 09:40:58.448842311,99998,360,99956,360,100009,255,99952,255,100010,555,99930,255,100032,100,99918,100,100054,100,99873,100,100059,100,99872,200,100065,100,99870,100,100066,100,99832,100,100085,100,99808,100,100089,100,99755,100
2019-06-28 09:41:00.000000000,99998,294,99956,294,100009,194,99952,194,100010,494,99930,194,100032,194,99918,194,100054,194,99873,194,100059,100,99872,200,100065,100,99870,100,100066,100,99832,100,100085,100,99808,100,100089,100,99755,100
2019-06-28 09:41:06.795271726,99998,294,99956,294,100009,194,99952,194,100010,494,99930,194,100032,194,99918,194,100054,194,99873,194,100059,100,99872,200,100065,100,99870,100,100066,100,99832,100,100085,100,99808,100,100089,100,99755,100
2019-06-28 09:41:10.000000000,99998,294,99956,294,100009,194,99952,194,100010,494,99930,194,100032,194,99918,194,100054,194,99873,194,100059,100,99872,200,100065,100,99870,100,100066,100,99832,100,100085,100,99808,100,100089,100,99755,100
2019-06-28 09:41:20.000000000,99998,294,99956,294,100009,194,99952,194,100010,494,99930,194,100032,194,99918,194,100054,194,99873,194,100059,100,99872,200,100065,100,99870,100,100066,100,99832,100,100085,100,99808,100,100089,100,99755,100
2019-06-28 09:41:20.388750341,99998,294,99956,194,100009,194,99952,194,100010,494,99930,194,100032,194,99918,194,100054,194,99873,194,100059,100,99872,200,100065,100,99870,100,100066,100,99832,100,100085,100,99808,100,100089,100,99755,100
2019-06-28 09:41:30.000000000,99998,294,99956,194,100009,194,99952,194,100010,494,99930,194,100032,194,99918,194,100054,194,99873,194,100059,100,99872,200,100065,100,99870,100,100066,100,99832,100,100085,100,99808,100,100089,100,99755,100
2019-06-28 09:41:40.000000000,99998,670,99956,570,100009,100,99952,100,100010,400,99930,100,100032,100,99918,100,100054,100,99873,100,100059,100,99872,200,100065,100,99870,100,100066,100,99832,100,100085,100,99808,100,100089,100,99755,100
2019-06-28 09:41:50.000000000,99998,318,99956,218,100009,218,99952,218,100010,518,99930,218,100032,218,99918,218,100054,100,99873,100,100059,100,99872,200,100065,100,99870,100,100066,100,99832,100,100085,100,99808,100,100089,100,99755,100
2019-06-28 09:42:00.000000000,99998,670,99956,570,100009,100,99952,100,100010,400,99930,100,100032,100,99918,100,100054,100,99873,100,100059,100,99872,200,100065,100,99870,100,100066,100,99832,100,100085,100,99808,100,100089,100,99755,100
2019-06-28 09:42:10.000000000,99998,294,99956,194,100009,194,99952,194,100010,494,99930,194,100032,194,99918,194,100054,194,99873,194,100059,100,99872,200,100065,100,99870,100,100066,100,99832,100,100085,100,99808,100,100089,100,99755,100
2019-06-28 09:42:12.877695263,99998,294,99956,194,100009,194,99952,194,100010,494,99930,194,100032,194,99918,194,100054,194,99873,194,100059,100,99872,200,100065,100,99870,100,100066,100,99832,100,100085,100,99808,100,100089,100,99755,100
2019-06-28 09:42:15.975740606,99998,294,99956,194,100009,194,99952,194,100010,494,99930,194,100032,194,99918,194,100054,94,99873,194,100059,100,99872,200,100065,100,99870,100,100066,100,99832,100,100085,100,99808,100,100089,100,99755,100
2019-06-28 09:42:20.000000000,99998,435,99956,335,100009,335,99952,335,100010,400,99930,100,100032,100,99918,100,100059,100,99873,100,100065,100,99872,200,100066,100,99870,100,100085,100,99832,100,100089,100,99808,100,100093,100,99755,100
2019-06-28 09:42:30.000000000,99998,318,99956,218,100009,218,99952,218,100010,518,99930,218,100032,218,99918,218,100059,100,99873,100,100065,100,99872,200,100066,100,99870,100,100085,100,99832,100,100089,100,99808,100,100093,100,99755,100
2019-06-28 09:42:32.546064075,99998,318,99956,218,100009,218,99952,218,100010,518,99930,218,100032,218,99918,218,100059,100,99873,100,100065,100,99872,200,100066,100,99870,100,100085,100,99832,100,100089,100,99755,100,100093,100,99671,100
2019-06-28 09:42:37.884841910,99998,318,99956,218,100009,218,99952,218,100010,518,99930,218,100032,218,99918,218,100059,100,99873,100,100065,100,99872,200,100066,100,99870,100,100085,100,99832,100,100089,100,99755,100,100093,100,99671,100
2019-06-28 09:42:40.000000000,99998,360,99956,260,100009,255,99952,255,100010,555,99930,255,100032,100,99918,100,100059,100,99873,100,100065,100,99872,200,100066,100,99870,100,100085,100,99832,100,100089,100,99755,100,100093,100,99671,100
2019-06-28 09:42:44.924049009,99998,360,99956,260,100009,255,99952,255,100010,555,99930,255,100032,100,99918,100,100059,100,99873,100,100065,100,99872,200,100066,100,99870,100,100085,100,99832,100,100089,100,99755,100,100093,100,99671,100
2019-06-28 09:42:49.054951814,99998,360,99956,260,100009,255,99952,255,100010,555,99930,255,100032,100,99918,100,100059,100,99872,200,100065,100,99870,100,100066,100,99832,100,100085,100,99755,100,100089,100,99671,100,100093,100,99567,100
2019-06-28 09:42:50.000000000,99998,318,99956,218,100009,218,99952,218,100010,518,99930,218,100032,218,99918,218,100059,100,99872,200,100065,100,99870,100,100066,100,99832,100,100085,100,99755,100,100089,100,99671,100,100093,100,99567,100
2019-06-28 09:43:00.000000000,99998,294,99956,194,100009,194,99952,194,100010,494,99930,194,100032,194,99918,194,100059,194,99872,294,100065,100,99870,100,100066,100,99832,100,100085,100,99755,100,100089,100,99671,100,100093,100,99567,100
2019-06-28 09:43:09.717925620,99998,294,99956,194,100009,194,99952,194,100010,494,99930,194,100032,194,99918,194,100059,194,99872,294,100065,100,99870,100,100066,100,99832,100,100085,100,99755,100,100089,100,99671,100,100093,100,99567,100
2019-06-28 09:43:10.000000000,99998,360,99956,260,100009,255,99952,255,100010,555,99930,255,100032,100,99918,100,100059,100,99872,200,100065,100,99870,100,100066,100,99832,100,100085,100,99755,100,100089,100,99671,100,100093,100,99567,100
2019-06-28 09:43:20.000000000,99998,670,99956,570,100009,100,99952,100,100010,400,99930,100,100032,100,99918,100,100059,100,99872,200,100065,100,99870,100,100066,100,99832,100,100085,100,99755,100,100089,100,99671,100,100093,100,99567,100
2019-06-28 09:43:30.000000000,99998,318,99956,218,100009,218,99952,218,100010,518,99930,218,100032,218,99918,218,100059,100,99872,200,100065,100,99870,100,100066,100,99832,100,100085,100,99755,100,100089,100,99671,100,100093,100,99567,100
2019-06-28 09:43:38.978797076,99961,100,99956,218,99998,318,99952,218,100009,218,99930,218,100010,518,99918,218,100032,218,99872,200,100059,100,99870,100,100065,100,99832,100,100066,100,99755,100,100085,100,99671,100,100089,100,99567,100
2019-06-28 09:43:40.000000000,99961,218,99956,218,99998,318,99952,218,100009,218,99930,218,100010,518,99918,218,100032,100,99872,200,100059,100,99870,100,100065,100,99832,100,100066,100,99755,100,100085,100,99671,100,100089,100,99567,100
2019-06-28 09:43:40.118285719,99961,218,99956,218,99998,318,99952,218,100009,218,99930,218,100010,518,99918,218,100032,100,99872,200,100059,100,99870,100,100065,100,99832,100,100066,100,99755,100,100085,100,99671,100,100089,100,99603,100
2019-06-28 09:43:40.175523667,99961,218,99956,218,99998,318,99952,218,100009,218,99930,218,100010,518,99918,218,100032,100,99872,200,100059,100,99870,100,100065,100,99844,100,100066,100,99832,100,100085,100,99755,100,100093,100,99671,100
2019-06-28 09:43:49.166065534,99961,218,99956,218,99998,318,99952,218,100009,218,99930,218,100010,518,99918,218,100032,100,99872,200,100059,100,99870,100,100065,100,99844,100,100066,100,99832,100,100085,100,99755,100,100093,100,99671,100
2019-06-28 09:43:50.000000000,99961,260,99956,260,99998,355,99952,255,100009,255,99930,255,100010,400,99918,100,100032,100,99872,200,100059,100,99870,100,100065,100,99844,100,100066,100,99832,100,100085,100,99755,100,100093,100,99671,100
2019-06-28 09:44:00.000000000,99961,260,99956,260,99998,355,99952,255,100009,255,99930,255,100010,400,99918,100,100032,100,99872,200,100059,100,99870,100,100065,100,99844,100,100066,100,99832,100,100085,100,99755,100,100093,100,99671,100
2019-06-28 09:44:10.000000000,99961,335,99956,335,99998,435,99952,335,100009,100,99930,100,100010,400,99918,100,100032,100,99872,200,100059,100,99870,100,100065,100,99844,100,100066,100,99832,100,100085,100,99755,100,100093,100,99671,100
2019-06-28 09:44:20.000000000,99961,260,99956,260,99998,355,99952,255,100009,255,99930,255,100010,400,99918,100,100032,100,99872,200,100059,100,99870,100,100065,100,99844,100,100066,100,99832,100,100085,100,99755,100,100093,100,99671,100
2019-06-28 09:44:30.000000000,99961,260,99956,260,99998,355,99952,255,100009,255,99930,255,100010,400,99918,100,100032,100,99872,200,100059,100,99870,100,100065,100,99844,100,100066,100,99832,100,100085,100,99755,100,100093,100,99671,100
2019-06-28 09:44:39.378278022,99961,260,99956,260,99998,355,99952,255,100009,255,99930,255,100010,400,99918,100,100032,100,99872,200,100059,100,99870,100,100065,100,99844,100,100066,100,99832,100,100085,100,99755,100,100093,100,99671,100
2019-06-28 09:44:40.000000000,99961,570,99956,570,99998,200,99952,100,100009,100,99930,100,100010,400,99918,100,100032,100,99872,200,100059,100,99870,100,100065,100,99844,100,100066,100,99832,100,100085,100,99755,100,100093,100,99671,100
2019-06-28 09:44:50.000000000,99961,335,99956,335,99998,435,99952,335,100009,100,99930,100,100010,400,99918,100,100032,100,99872,200,100059,100,99870,100,100065,100,99844,100,100066,100,99832,100,100085,100,99755,100,100093,100,99671,100
2019-06-28 09:44:55.201490463,99961,335,99956,235,99998,435,99952,335,100009,100,99930,100,100010,400,99918,100,100032,100,99872,200,100059,100,99870,100,100065,100,99844,100,100066,100,99832,100,100085,100,99755,100,100093,100,99671,100
2019-06-28 09:45:00.000000000,99961,335,99952,335,99998,435,99930,335,100009,100,99918,100,100010,400,99872,200,100032,100,99870,100,100059,100,99844,100,100065,100,99832,100,100066,100,99755,100,100085,100,99671,100,100093,100,99603,100
2019-06-28 09:45:01.274233784,99961,335,99952,335,99998,435,99930,335,100009,100,99918,100,100010,400,99872,200,100032,100,99870,100,100059,100,99844,100,100065,100,99832,100,100066,100,99755,100,100085,100,99671,100,100093,100,99603,100
2019-06-28 09:45:05.343089572,99961,335,99952,335,99998,435,99930,335,100009,100,99918,100,100010,400,99872,200,100032,100,99870,100,100059,100,99844,100,100065,100,99832,100,100066,100,99755,100,100085,100,99671,100,100093,100,99603,100
2019-06-28 09:45:10.000000000,99961,194,99952,194,99998,294,99930,194,100009,194,99918,194,100010,494,99872,294,100032,194,99870,194,100059,100,99844,100,100065,100,99832,100,100066,100,99755,100,100085,100,99671,100,100093,100,99603,100
2019-06-28 09:45:20.000000000,99961,194,99952,194,99998,294,99930,194,100009,194,99918,194,100010,494,99872,294,100032,194,99870,194,100059,100,99844,100,100065,100,99832,100,100066,100,99755,100,100085,100,99671,100,100093,100,99603,100
2019-06-28 09:45:30.000000000,99961,218,99952,218,99998,318,99930,218,100009,218,99918,218,100010,518,99872,318,100032,100,99870,100,100059,100,99844,100,100065,100,99832,100,100066,100,99755,100,100085,100,99671,100,100093,100,99603,100
2019-06-28 09:45:40.000000000,99961,194,99952,194,99998,294,99930,194,100009,194,99918,194,100010,494,99872,294,100032,194,99870,194,100059,100,99844,100,100065,100,99832,100,100066,100,99755,100,100085,100,99671,100,100093,100,99603,100
2019-06-28 09:45:43.759347394,99961,194,99952,94,99998,294,99930,194,100009,194,99918,194,100010,494,99872,294,100032,194,99870,194,100059,100,99844,100,100065,100,99832,100,100066,100,99755,100,100085,100,99671,100,100093,100,99603,100
2019-06-28 09:45:50.000000000,99961,335,99930,335,99998,435,99918,335,100009,100,99872,200,100010,400,99870,100,100032,100,99844,100,100059,100,99832,100,100065,100,99755,100,100066,100,99671,100,100085,100,99603,100,100093,100,99567,100
2019-06-28 09:45:50.974009185,99961,335,99930,235,99998,435,99918,335,100009,100,99872,200,100010,400,99870,100,100032,100,99844,100,100059,100,99832,100,100065,100,99755,100,100066,100,99671,100,100085,100,99603,100,100093,100,99567,100
2019-06-28 09:46:00.000000000,99961,194,99918,194,99998,294,99872,294,100009,194,99870,194,100010,494,99844,194,100032,194,99832,194,100059,100,99755,100,100065,100,99671,100,100066,100,99603,100,100085,100,99567,100,100093,100,99514,100
2019-06-28 09:46:10.000000000,99961,218,99918,218,99998,318,99872,318,100009,218,99870,218,100010,518,99844,218,100032,100,99832,100,100059,100,99755,100,100065,100,99671,100,100066,100,99603,100,100085,100,99567,100,100093,100,99514,100
2019-06-28 09:46:13.424139997,99961,218,99918,218,99998,318,99872,318,100009,218,99870,218,100010,418,99844,218,100032,100,99832,100,100059,100,99755,100,100065,100,99671,100,100066,100,99603,100,100085,100,99567,100,100093,100,99514,100
2019-06-28 09:46:16.382496729,99961,218,99918,218,99998,318,99872,318,100009,218,99870,218,100010,418,99844,218,100032,100,99832,100,100059,100,99755,100,100065,100,99671,100,100066,100,99663,100,100085,100,99603,100,100093,100,99567,100
2019-06-28 09:46:20.000000000,99961,260,99918,260,99998,355,99872,355,100009,255,99870,255,100010,300,99844,100,100032,100,99832,100,100059,100,99755,100,100065,100,99671,100,100066,100,99663,100,100085,100,99603,100,100093,100,99567,100
2019-06-28 09:46:29.915214130,99961,260,99918,260,99998,355,99872,355,100009,255,99870,255,100010,300,99844,100,100032,100,99832,100,100059,100,99818,100,100065,100,99755,100,100066,100,99671,100,100085,100,99663,100,100093,100,99603,100
2019-06-28 09:46:30.000000000,99961,570,99918,570,99998,200,99872,200,100009,100,99870,100,100010,300,99844,100,100032,100,99832,100,100059,100,99818,100,100065,100,99755,100,100066,100,99671,100,100085,100,99663,100,100093,100,99603,100
2019-06-28 09:46:40.000000000,99961,260,99918,260,99998,355,99872,355,100009,255,99870,255,100010,300,99844,100,100032,100,99832,100,100059,100,99818,100,100065,100,99755,100,100066,100,99671,100,100085,100,99663,100,100093,100,99603,100
2019-06-28 09:46:48.239192143,99961,260,99918,260,99998,355,99872,255,100009,255,99870,255,100010,300,99844,100,100032,100,99832,100,100059,100,99818,100,100065,100,99755,100,100066,100,99724,100,100085,100,99671,100,100093,100,99663,100
2019-06-28 09:46:50.000000000,99961,260,99918,260,99998,355,99872,255,100009,255,99870,255,100010,300,99844,100,100032,100,99832,100,100059,100,99818,100,100065,100,99755,100,100066,100,99724,100,100085,100,99671,100,100093,100,99663,100
2019-06-28 09:46:55.879798623,99961,260,99918,260,99998,355,99872,255,100009,255,99870,255,100010,200,99844,100,100032,100,99832,100,100059,100,99818,100,100065,100,99755,100,100066,100,99724,100,100085,100,99671,100,100093,100,99663,100
2019-06-28 09:47:00.000000000,99961,335,99918,335,99998,435,99872,335,100009,100,99870,100,100010,200,99844,100,100032,100,99832,100,100059,100,99818,100,100065,100,99755,100,100066,100,99724,100,100085,100,99671,100,100093,100,99663,100
2019-06-28 09:47:10.000000000,99961,260,99918,260,99998,355,99872,255,100009,255,99870,255,100010,200,99844,100,100032,100,99832,100,100059,100,99818,100,100065,100,99755,100,100066,100,99724,100,100085,100,99671,100,100093,100,99663,100
2019-06-28 09:47:16.027303861,99961,160,99918,260,99998,355,99872,255,100009,255,99870,255,100010,200,99844,100,100032,100,99832,100,100059,100,99818,100,100065,100,99755,100,100066,100,99724,100,100085,100,99671,100,100093,100,99663,100
2019-06-28 09:47:20.000000000,99998,670,99918,570,100009,100,99872,100,100010,200,99870,100,100032,100,99844,100,100059,100,99832,100,100065,100,99818,100,100066,100,99755,100,100085,100,99724,100,100093,100,99671,100,100103,100,99663,100
2019-06-28 09:47:30.000000000,99998,670,99918,570,100009,100,99872,100,100010,200,99870,100,100032,100,99844,100,100059,100,99832,100,100065,100,99818,100,100066,100,99755,100,100085,100,99724,100,100093,100,99671,100,100103,100,99663,100
2019-06-28 09:47:30.623126192,99998,670,99918,570,100009,100,99872,100,100010,200,99870,100,100032,100,99844,100,100059,100,99832,100,100065,100,99818,100,100066,100,99755,100,100085,100,99724,100,100093,100,99671,100,100103,100,99663,100
2019-06-28 09:47:40.000000000,99998,318,99918,218,100009,218,99872,218,100010,318,99870,218,100032,218,99844,218,100059,100,99832,100,100065,100,99818,100,100066,100,99755,100,100085,100,99724,100,100093,100,99671,100,100103,100,99663,100
2019-06-28 09:47:50.000000000,99998,670,99918,570,100009,100,99872,100,100010,200,99870,100,100032,100,99844,100,100059,100,99832,100,100065,100,99818,100,100066,100,99755,100,100085,100,99724,100,100093,100,99671,100,100103,100,99663,100
2019-06-28 09:48:00.000000000,99998,318,99918,218,100009,218,99872,218,100010,318,99870,218,100032,218,99844,218,100059,100,99832,100,100065,100,99818,100,100066,100,99755,100,100085,100,99724,100,100093,100,99671,100,100103,100,99663,100
2019-06-28 09:48:10.000000000,99998,670,99918,570,100009,100,99872,100,100010,200,99870,100,100032,100,99844,100,100059,100,99832,100,100065,100,99818,100,100066,100,99755,100,100085,100,99724,100,100093,100,99671,100,100103,100,99663,100
2019-06-28 09:48:19.218382646,99998,670,99918,470,100009,100,99872,100,100010,200,99870,100,100032,100,99844,100,100059,100,99832,100,100065,100,99818,100,100066,100,99755,100,100085,100,99724,100,100093,100,99671,100,100103,100,99663,100
2019-06-28 09:48:20.000000000,99998,318,99872,218,100009,218,99870,218,100010,318,99844,218,100032,218,99832,218,100059,100,99818,100,100065,100,99755,100,100066,100,99724,100,100085,100,99671,100,100093,100,99663,100,100103,100,99603,100
2019-06-28 09:48:30.000000000,99998,318,99872,218,100009,218,99870,218,100010,318,99844,218,100032,218,99832,218,100059,100,99818,100,100065,100,99755,100,100066,100,99724,100,100085,100,99671,100,100093,100,99663,100,100103,100,99603,100
2019-06-28 09:48:40.000000000,99998,294,99872,194,100009,194,99870,194,100010,294,99844,194,100032,194,99832,194,100059,194,99818,194,100065,100,99755,100,100066,100,99724,100,100085,100,99671,100,100093,100,99663,100,100103,100,99603,100
2019-06-28 09:48:50.000000000,99998,360,99872,260,100009,255,99870,255,100010,355,99844,255,100032,100,99832,100,100059,100,99818,100,100065,100,99755,100,100066,100,99724,100,100085,100,99671,100,100093,100,99663,100,100103,100,99603,100
2019-06-28 09:48:55.938344805,99998,260,99872,260,100009,255,99870,255,100010,355,99844,255,100032,100,99832,100,100059,100,99818,100,100065,100,99755,100,100066,100,99724,100,100085,100,99671,100,100093,100,99663,100,100103,100,99603,100
2019-06-28 09:49:00.000000000,99998,194,99872,194,100009,194,99870,194,100010,294,99844,194,100032,194,99832,194,100059,194,99818,194,100065,100,99755,100,100066,100,99724,100,100085,100,99671,100,100093,100,99663,100,100103,100,99603,100
2019-06-28 09:49:10.000000000,99998,218,99872,218,100009,218,99870,218,100010,318,99844,218,100032,218,99832,218,100059,100,99818,100,100065,100,99755,100,100066,100,99724,100,100085,100,99671,100,100093,100,99663,100,100103,100,99603,100
2019-06-28 09:49:20.000000000,99998,335,99872,335,100009,335,99870,335,100010,200,99844,100,100032,100,99832,100,100059,100,99818,100,100065,100,99755,100,100066,100,99724,100,100085,100,99671,100,100093,100,99663,100,100103,100,99603,100
2019-06-28 09:49:30.000000000,99998,218,99872,218,100009,218,99870,218,100010,318,99844,218,100032,218,99832,218,100059,100,99818,100,100065,100,99755,100,100066,100,99724,100,100085,100,99671,100,100093,100,99663,100,100103,100,99603,100
2019-06-28 09:49:40.000000000,99998,218,99872,218,100009,218,99870,218,100010,318,99844,218,100032,218,99832,218,100059,100,99818,100,100065,100,99755,100,100066,100,99724,100,100085,100,99671,100,100093,100,99663,100,100103,100,99603,100
2019-06-28 09:49:50.000000000,99998,218,99872,218,100009,218,99870,218,100010,318,99844,218,100032,218,99832,218,100059,100,99818,100,100065,100,99755,100,100066,100,99724,100,100085,100,99671,100,100093,100,99663,100,100103,100,99603,100
2019-06-28 09:50:00.000000000,99998,194,99872,194,100009,194,99870,194,100010,294,99844,194,100032,194,99832,194,100059,194,99818,194,100065,100,99755,100,100066,100,99724,100,100085,100,99671,100,100093,100,99663,100,100103,100,99603,100
2019-06-28 09:50:10.000000000,99998,335,99872,335,100009,335,99870,335,100010,200,99844,100,100032,100,99832,100,100059,100,99818,100,100065,100,99755,100,100066,100,99724,100,100085,100,99671,100,100093,100,99663,100,100103,100,99603,100
2019-06-28 09:50:20.000000000,99998,335,99872,335,100009,335,99870,335,100010,200,99844,100,100032,100,99832,100,100059,100,99818,100,100065,100,99755,100,100066,100,99724,100,100085,100,99671,100,100093,100,99663,100,100103,100,99603,100
2019-06-28 09:50:30.000000000,99998,260,99872,260,100009,255,99870,255,100010,355,99844,255,100032,100,99832,100,100059,100,99818,100,100065,100,99755,100,100066,100,99724,100,100085,100,99671,100,100093,100,99663,100,100103,100,99603,100
2019-06-28 09:50:36.820696246,99998,160,99872,260,100009,255,99870,255,100010,355,99844,255,100032,100,99832,100,100059,100,99818,100,100065,100,99755,100,100066,100,99724,100,100085,100,99671,100,100093,100,99663,100,100103,100,99603,100
2019-06-28 09:50:40.000000000,100009,194,99872,194,100010,294,99870,194,100032,194,99844,194,100059,194,99832,194,100065,194,99818,194,100066,100,99755,100,100085,100,99724,100,100093,100,99671,100,100103,100,99663,100,100126,100,99603,100
2019-06-28 09:50:46.674968802,100009,194,99872,194,100010,294,99870,194,100032,194,99844,194,100059,194,99832,194,100065,194,99818,194,100066,100,99755,100,100085,100,99724,100,100093,100,99671,100,100103,100,99663,100,100126,100,99603,100
2019-06-28 09:50:47.044348710,100009,194,99872,194,100010,294,99870,194,100032,194,99844,94,100059,194,99832,194,100065,194,99818,194,100066,100,99755,100,100085,100,99724,100,100093,100,99671,100,100103,100,99663,100,100126,100,99603,100
2019-06-28 09:50:50.000000000,100009,218,99872,218,100010,318,99870,218,100032,218,99832,218,100059,218,99818,218,100065,100,99755,100,100066,100,99724,100,100085,100,99671,100,100093,100,99663,100,100103,100,99603,100,100126,100,99514,100
2019-06-28 09:51:00.000000000,100009,335,99872,335,100010,435,99870,335,100032,100,99832,100,100059,100,99818,100,100065,100,99755,100,100066,100,99724,100,100085,100,99671,100,100093,100,99663,100,100103,100,99603,100,100126,100,99514,100
2019-06-28 09:51:00.650538134,100009,235,99872,335,100010,435,99870,335,100032,100,99832,100,100059,100,99818,100,100065,100,99755,100,100066,100,99724,100,100093,100,99671,100,100103,100,99663,100,100126,100,99603,100,100163,100,99514,100
2019-06-28 09:51:10.000000000,100010,318,99872,218,100032,218,99870,218,100059,218,99832,218,100065,218,99818,218,100066,100,99755,100,100093,100,99724,100,100103,100,99671,100,100126,100,99663,100,100163,100,99603,100,100301,100,99514,100
2019-06-28 09:51:20.000000000,100010,318,99872,218,100032,218,99870,218,100059,218,99832,218,100065,218,99818,218,100066,100,99755,100,100093,100,99724,100,100103,100,99671,100,100126,100,99663,100,100163,100,99603,100,100301,100,99514,100
2019-06-28 09:51:23.242114187,100010,318,99998,100,100032,218,99872,218,100059,218,99870,218,100065,218,99832,218,100066,100,99818,218,100093,100,99755,100,100103,100,99724,100,100126,100,99671,100,100163,100,99663,100,100301,100,99603,100
2019-06-28 09:51:29.734871229,100010,218,99998,100,100032,218,99872,218,100059,218,99870,218,100065,218,99832,218,100066,100,99818,218,100093,100,99755,100,100103,100,99724,100,100126,100,99671,100,100163,100,99663,100,100301,100,99603,100
2019-06-28 09:51:30.000000000,100010,194,99998,194,100032,194,99872,194,100059,194,99870,194,100065,194,99832,194,100066,194,99818,194,100093,100,99755,100,100103,100,99724,100,100126,100,99671,100,100163,100,99663,100,100301,100,99603,100
2019-06-28 09:51:40.000000000,100010,570,99998,570,100032,100,99872,100,100059,100,99870,100,100065,100,99832,100,100066,100,99818,100,100093,100,99755,100,100103,100,99724,100,100126,100,99671,100,100163,100,99663,100,100301,100,99603,100
2019-06-28 09:51:42.972131660,100010,570,99998,470,100032,100,99872,100,100059,100,99870,100,100065,100,99832,100,100066,100,99818,100,100093,100,99755,100,100103,100,99724,100,100126,100,99671,100,100163,100,99663,100,100301,100,99603,100
2019-06-28 09:51:50.000000000,100010,335,99872,335,100032,335,99870,335,100059,100,99832,100,100065,100,99818,100,100066,100,99755,100,100093,100,99724,100,100103,100,99671,100,100126,100,99663,100,100163,100,99603,100,100301,100,99514,100
2019-06-28 09:52:00.000000000,100010,260,99872,260,100032,255,99870,255,100059,255,99832,255,100065,100,99818,100,100066,100,99755,100,100093,100,99724,100,100103,100,99671,100,100126,100,99663,100,100163,100,99603,100,100301,100,99514,100
2019-06-28 09:52:08.668933122,100009,100,99872,260,100010,260,99870,255,100032,255,99832,255,100059,255,99818,100,100065,100,99755,100,100066,100,99724,100,100093,100,99671,100,100103,100,99663,100,100126,100,99603,100,100163,100,99514,100
2019-06-28 09:52:10.000000000,100009,218,99872,218,100010,218,99870,218,100032,218,99832,218,100059,218,99818,218,100065,100,99755,100,100066,100,99724,100,100093,100,99671,100,100103,100,99663,100,100126,100,99603,100,100163,100,99514,100
2019-06-28 09:52:10.226935473,100009,218,99872,118,100010,218,99870,218,100032,218,99832,218,100059,218,99818,218,100065,100,99755,100,100066,100,99724,100,100093,100,99671,100,100103,100,99663,100,100126,100,99603,100,100163,100,99514,100
2019-06-28 09:52:18.621529871,100009,218,99872,18,100010,218,99870,218,100032,218,99832,218,100059,218,99818,218,100065,100,99755,100,100066,100,99724,100,100093,100,99671,100,100103,100,99663,100,100126,100,99603,100,100163,100,99514,100
2019-06-28 09:52:20.000000000,100009,194,99870,194,100010,194,99832,194,100032,194,99818,194,100059,194,99755,194,100065,194,99724,194,100066,100,99671,100,100093,100,99663,100,100103,100,99603,100,100126,100,99514,100,100163,100,99488,100
2019-06-28 09:52:25.315388713,100009,194,99870,194,100010,194,99832,194,100032,194,99818,194,100059,194,99755,194,100065,194,99724,194,100066,100,99671,100,100093,100,99663,100,100103,100,99603,100,100126,100,99514,100,100163,100,99488,100
2019-06-28 09:52:30.000000000,100009,260,99870,260,100010,255,99832,255,100032,255,99818,255,100059,100,99755,100,100065,100,99724,100,100066,100,99671,100,100093,100,99663,100,100103,100,99603,100,100126,100,99514,100,100163,100,99488,100
2019-06-28 09:52:34.239595760,99872,100,99870,260,100009,260,99832,255,100010,255,99818,255,100032,255,99755,100,100059,100,99724,100,100065,100,99671,100,100066,100,99663,100,100093,100,99603,100,100103,100,99514,100,100126,100,99488,100
2019-06-28 09:52:40.000000000,99872,335,99870,335,100009,335,99832,335,100010,100,99818,100,100032,100,99755,100,100059,100,99724,100,100065,100,99671,100,100066,100,99663,100,100093,100,99603,100,100103,100,99514,100,100126,100,99488,100
2019-06-28 09:52:50.000000000,99872,570,99870,570,100009,100,99832,100,100010,100,99818,100,100032,100,99755,100,100059,100,99724,100,100065,100,99671,100,100066,100,99663,100,100093,100,99603,100,100103,100,99514,100,100126,100,99488,100
2019-06-28 09:53:00.000000000,99872,335,99870,335,100009,335,99832,335,100010,100,99818,100,100032,100,99755,100,100059,100,99724,100,100065,100,99671,100,100066,100,99663,100,100093,100,99603,100,100103,100,99514,100,100126,100,99488,100
2019-06-28 09:53:05.590680871,99872,335,99870,335,99985,100,99832,335,100009,335,99818,100,100010,100,99755,100,100032,100,99724,100,100059,100,99671,100,100065,100,99663,100,100066,100,99603,100,100093,100,99514,100,100103,100,99488,100
2019-06-28 09:53:08.842901521,99872,335,99870,235,99985,100,99832,335,100009,335,99818,100,100010,100,99755,100,100032,100,99671,100,100059,100,99663,100,100065,100,99603,100,100066,100,99514,100,100093,100,99488,100,100103,100,99473,100
2019-06-28 09:53:10.000000000,99872,570,99832,570,99985,100,99818,100,100009,100,99755,100,100010,100,99671,100,100032,100,99663,100,100059,100,99603,100,100065,100,99514,100,100066,100,99488,100,100093,100,99473,100,100103,100,99431,100
2019-06-28 09:53:20.000000000,99872,570,99832,570,99985,100,99818,100,100009,100,99755,100,100010,100,99671,100,100032,100,99663,100,100059,100,99603,100,100065,100,99514,100,100066,100,99488,100,100093,100,99473,100,100103,100,99431,100
2019-06-28 09:53:24.689732516,99872,570,99832,570,99985,100,99818,100,100009,100,99755,100,100032,100,99671,100,100059,100,99663,100,100065,100,99603,100,100066,100,99514,100,100093,100,99488,100,100103,100,99473,100,100126,100,99431,100
2019-06-28 09:53:30.000000000,99872,570,99832,570,99985,100,99818,100,100009,100,99755,100,100032,100,99671,100,100059,100,99663,100,100065,100,99603,100,100066,100,99514,100,100093,100,99488,100,100103,100,99473,100,100126,100,99431,100
2019-06-28 09:53:33.711145623,99872,570,99846,100,99985,100,99832,570,100009,100,99818,100,100032,100,99755,100,100059,100,99671,100,100065,100,99663,100,100066,100,99603,100,100093,100,99514,100,100103,100,99488,100,100126,100,99473,100
2019-06-28 09:53:40.000000000,99872,194,99846,194,99985,194,99832,194,100009,194,99818,194,100032,194,99755,194,100059,194,99671,194,100065,100,99663,100,100066,100,99603,100,100093,100,99514,100,100103,100,99488,100,100126,100,99473,100
2019-06-28 09:53:50.000000000,99872,570,99846,570,99985,100,99832,100,100009,100,99818,100,100032,100,99755,100,100059,100,99671,100,100065,100,99663,100,100066,100,99603,100,100093,100,99514,100,100103,100,99488,100,100126,100,99473,100
2019-06-28 09:53:58.807930363,99872,570,99846,470,99985,100,99832,100,100009,100,99818,100,100032,100,99755,100,100059,100,99671,100,100065,100,99663,100,100066,100,99603,100,100093,100,99514,100,100103,100,99488,100,100126,100,99473,100
2019-06-28 09:54:00.000000000,99872,260,99832,260,99985,255,99818,255,100009,255,99755,255,100032,100,99671,100,100059,100,99663,100,100065,100,99603,100,100066,100,99514,100,100093,100,99488,100,100103,100,99473,100,100126,100,99431,100
2019-06-28 09:54:07.772499575,99872,260,99847,100,99985,255,99832,260,100009,255,99818,255,100032,100,99755,255,100059,100,99671,100,100065,100,99663,100,100066,100,99603,100,100093,100,99514,100,100103,100,99488,100,100126,100,99473,100
2019-06-28 09:54:08.347635665,99872,260,99847,100,99918,100,99832,260,99985,255,99818,255,100009,255,99755,255,100032,100,99671,100,100059,100,99663,100,100065,100,99603,100,100066,100,99514,100,100093,100,99488,100,100103,100,99473,100
2019-06-28 09:54:10.000000000,99872,570,99847,570,99918,100,99832,100,99985,100,99818,100,100009,100,99755,100,100032,100,99671,100,100059,100,99663,100,100065,100,99603,100,100066,100,99514,100,100093,100,99488,100,100103,100,99473,100
2019-06-28 09:54:13.185712728,99870,100,99847,570,99872,570,99832,100,99918,100,99818,100,99985,100,99755,100,100009,100,99671,100,100032,100,99663,100,100059,100,99603,100,100065,100,99514,100,100066,100,99488,100,100093,100,99473,100
2019-06-28 09:54:19.561771169,99870,100,99847,570,99872,570,99832,100,99918,100,99818,100,99985,100,99755,100,100009,100,99671,100,100032,100,99663,100,100059,100,99646,100,100065,100,99603,100,100066,100,99514,100,100093,100,99488,100
2019-06-28 09:54:20.000000000,99870,335,99847,335,99872,335,99832,335,99918,100,99818,100,99985,100,99755,100,100009,100,99671,100,100032,100,99663,100,100059,100,99646,100,100065,100,99603,100,100066,100,99514,100,100093,100,99488,100
2019-06-28 09:54:30.000000000,99870,570,99847,570,99872,100,99832,100,99918,100,99818,100,99985,100,99755,100,100009,100,99671,100,100032,100,99663,100,100059,100,99646,100,100065,100,99603,100,100066,100,99514,100,100093,100,99488,100
2019-06-28 09:54:39.136615046,99870,570,99847,570,99872,100,99832,100,99918,100,99818,100,99985,100,99755,100,100009,100,99671,100,100032,100,99663,100,100059,100,99646,100,100065,100,99603,100,100066,100,99514,100,100093,100,99488,100
2019-06-28 09:54:40.000000000,99870,194,99847,194,99872,194,99832,194,99918,194,99818,194,99985,194,99755,194,100009,194,99671,194,100032,100,99663,100,100059,100,99646,100,100065,100,99603,100,100066,100,99514,100,100093,100,99488,100
2019-06-28 09:54:42.254219502,99870,94,99847,194,99872,194,99832,194,99918,194,99818,194,99985,194,99755,194,100009,194,99671,194,100032,100,99663,100,100059,100,99646,100,100065,100,99603,100,100066,100,99514,100,100093,100,99488,100
2019-06-28 09:54:46.978739697,99870,94,99847,94,99872,194,99832,194,99918,194,99818,194,99985,194,99755,194,100009,194,99671,194,100032,100,99663,100,100059,100,99646,100,100065,100,99603,100,100066,100,99514,100,100093,100,99488,100
2019-06-28 09:54:50.000000000,99872,335,99832,335,99918,335,99818,335,99985,100,99755,100,100009,100,99671,100,100032,100,99663,100,100059,100,99646,100,100065,100,99603,100,100066,100,99514,100,100093,100,99488,100,100103,100,99473,100
2019-06-28 09:55:00.000000000,99872,218,99832,218,99918,218,99818,218,99985,218,99755,218,100009,218,99671,218,100032,100,99663,100,100059,100,99646,100,100065,100,99603,100,100066,100,99514,100,100093,100,99488,100,100103,100,99473,100
2019-06-28 09:55:10.000000000,99872,335,99832,335,99918,335,99818,335,99985,100,99755,100,100009,100,99671,100,100032,100,99663,100,100059,100,99646,100,100065,100,99603,100,100066,100,99514,100,100093,100,99488,100,100103,100,99473,100
2019-06-28 09:55:14.729678778,99872,335,99832,335,99913,100,99818,335,99918,235,99755,100,99985,100,99671,100,100009,100,99663,100,100032,100,99646,100,100059,100,99603,100,100065,100,99514,100,100066,100,99488,100,100093,100,99473,100
2019-06-28 09:55:15.509257524,99872,335,99853,100,99913,100,99832,335,99918,235,99818,335,99985,100,99755,100,100009,100,99671,100,100032,100,99663,100,100059,100,99646,100,100065,100,99603,100,100066,100,99514,100,100093,100,99488,100
2019-06-28 09:55:15.920096568,99872,335,99853,100,99913,100,99848,100,99918,235,99832,335,99985,100,99818,335,100009,100,99755,100,100032,100,99671,100,100059,100,99663,100,100065,100,99646,100,100066,100,99603,100,100093,100,99514,100
2019-06-28 09:55:20.000000000,99872,260,99853,260,99913,255,99848,255,99985,255,99832,255,100009,100,99818,100,100032,100,99755,100,100059,100,99671,100,100065,100,99663,100,100066,100,99646,100,100093,100,99603,100,100103,100,99514,100
2019-06-28 09:55:30.000000000,99872,218,99853,218,99913,218,99848,218,99985,218,99832,218,100009,218,99818,218,100032,100,99755,100,100059,100,99671,100,100065,100,99663,100,100066,100,99646,100,100093,100,99603,100,100103,100,99514,100
2019-06-28 09:55:35.873150383,99872,118,99853,218,99913,218,99848,218,99985,218,99832,218,100009,218,99818,218,100032,100,99755,100,100059,100,99671,100,100065,100,99663,100,100066,100,99646,100,100093,100,99603,100,100103,100,99514,100
2019-06-28 09:55:40.000000000,99913,194,99853,194,99985,194,99848,194,100009,194,99832,194,100032,194,99818,194,100059,194,99755,194,100065,100,99671,100,100066,100,99663,100,100093,100,99646,100,100103,100,99603,100,100126,100,99514,100
2019-06-28 09:55:50.000000000,99913,335,99853,335,99985,335,99848,335,100009,100,99832,100,100032,100,99818,100,100059,100,99755,100,100065,100,99671,100,100066,100,99663,100,100093,100,99646,100,100103,100,99603,100,100126,100,99514,100
2019-06-28 09:55:51.816827690,99913,235,99853,335,99985,335,99848,335,100009,100,99832,100,100032,100,99818,100,100059,100,99755,100,100065,100,99671,100,100066,100,99663,100,100093,100,99646,100,100103,100,99603,100,100126,100,99514,100
2019-06-28 09:56:00.000000000,99985,570,99853,570,100009,100,99848,100,100032,100,99832,100,100059,100,99818,100,100065,100,99755,100,100066,100,99671,100,100093,100,99663,100,100103,100,99646,100,100126,100,99603,100,100166,100,99514,100
2019-06-28 09:56:02.113858076,99985,570,99853,570,100032,100,99848,100,100059,100,99832,100,100065,100,99818,100,100066,100,99755,100,100093,100,99671,100,100103,100,99663,100,100126,100,99646,100,100166,100,99603,100,100301,100,99514,100
2019-06-28 09:56:10.000000000,99985,218,99853,218,100032,218,99848,218,100059,218,99832,218,100065,218,99818,218,100066,100,99755,100,100093,100,99671,100,100103,100,99663,100,100126,100,99646,100,100166,100,99603,100,100301,100,99514,100
2019-06-28 09:56:20.000000000,99985,260,99853,260,100032,255,99848,255,100059,255,99832,255,100065,100,99818,100,100066,100,99755,100,100093,100,99671,100,100103,100,99663,100,100126,100,99646,100,100166,100,99603,100,100301,100,99514,100
2019-06-28 09:56:30.000000000,99985,194,99853,194,100032,194,99848,194,100059,194,99832,194,100065,194,99818,194,100066,194,99755,194,100093,100,99671,100,100103,100,99663,100,100126,100,99646,100,100166,100,99603,100,100301,100,99514,100
2019-06-28 09:56:40.000000000,99985,218,99853,218,100032,218,99848,218,100059,218,99832,218,100065,218,99818,218,100066,100,99755,100,100093,100,99671,100,100103,100,99663,100,100126,100,99646,100,100166,100,99603,100,100301,100,99514,100
2019-06-28 09:56:50.000000000,99985,335,99853,335,100032,335,99848,335,100059,100,99832,100,100065,100,99818,100,100066,100,99755,100,100093,100,99671,100,100103,100,99663,100,100126,100,99646,100,100166,100,99603,100,100301,100,99514,100
2019-06-28 09:57:00.000000000,99985,570,99853,570,100032,100,99848,100,100059,100,99832,100,100065,100,99818,100,100066,100,99755,100,100093,100,99671,100,100103,100,99663,100,100126,100,99646,100,100166,100,99603,100,100301,100,99514,100
2019-06-28 09:57:03.402941206,99985,570,99853,570,100032,100,99848,100,100059,100,99832,100,100065,100,99818,100,100066,100,99755,100,100093,100,99671,100,100103,100,99663,100,100126,100,99646,100,100166,100,99603,100,100301,100,99514,100
2019-06-28 09:57:10.000000000,99985,335,99853,335,100032,335,99848,335,100059,100,99832,100,100065,100,99818,100,100066,100,99755,100,100093,100,99671,100,100103,100,99663,100,100126,100,99646,100,100166,100,99603,100,100301,100,99514,100
2019-06-28 09:57:20.000000000,99985,335,99853,335,100032,335,99848,335,100059,100,99832,100,100065,100,99818,100,100066,100,99755,100,100093,100,99671,100,100103,100,99663,100,100126,100,99646,100,100166,100,99603,100,100301,100,99514,100
2019-06-28 09:57:30.000000000,99985,194,99853,194,100032,194,99848,194,100059,194,99832,194,100065,194,99818,194,100066,194,99755,194,100093,100,99671,100,100103,100,99663,100,100126,100,99646,100,100166,100,99603,100,100301,100,99514,100
2019-06-28 09:57:40.000000000,99985,570,99853,570,100032,100,99848,100,100059,100,99832,100,100065,100,99818,100,100066,100,99755,100,100093,100,99671,100,100103,100,99663,100,100126,100,99646,100,100166,100,99603,100,100301,100,99514,100
2019-06-28 09:57:48.432124351,99985,570,99853,570,100032,100,99848,100,100044,100,99832,100,100059,100,99818,100,100065,100,99755,100,100066,100,99671,100,100093,100,99663,100,100103,100,99646,100,100126,100,99603,100,100166,100,99514,100
2019-06-28 09:57:48.987255389,99985,570,99853,570,100032,100,99848,100,100044,100,99832,100,100059,100,99818,100,100065,100,99755,100,100066,100,99671,100,100093,100,99663,100,100103,100,99646,100,100126,100,99603,100,100166,100,99514,100
2019-06-28 09:57:50.000000000,99985,570,99853,570,100032,100,99848,100,100044,100,99832,100,100059,100,99818,100,100065,100,99755,100,100066,100,99671,100,100093,100,99663,100,100103,100,99646,100,100126,100,99603,100,100166,100,99514,100
2019-06-28 09:58:00.000000000,99985,570,99853,570,100032,100,99848,100,100044,100,99832,100,100059,100,99818,100,100065,100,99755,100,100066,100,99671,100,100093,100,99663,100,100103,100,99646,100,100126,100,99603,100,100166,100,99514,100
2019-06-28 09:58:05.399198603,99985,470,99853,570,100032,100,99848,100,100044,100,99832,100,100059,100,99818,100,100065,100,99755,100,100066,100,99671,100,100093,100,99663,100,100103,100,99646,100,100126,100,99603,100,100166,100,99514,100
2019-06-28 09:58:10.000000000,100032,260,99853,260,100044,255,99848,255,100059,255,99832,255,100065,100,99818,100,100066,100,99755,100,100093,100,99671,100,100103,100,99663,100,100126,100,99646,100,100166,100,99603,100,100301,100,99514,100
2019-06-28 09:58:20.000000000,100032,260,99853,260,100044,255,99848,255,100059,255,99832,255,100065,100,99818,100,100066,100,99755,100,100093,100,99671,100,100103,100,99663,100,100126,100,99646,100,100166,100,99603,100,100301,100,99514,100
2019-06-28 09:58:29.234196865,100032,260,99950,100,100044,155,99853,260,100059,255,99848,255,100065,100,99832,255,100066,100,99818,100,100093,100,99755,100,100103,100,99671,100,100126,100,99663,100,100166,100,99646,100,100301,100,99603,100
2019-06-28 09:58:30.000000000,100032,570,99950,570,100059,100,99853,100,100065,100,99848,100,100066,100,99832,100,100093,100,99818,100,100103,100,99755,100,100126,100,99671,100,100166,100,99663,100,100301,100,99646,100,100341,100,99603,100
2019-06-28 09:58:40.000000000,100032,335,99950,335,100059,335,99853,335,100065,100,99848,100,100066,100,99832,100,100093,100,99818,100,100103,100,99755,100,100126,100,99671,100,100166,100,99663,100,100301,100,99646,100,100341,100,99603,100
2019-06-28 09:58:44.866941156,100032,335,99950,335,100059,335,99913,100,100065,100,99853,335,100066,100,99848,100,100093,100,99832,100,100103,100,99818,100,100126,100,99755,100,100166,100,99671,100,100301,100,99663,100,100341,100,99646,100
2019-06-28 09:58:45.631688982,100032,335,100001,100,100059,335,99950,335,100065,100,99913,100,100066,100,99853,335,100093,100,99848,100,100103,100,99832,100,100126,100,99818,100,100166,100,99755,100,100301,100,99671,100,100341,100,99663,100
2019-06-28 09:58:50.000000000,100032,570,100001,570,100059,100,99950,100,100065,100,99913,100,100066,100,99853,100,100093,100,99848,100,100103,100,99832,100,100126,100,99818,100,100166,100,99755,100,100301,100,99671,100,100341,100,99663,100
2019-06-28 09:59:00.000000000,100032,570,100001,570,100059,100,99950,100,100065,100,99913,100,100066,100,99853,100,100093,100,99848,100,100103,100,99832,100,100126,100,99818,100,100166,100,99755,100,100301,100,99671,100,100341,100,99663,100
2019-06-28 09:59:10.000000000,100032,260,100001,260,100059,255,99950,255,100065,255,99913,255,100066,100,99853,100,100093,100,99848,100,100103,100,99832,100,100126,100,99818,100,100166,100,99755,100,100301,100,99671,100,100341,100,99663,100
2019-06-28 09:59:14.460881221,100032,160,100001,260,100059,255,99950,255,100065,255,99913,255,100066,100,99853,100,100093,100,99848,100,100103,100,99832,100,100126,100,99818,100,100166,100,99755,100,100301,100,99671,100,100341,100,99663,100
2019-06-28 09:59:14.582760482,100032,160,100001,260,100059,255,99950,255,100065,255,99913,255,100066,100,99853,100,100070,100,99848,100,100093,100,99832,100,100103,100,99818,100,100126,100,99755,100,100166,100,99671,100,100301,100,99663,100
2019-06-28 09:59:20.000000000,100059,194,100001,194,100065,194,99950,194,100066,194,99913,194,100070,194,99853,194,100093,194,99848,194,100103,100,99832,100,100126,100,99818,100,100166,100,99755,100,100301,100,99671,100,100341,100,99663,100
2019-06-28 09:59:26.599079985,100059,94,100001,194,100065,194,99950,194,100066,194,99913,194,100070,194,99853,194,100093,194,99848,194,100103,100,99832,100,100126,100,99818,100,100166,100,99755,100,100301,100,99671,100,100341,100,99663,100
2019-06-28 09:59:30.000000000,100065,194,100001,194,100066,194,99950,194,100070,194,99913,194,100093,194,99853,194,100103,194,99848,194,100126,100,99832,100,100166,100,99818,100,100301,100,99755,100,100341,100,99671,100,100406,100,99663,100
2019-06-28 09:59:40.000000000,100065,218,100001,218,100066,218,99950,218,100070,218,99913,218,100093,218,99853,218,100103,100,99848,100,100126,100,99832,100,100166,100,99818,100,100301,100,99755,100,100341,100,99671,100,100406,100,99663,100
2019-06-28 09:59:50.000000000,100065,194,100001,194,100066,194,99950,194,100070,194,99913,194,100093,194,99853,194,100103,194,99848,194,100126,100,99832,100,100166,100,99818,100,100301,100,99755,100,100341,100,99671,100,100406,100,99663,100
2019-06-28 09:59:56.100907829,100065,194,100032,100,100066,194,100001,194,100070,194,99950,194,100093,194,99913,194,100103,194,99853,194,100126,100,99848,194,100166,100,99832,100,100301,100,99818,100,100341,100,99755,100,100406,100,99671,100
2019-06-28 10:00:00.000000000,100065,260,100032,260,100066,255,100001,255,100070,255,99950,255,100093,100,99913,100,100103,100,99853,100,100126,100,99848,100,100166,100,99832,100,100301,100,99818,100,100341,100,99755,100,100406,100,99671,100
2019-06-28 10:00:10.000000000,100065,194,100032,194,100066,194,100001,194,100070,194,99950,194,100093,194,99913,194,100103,194,99853,194,100126,100,99848,100,100166,100,99832,100,100301,100,99818,100,100341,100,99755,100,100406,100,99671,100
2019-06-28 10:00:20.000000000,100065,194,100032,194,100066,194,100001,194,100070,194,99950,194,100093,194,99913,194,100103,194,99853,194,100126,100,99848,100,100166,100,99832,100,100301,100,99818,100,100341,100,99755,100,100406,100,99671,100
2019-06-28 10:00:30.000000000,100065,335,100032,335,100066,335,100001,335,100070,100,99950,100,100093,100,99913,100,100103,100,99853,100,100126,100,99848,100,100166,100,99832,100,100301,100,99818,100,100341,100,99755,100,100406,100,99671,100
2019-06-28 10:00:31.527801785,100065,335,100032,335,100066,335,100001,335,100070,100,99950,100,100093,100,99913,100,100103,100,99853,100,100126,100,99848,100,100166,100,99832,100,100301,100,99818,100,100339,100,99755,100,100341,100,99671,100
2019-06-28 10:00:40.000000000,100065,194,100032,194,100066,194,100001,194,100070,194,99950,194,100093,194,99913,194,100103,194,99853,194,100126,100,99848,100,100166,100,99832,100,100301,100,99818,100,100339,100,99755,100,100341,100,99671,100
2019-06-28 10:00:40.043089535,100065,194,100032,194,100066,194,100001,194,100070,194,99950,194,100093,194,99913,194,100103,194,99853,194,100126,100,99848,100,100166,100,99832,100,100301,100,99818,100,100339,100,99755,100,100341,100,99671,100
2019-06-28 10:00:50.000000000,100065,194,100032,194,100066,194,100001,194,100070,194,99950,194,100093,194,99913,194,100103,194,99853,194,100126,100,99848,100,100166,100,99832,100,100301,100,99818,100,100339,100,99755,100,100341,100,99671,100
2019-06-28 10:00:55.023748253,100065,94,100032,194,100066,194,100001,194,100070,194,99950,194,100093,194,99913,194,100103,194,99853,194,100126,100,99848,100,100166,100,99832,100,100301,100,99818,100,100339,100,99755,100,100341,100,99671,100
2019-06-28 10:00:57.590292135,100065,94,100032,194,100066,194,100001,194,100070,194,99950,194,100093,194,99913,194,100103,194,99853,194,100126,100,99848,100,100166,100,99832,100,100301,100,99818,100,100339,100,99755,100,100341,100,99671,100
2019-06-28 10:00:59.807086696,100065,94,100059,100,100066,194,100032,194,100070,194,100001,194,100093,194,99950,194,100103,194,99913,194,100126,100,99853,194,100166,100,99848,100,100301,100,99832,100,100339,100,99818,100,100341,100,99755,100
2019-06-28 10:01:00.000000000,100066,570,100059,570,100070,100,100032,100,100093,100,100001,100,100103,100,99950,100,100126,100,99913,100,100166,100,99853,100,100301,100,99848,100,100339,100,99832,100,100341,100,99818,100,100406,100,99755,100
2019-06-28 10:01:10.000000000,100066,194,100059,194,100070,194,100032,194,100093,194,100001,194,100103,194,99950,194,100126,194,99913,194,100166,100,99853,100,100301,100,99848,100,100339,100,99832,100,100341,100,99818,100,100406,100,99755,100
2019-06-28 10:01:15.241084311,100066,194,100059,294,100070,194,100032,194,100093,194,100001,194,100103,194,99950,194,100126,194,99913,194,100166,100,99853,100,100301,100,99848,100,100339,100,99832,100,100341,100,99818,100,100406,100,99755,100
2019-06-28 10:01:20.000000000,100066,570,100059,670,100070,100,100032,100,100093,100,100001,100,100103,100,99950,100,100126,100,99913,100,100166,100,99853,100,100301,100,99848,100,100339,100,99832,100,100341,100,99818,100,100406,100,99755,100
2019-06-28 10:01:22.881675095,100066,470,100059,670,100070,100,100032,100,100093,100,100001,100,100103,100,99950,100,100126,100,99913,100,100166,100,99853,100,100301,100,99848,100,100341,100,99832,100,100406,100,99818,100,100540,100,99755,100
2019-06-28 10:01:28.226119665,100066,370,100059,670,100070,100,100032,100,100093,100,100001,100,100103,100,99950,100,100126,100,99913,100,100166,100,99853,100,100301,100,99848,100,100341,100,99832,100,100406,100,99818,100,100540,100,99755,100
2019-06-28 10:01:30.000000000,100070,260,100059,360,100093,255,100032,255,100103,255,100001,255,100126,100,99950,100,100166,100,99913,100,100301,100,99853,100,100341,100,99848,100,100406,100,99832,100,100540,100,99818,100,100700,100,99755,100
2019-06-28 10:01:30.943264191,100070,260,100059,360,100093,255,100032,255,100103,255,100001,255,100126,100,99950,100,100166,100,99913,100,100301,100,99853,100,100341,100,99848,100,100406,100,99832,100,100540,100,99818,100,100558,100,99755,100
2019-06-28 10:01:34.529223285,100070,260,100059,360,100093,255,100032,255,100103,255,100001,255,100126,100,99950,100,100166,100,99913,100,100301,100,99853,100,100341,100,99848,100,100406,100,99832,100,100540,100,99818,100,100558,100,99755,100
2019-06-28 10:01:40.000000000,100070,194,100059,294,100093,194,100032,194,100103,194,100001,194,100126,194,99950,194,100166,194,99913,194,100301,100,99853,100,100341,100,99848,100,100406,100,99832,100,100540,100,99818,100,100558,100,99755,100
2019-06-28 10:01:50.000000000,100070,218,100059,318,100093,218,100032,218,100103,218,100001,218,100126,218,99950,218,100166,100,99913,100,100301,100,99853,100,100341,100,99848,100,100406,100,99832,100,100540,100,99818,100,100558,100,99755,100
2019-06-28 10:02:00.000000000,100070,218,100059,318,100093,218,100032,218,100103,218,100001,218,100126,218,99950,218,100166,100,99913,100,100301,100,99853,100,100341,100,99848,100,100406,100,99832,100,100540,100,99818,100,100558,100,99755,100
2019-06-28 10:02:01.254668425,100070,218,100066,100,100093,218,100059,318,100103,218,100032,218,100126,218,100001,218,100166,100,99950,218,100301,100,99913,100,100341,100,99853,100,100406,100,99848,100,100540,100,99832,100,100558,100,99818,100
2019-06-28 10:02:10.000000000,100070,570,100066,570,100093,100,100059,200,100103,100,100032,100,100126,100,100001,100,100166,100,99950,100,100301,100,99913,100,100341,100,99853,100,100406,100,99848,100,100540,100,99832,100,100558,100,99818,100
2019-06-28 10:02:20.000000000,100070,335,100066,335,100093,335,100059,435,100103,100,100032,100,100126,100,100001,100,100166,100,99950,100,100301,100,99913,100,100341,100,99853,100,100406,100,99848,100,100540,100,99832,100,100558,100,99818,100
2019-06-28 10:02:25.200323259,100070,335,100066,335,100093,335,100059,435,100103,100,100032,100,100126,100,100001,100,100166,100,99950,100,100301,100,99913,100,100341,100,99853,100,100406,100,99848,100,100521,100,99832,100,100540,100,99818,100
2019-06-28 10:02:30.000000000,100070,218,100066,218,100093,218,100059,318,100103,218,100032,218,100126,218,100001,218,100166,100,99950,100,100301,100,99913,100,100341,100,99853,100,100406,100,99848,100,100521,100,99832,100,100540,100,99818,100
2019-06-28 10:02:40.000000000,100070,570,100066,570,100093,100,100059,200,100103,100,100032,100,100126,100,100001,100,100166,100,99950,100,100301,100,99913,100,100341,100,99853,100,100406,100,99848,100,100521,100,99832,100,100540,100,99818,100
2019-06-28 10:02:42.596544595,100070,570,100066,570,100093,100,100059,200,100103,100,100032,100,100126,100,100001,100,100166,100,99950,100,100301,100,99913,100,100341,100,99853,100,100406,100,99848,100,100418,100,99832,100,100521,100,99818,100
2019-06-28 10:02:50.000000000,100070,218,100066,218,100093,218,100059,318,100103,218,100032,218,100126,218,100001,218,100166,100,99950,100,100301,100,99913,100,100341,100,99853,100,100406,100,99848,100,100418,100,99832,100,100521,100,99818,100
2019-06-28 10:02:52.779469282,100070,218,100066,218,100093,218,100059,318,100103,218,100032,218,100126,218,100001,218,100166,100,99950,100,100301,100,99913,100,100341,100,99853,100,100406,100,99832,100,100418,100,99818,100,100521,100,99755,100
2019-06-28 10:03:00.000000000,100070,218,100066,218,100093,218,100059,318,100103,218,100032,218,100126,218,100001,218,100166,100,99950,100,100301,100,99913,100,100341,100,99853,100,100406,100,99832,100,100418,100,99818,100,100521,100,99755,100
2019-06-28 10:03:00.500713388,100070,218,100066,218,100093,218,100059,318,100103,218,100032,218,100126,218,100001,218,100166,100,99950,100,100301,100,99913,100,100341,100,99853,100,100406,100,99832,100,100418,100,99818,100,100451,100,99755,100
2019-06-28 10:03:09.042729168,100070,118,100066,218,100093,218,100059,318,100103,218,100032,218,100126,218,100001,218,100166,100,99950,100,100301,100,99913,100,100341,100,99853,100,100406,100,99832,100,100418,100,99818,100,100451,100,99755,100
2019-06-28 10:03:10.000000000,100093,194,100066,194,100103,194,100059,294,100126,194,100032,194,100166,194,100001,194,100301,194,99950,194,100341,100,99913,100,100406,100,99853,100,100418,100,99832,100,100451,100,99818,100,100521,100,99755,100
2019-06-28 10:03:20.000000000,100093,570,100066,570,100103,100,100059,200,100126,100,100032,100,100166,100,100001,100,100301,100,99950,100,100341,100,99913,100,100406,100,99853,100,100418,100,99832,100,100451,100,99818,100,100521,100,99755,100
2019-06-28 10:03:30.000000000,100093,218,100066,218,100103,218,100059,318,100126,218,100032,218,100166,218,100001,218,100301,100,99950,100,100341,100,99913,100,100406,100,99853,100,100418,100,99832,100,100451,100,99818,100,100521,100,99755,100
2019-06-28 10:03:40.000000000,100093,260,100066,260,100103,255,100059,355,100126,255,100032,255,100166,100,100001,100,100301,100,99950,100,100341,100,99913,100,100406,100,99853,100,100418,100,99832,100,100451,100,99818,100,100521,100,99755,100
2019-06-28 10:03:42.704410619,100093,260,100066,260,100103,255,100059,355,100126,255,100032,255,100166,100,100001,100,100301,100,99950,100,100341,100,99913,100,100406,100,99853,100,100418,100,99832,100,100451,100,99818,100,100521,100,99755,100
2019-06-28 10:03:50.000000000,100093,218,100066,218,100103,218,100059,318,100126,218,100032,218,100166,218,100001,218,100301,100,99950,100,100341,100,99913,100,100406,100,99853,100,100418,100,99832,100,100451,100,99818,100,100521,100,99755,100
2019-06-28 10:04:00.000000000,100093,218,100066,218,100103,218,100059,318,100126,218,100032,218,100166,218,100001,218,100301,100,99950,100,100341,100,99913,100,100406,100,99853,100,100418,100,99832,100,100451,100,99818,100,100521,100,99755,100
2019-06-28 10:04:01.282973294,100093,218,100067,100,100103,218,100066,218,100126,218,100059,318,100166,218,100032,218,100301,100,100001,218,100341,100,99950,100,100406,100,99913,100,100418,100,99853,100,100451,100,99832,100,100521,100,99818,100
2019-06-28 10:04:04.206772255,100093,218,100067,100,100103,218,100066,218,100126,218,100059,318,100166,218,100032,218,100301,100,100001,218,100341,100,99950,100,100406,100,99853,100,100418,100,99832,100,100451,100,99818,100,100521,100,99755,100
2019-06-28 10:04:10.000000000,100093,335,100067,335,100103,335,100066,335,100126,100,100059,200,100166,100,100032,100,100301,100,100001,100,100341,100,99950,100,100406,100,99853,100,100418,100,99832,100,100451,100,99818,100,100521,100,99755,100
2019-06-28 10:04:10.640743354,100093,335,100067,335,100103,235,100066,335,100126,100,100059,200,100166,100,100032,100,100301,100,100001,100,100341,100,99950,100,100406,100,99857,100,100418,100,99853,100,100451,100,99832,100,100521,100,99818,100
2019-06-28 10:04:13.722710062,100093,235,100067,235,100103,235,100066,335,100126,100,100059,200,100166,100,100032,100,100301,100,100001,100,100341,100,99950,100,100406,100,99857,100,100418,100,99853,100,100451,100,99832,100,100521,100,99818,100
2019-06-28 10:04:15.202780219,100093,235,100067,235,100103,235,100066,335,100126,100,100059,200,100166,100,100032,100,100301,100,100001,100,100341,100,99950,100,100406,100,99927,100,100418,100,99857,100,100451,100,99832,100,100521,100,99818,100
2019-06-28 10:04:20.000000000,100126,260,100066,260,100166,255,100059,355,100301,255,100032,255,100341,100,100001,100,100406,100,99950,100,100418,100,99927,100,100451,100,99857,100,100521,100,99832,100,100540,100,99818,100,100558,100,99755,100
2019-06-28 10:04:26.710524003,100126,260,100066,160,100166,255,100059,355,100301,255,100032,255,100341,100,100001,100,100406,100,99950,100,100418,100,99927,100,100451,100,99857,100,100521,100,99832,100,100540,100,99818,100,100558,100,99755,100
2019-06-28 10:04:30.000000000,100126,194,100059,294,100166,194,100032,194,100301,194,100001,194,100341,194,99950,194,100406,194,99927,194,100418,100,99857,100,100451,100,99832,100,100521,100,99818,100,100540,100,99755,100,100558,100,99663,100
2019-06-28 10:04:40.000000000,100126,260,100059,360,100166,255,100032,255,100301,255,100001,255,100341,100,99950,100,100406,100,99927,100,100418,100,99857,100,100451,100,99832,100,100521,100,99818,100,100540,100,99755,100,100558,100,99663,100
2019-06-28 10:04:43.866944729,100126,260,100059,260,100166,155,100032,255,100301,255,100001,255,100341,100,99950,100,100406,100,99927,100,100418,100,99857,100,100451,100,99832,100,100521,100,99818,100,100540,100,99755,100,100558,100,99663,100
2019-06-28 10:04:48.490838123,100126,260,100059,160,100166,155,100032,255,100301,255,100001,255,100406,100,99950,100,100418,100,99927,100,100451,100,99857,100,100521,100,99832,100,100540,100,99818,100,100558,100,99755,100,100700,100,99663,100
2019-06-28 10:04:50.000000000,100126,260,100032,260,100301,255,100001,255,100406,255,99950,255,100418,100,99927,100,100451,100,99857,100,100521,100,99832,100,100540,100,99818,100,100558,100,99755,100,100700,100,99663,100,100812,100,99657,100
2019-06-28 10:05:00.000000000,100126,260,100032,260,100301,255,100001,255,100406,255,99950,255,100418,100,99927,100,100451,100,99857,100,100521,100,99832,100,100540,100,99818,100,100558,100,99755,100,100700,100,99663,100,100812,100,99657,100
2019-06-28 10:05:01.719991296,100126,260,100032,160,100301,255,100001,255,100406,255,99950,255,100418,100,99927,100,100451,100,99857,100,100521,100,99832,100,100540,100,99818,100,100558,100,99755,100,100700,100,99657,100,100812,100,99514,100
2019-06-28 10:05:10.000000000,100126,570,100001,570,100301,100,99950,100,100406,100,99927,100,100418,100,99857,100,100451,100,99832,100,100521,100,99818,100,100540,100,99755,100,100558,100,99657,100,100700,100,99514,100,100812,100,99473,100
2019-06-28 10:05:20.000000000,100126,194,100001,194,100301,194,99950,194,100406,194,99927,194,100418,194,99857,194,100451,194,99832,194,100521,100,99818,100,100540,100,99755,100,100558,100,99657,100,100700,100,99514,100,100812,100,99473,100
2019-06-28 10:05:30.000000000,100126,218,100001,218,100301,218,99950,218,100406,218,99927,218,100418,218,99857,218,100451,100,99832,100,100521,100,99818,100,100540,100,99755,100,100558,100,99657,100,100700,100,99514,100,100812,100,99473,100
2019-06-28 10:05:40.000000000,100126,194,100001,194,100301,194,99950,194,100406,194,99927,194,100418,194,99857,194,100451,194,99832,194,100521,100,99818,100,100540,100,99755,100,100558,100,99657,100,100700,100,99514,100,100812,100,99473,100
2019-06-28 10:05:43.890818173,100059,100,100001,194,100126,194,99950,194,100301,194,99927,194,100406,194,99857,194,100418,194,99832,194,100451,194,99818,100,100521,100,99755,100,100540,100,99657,100,100558,100,99514,100,100700,100,99473,100
2019-06-28 10:05:44.447005835,100059,200,100001,194,100126,194,99950,194,100301,194,99927,194,100406,194,99857,194,100418,194,99832,194,100451,194,99818,100,100521,100,99755,100,100540,100,99657,100,100558,100,99514,100,100700,100,99473,100
2019-06-28 10:05:49.974333498,100059,300,100001,194,100126,194,99950,194,100301,194,99927,194,100406,194,99857,194,100418,194,99832,194,100451,194,99818,100,100521,100,99755,100,100540,100,99657,100,100558,100,99514,100,100700,100,99473,100
2019-06-28 10:05:50.000000000,100059,770,100001,570,100126,100,99950,100,100301,100,99927,100,100406,100,99857,100,100418,100,99832,100,100451,100,99818,100,100521,100,99755,100,100540,100,99657,100,100558,100,99514,100,100700,100,99473,100
2019-06-28 10:05:50.832352243,100059,770,100001,570,100126,100,99950,100,100301,100,99927,100,100406,100,99857,100,100418,100,99832,100,100451,100,99818,100,100521,100,99755,100,100540,100,99657,100,100558,100,99514,100,100700,100,99473,100
2019-06-28 10:06:00.000000000,100059,418,100001,218,100126,218,99950,218,100301,218,99927,218,100406,218,99857,218,100418,100,99832,100,100451,100,99818,100,100521,100,99755,100,100540,100,99657,100,100558,100,99514,100,100700,100,99473,100
2019-06-28 10:06:00.765936697,100059,418,100001,218,100126,218,99950,218,100301,218,99927,218,100406,218,99857,218,100418,100,99832,100,100521,100,99818,100,100540,100,99755,100,100558,100,99657,100,100700,100,99514,100,100812,100,99473,100
2019-06-28 10:06:10.000000000,100059,394,100001,194,100126,194,99950,194,100301,194,99927,194,100406,194,99857,194,100418,194,99832,194,100521,100,99818,100,100540,100,99755,100,100558,100,99657,100,100700,100,99514,100,100812,100,99473,100
2019-06-28 10:06:10.366523801,100059,494,100001,194,100126,194,99950,194,100301,194,99927,194,100406,194,99857,194,100418,194,99832,194,100521,100,99818,100,100540,100,99755,100,100558,100,99657,100,100700,100,99514,100,100812,100,99473,100
2019-06-28 10:06:15.334170021,100059,494,100001,194,100126,194,99950,194,100301,194,99927,194,100406,194,99857,194,100418,194,99832,194,100521,100,99818,100,100540,100,99755,100,100558,100,99657,100,100700,100,99514,100,100812,100,99473,100
2019-06-28 10:06:20.000000000,100059,870,100001,570,100126,100,99950,100,100301,100,99927,100,100406,100,99857,100,100418,100,99832,100,100521,100,99818,100,100540,100,99755,100,100558,100,99657,100,100700,100,99514,100,100812,100,99473,100
2019-06-28 10:06:29.415087922,100059,770,100001,570,100126,100,99950,100,100301,100,99927,100,100406,100,99857,100,100418,100,99832,100,100521,100,99818,100,100540,100,99755,100,100558,100,99657,100,100700,100,99514,100,100812,100,99473,100
2019-06-28 10:06:30.000000000,100059,460,100001,260,100126,255,99950,255,100301,255,99927,255,100406,100,99857,100,100418,100,99832,100,100521,100,99818,100,100540,100,99755,100,100558,100,99657,100,100700,100,99514,100,100812,100,99473,100
2019-06-28 10:06:34.974304176,100059,460,100001,260,100126,255,99950,255,100301,255,99927,255,100406,100,99857,100,100418,100,99832,100,100521,100,99818,100,100540,100,99755,100,100558,100,99657,100,100700,100,99514,100,100812,100,99473,100
2019-06-28 10:06:39.227022832,100059,460,100001,160,100126,255,99950,255,100301,255,99927,255,100406,100,99857,100,100418,100,99832,100,100521,100,99818,100,100540,100,99755,100,100558,100,99657,100,100700,100,99514,100,100812,100,99473,100
2019-06-28 10:06:40.000000000,100059,770,99950,570,100126,100,99927,100,100301,100,99857,100,100406,100,99832,100,100418,100,99818,100,100521,100,99755,100,100540,100,99657,100,100558,100,99514,100,100700,100,99473,100,100812,100,99426,100
2019-06-28 10:06:50.000000000,100059,460,99950,260,100126,255,99927,255,100301,255,99857,255,100406,100,99832,100,100418,100,99818,100,100521,100,99755,100,100540,100,99657,100,100558,100,99514,100,100700,100,99473,100,100812,100,99426,100
2019-06-28 10:06:51.804040131,100059,460,99950,260,100126,255,99927,255,100301,255,99857,255,100406,100,99832,100,100418,100,99818,100,100521,100,99755,100,100540,100,99706,100,100558,100,99657,100,100700,100,99514,100,100812,100,99473,100
2019-06-28 10:07:00.000000000,100059,418,99950,218,100126,218,99927,218,100301,218,99857,218,100406,218,99832,218,100418,100,99818,100,100521,100,99755,100,100540,100,99706,100,100558,100,99657,100,100700,100,99514,100,100812,100,99473,100
2019-06-28 10:07:10.000000000,100059,770,99950,570,100126,100,99927,100,100301,100,99857,100,100406,100,99832,100,100418,100,99818,100,100521,100,99755,100,100540,100,99706,100,100558,100,99657,100,100700,100,99514,100,100812,100,99473,100
