,ask_price_1,ask_size_1,bid_price_1,bid_size_1,ask_price_2,ask_size_2,bid_price_2,bid_size_2,ask_price_3,ask_size_3,bid_price_3,bid_size_3,ask_price_4,ask_size_4,bid_price_4,bid_size_4,ask_price_5,ask_size_5,bid_price_5,bid_size_5,ask_price_6,ask_size_6,bid_price_6,bid_size_6,ask_price_7,ask_size_7,bid_price_7,bid_size_7,ask_price_8,ask_size_8,bid_price_8,bid_size_8,ask_price_9,ask_size_9,bid_price_9,bid_size_9,ask_price_10,ask_size_10,bid_price_10,bid_size_10
2019-06-28 09:30:00.000000000,,,99842,100,,,,,,,,,,,,,,,,,,,,,,,,,,,,,,,,,,,,
2019-06-28 09:30:00.000000001,99995,100,99842,100,,,,,,,,,,,,,,,,,,,,,,,,,,,,,,,,,,,,
2019-06-28 09:30:00.000000003,99995,100,99938,100,,,99842,100,,,,,,,,,,,,,,,,,,,,,,,,,,,,,,,,
2019-06-28 09:30:00.000000004,99942,100,99938,100,99995,100,99842,100,,,,,,,,,,,,,,,,,,,,,,,,,,,,,,,,
2019-06-28 09:30:00.000000005,99942,100,99938,100,99995,100,99850,100,,,99842,100,,,,,,,,,,,,,,,,,,,,,,,,,,,,
2019-06-28 09:30:00.000000009,99995,100,99938,100,100016,100,99850,100,,,99842,100,,,,,,,,,,,,,,,,,,,,,,,,,,,,
2019-06-28 09:30:00.000000010,99995,100,99940,100,100016,100,99938,100,,,99850,100,,,99842,100,,,,,,,,,,,,,,,,,,,,,,,,
2019-06-28 09:30:00.000000012,99995,100,99960,100,100016,100,99940,100,,,99938,100,,,99850,100,,,99842,100,,,,,,,,,,,,,,,,,,,,
2019-06-28 09:30:00.000000015,99995,100,99960,100,100016,100,99940,100,100071,100,99938,100,,,99850,100,,,99842,100,,,,,,,,,,,,,,,,,,,,
2019-06-28 09:30:00.000000018,99995,100,99960,100,100016,100,99940,100,100071,100,99938,100,,,99898,100,,,99850,100,,,99842,100,,,,,,,,,,,,,,,,
2019-06-28 09:30:00.000000019,99995,100,99963,100,100016,100,99960,100,100071,100,99950,100,,,99940,100,,,99938,100,,,99911,100,,,99898,100,,,99850,100,,,99842,100,,,,
2019-06-28 09:30:00.000000020,99995,100,99963,100,100016,100,99960,100,100050,100,99956,100,100071,100,99950,100,,,99940,100,,,99938,100,,,99911,100,,,99898,100,,,99850,100,,,99842,100
2019-06-28 09:30:00.000000021,99995,100,99963,100,100012,100,99960,100,100016,100,99956,100,100050,100,99950,100,100071,100,99940,100,,,99938,100,,,99911,100,,,99910,100,,,99898,100,,,99850,100
2019-06-28 09:30:00.000000025,99995,100,99963,100,100012,100,99960,100,100016,100,99956,100,100050,100,99950,100,100071,100,99940,100,100107,100,99938,100,,,99911,100,,,99910,100,,,99898,100,,,99850,100
2019-06-28 09:30:00.000000026,99995,100,99963,100,100012,100,99960,100,100016,100,99956,100,100050,100,99950,100,100071,100,99940,100,100107,100,99938,100,,,99911,100,,,99910,200,,,99898,100,,,99850,100
2019-06-28 09:30:00.000000027,99995,100,99963,100,100012,100,99960,100,100016,100,99956,100,100050,100,99950,100,100058,100,99940,100,100071,100,99938,100,100107,100,99911,100,,,99910,200,,,99898,100,,,99850,100
2019-06-28 09:30:00.000000028,99995,100,99963,100,100012,100,99960,100,100016,100,99956,200,100050,100,99950,100,100058,100,99940,100,100061,100,99938,100,100071,100,99911,100,100107,100,99910,200,100135,100,99898,100,,,99850,100
2019-06-28 09:30:00.000000029,99995,100,99963,100,100012,100,99960,100,100016,100,99956,200,100050,100,99950,100,100058,100,99940,100,100060,100,99938,100,100061,100,99911,100,100071,100,99910,200,100107,100,99898,100,100135,100,99850,100
2019-06-28 09:30:00.000000031,100012,100,99963,100,100016,100,99960,100,100050,100,99956,200,100058,100,99950,100,100060,100,99940,100,100061,100,99938,100,100071,100,99911,100,100107,100,99910,200,100135,100,99898,100,,,99850,100
2019-06-28 09:30:00.000000033,100012,100,99960,100,100016,100,99956,200,100050,100,99950,100,100058,100,99940,100,100060,100,99938,100,100061,100,99911,100,100071,100,99910,200,100107,100,99898,100,100112,100,99850,100,100135,100,99842,100
2019-06-28 09:30:00.000000034,100012,100,99960,100,100016,100,99956,200,100050,100,99950,100,100058,100,99943,100,100060,100,99940,100,100061,100,99938,100,100071,100,99911,100,100107,100,99910,200,100112,100,99898,100,100135,100,99850,100
2019-06-28 09:30:00.000000035,100012,100,99960,100,100016,100,99956,200,100050,100,99950,100,100058,100,99943,100,100060,100,99940,100,100061,100,99938,100,100071,100,99911,100,100107,100,99910,200,100112,100,99898,100,100135,100,99850,100
2019-06-28 09:30:00.000000036,100012,100,99960,100,100016,100,99956,200,100050,100,99950,100,100058,100,99943,100,100060,100,99940,100,100061,100,99938,100,100071,100,99911,100,100107,100,99910,200,100112,100,99898,100,100135,100,99894,100
2019-06-28 09:30:00.000000037,100012,100,99963,100,100016,100,99960,100,100050,100,99956,200,100058,100,99950,100,100060,100,99943,100,100061,100,99940,100,100071,100,99938,100,100107,100,99911,100,100112,100,99910,200,100135,100,99898,100
2019-06-28 09:30:00.000000038,100012,100,99963,100,100016,100,99960,100,100050,100,99956,200,100058,100,99950,100,100060,100,99943,100,100061,100,99940,100,100071,100,99938,100,100107,100,99911,100,100112,100,99910,200,100135,100,99898,100
2019-06-28 09:30:00.000000039,100012,100,100003,100,100016,100,99976,100,100050,100,99963,100,100058,100,99960,100,100060,100,99956,200,100061,100,99950,100,100071,100,99943,100,100107,100,99940,100,100112,100,99938,100,100135,100,99911,100
2019-06-28 09:30:00.000000040,100012,100,100003,100,100016,100,99976,100,100050,100,99963,100,100058,100,99960,100,100060,100,99956,200,100061,100,99950,100,100071,100,99943,100,100107,100,99940,100,100112,100,99938,100,100135,100,99911,100
2019-06-28 09:30:00.000000043,100050,100,100003,100,100058,100,99976,100,100060,100,99963,100,100061,100,99960,100,100071,100,99956,200,100107,100,99950,100,100112,100,99943,100,100135,100,99940,100,100146,100,99938,100,,,99911,100
2019-06-28 09:30:00.000000047,100050,100,99976,100,100058,100,99963,100,100060,100,99960,100,100061,100,99956,200,100071,100,99950,100,100107,100,99943,100,100112,100,99940,100,100135,100,99938,100,100146,100,99911,100,,,99910,200
2019-06-28 09:30:00.000000049,100050,100,99976,100,100058,100,99963,100,100060,100,99960,100,100061,100,99956,200,100071,100,99950,100,100107,100,99943,100,100112,100,99940,100,100135,100,99938,100,100146,100,99911,100,,,99910,200
2019-06-28 09:30:00.000000053,100050,100,100003,100,100058,100,99976,100,100060,100,99963,100,100061,100,99960,100,100071,100,99956,200,100107,100,99950,100,100112,100,99943,100,100135,100,99940,100,100146,100,99938,100,,,99911,100
2019-06-28 09:30:00.000000054,100050,100,100003,100,100058,100,99976,100,100060,100,99963,100,100061,100,99960,100,100071,100,99956,200,100107,100,99950,100,100112,100,99943,100,100127,100,99940,100,100135,100,99938,100,100146,100,99911,100
2019-06-28 09:30:00.000000056,100050,100,100003,100,100058,100,99976,100,100060,100,99963,100,100061,100,99960,100,100071,100,99956,200,100107,100,99950,100,100112,100,99943,100,100127,100,99940,100,100135,100,99938,100,100146,100,99911,100
2019-06-28 09:30:00.000000059,100050,100,100003,100,100058,100,99976,100,100060,100,99963,100,100061,100,99960,100,100071,100,99956,200,100107,100,99950,100,100112,100,99943,100,100127,100,99940,100,100135,100,99938,100,100146,100,99934,100
2019-06-28 09:30:00.000000061,100050,100,100003,100,100058,100,99976,100,100060,100,99963,100,100061,100,99960,100,100065,100,99956,200,100071,100,99950,100,100107,100,99943,100,100112,100,99940,100,100127,100,99938,100,100135,100,99934,100
2019-06-28 09:30:00.000000063,100016,100,100003,100,100050,100,99976,100,100058,100,99963,100,100060,100,99960,100,100061,100,99956,200,100065,100,99950,100,100071,100,99943,100,100107,100,99940,100,100112,100,99938,100,100127,100,99934,100
2019-06-28 09:30:00.000000070,100016,100,100003,100,100044,100,99976,100,100050,100,99963,100,100058,100,99960,100,100060,100,99956,200,100061,100,99950,100,100065,100,99943,100,100071,100,99940,100,100107,100,99938,100,100112,100,99934,100
2019-06-28 09:30:00.000000072,100016,100,100003,100,100044,100,99976,100,100050,100,99963,100,100058,100,99960,100,100060,100,99956,200,100061,100,99950,100,100065,100,99943,100,100071,100,99940,200,100107,100,99938,100,100112,100,99934,100
2019-06-28 09:30:00.000000074,100016,100,100003,200,100044,100,99976,100,100050,100,99963,100,100058,100,99960,100,100060,100,99956,200,100061,100,99950,100,100065,100,99943,100,100071,100,99940,200,100107,100,99938,100,100112,100,99934,100
2019-06-28 09:30:00.000000075,100016,100,100003,200,100044,100,99976,100,100050,100,99963,100,100058,100,99960,100,100060,100,99956,200,100061,100,99950,100,100065,100,99943,100,100071,100,99940,200,100107,100,99938,100,100112,100,99935,100
2019-06-28 09:30:00.000000078,100016,100,100003,200,100044,100,99976,100,100050,100,99963,100,100058,100,99960,100,100060,100,99956,200,100061,100,99950,100,100065,100,99943,100,100071,100,99940,200,100107,100,99938,100,100112,100,99935,100
2019-06-28 09:30:00.000000089,100016,100,100003,300,100044,100,99976,100,100050,100,99963,100,100058,100,99960,100,100060,100,99956,200,100061,100,99950,100,100065,100,99943,100,100071,100,99940,200,100107,100,99938,100,100112,100,99935,100
2019-06-28 09:30:00.000000092,100016,100,100003,300,100040,100,99976,100,100044,100,99963,100,100050,100,99960,100,100058,100,99956,200,100060,100,99950,100,100061,100,99943,100,100065,100,99940,200,100071,100,99938,100,100107,100,99935,100
2019-06-28 09:30:00.000000093,100016,100,100003,300,100040,100,99976,100,100044,100,99963,100,100050,100,99960,100,100058,100,99956,200,100060,100,99950,100,100061,100,99943,100,100065,100,99940,200,100071,100,99938,100,100093,100,99935,100
2019-06-28 09:30:00.000000095,100016,100,100003,400,100040,100,99976,100,100044,100,99963,100,100050,100,99960,100,100058,100,99956,200,100060,100,99950,100,100061,100,99943,100,100065,100,99940,200,100071,100,99938,100,100093,100,99935,100
2019-06-28 09:30:00.000000096,100016,100,100003,400,100040,100,99976,100,100044,100,99963,100,100050,100,99960,100,100058,100,99956,200,100060,100,99950,100,100061,100,99943,100,100065,100,99940,200,100071,100,99938,100,100093,100,99935,100
2019-06-28 09:30:00.000000098,100040,100,100003,400,100044,100,99976,100,100050,100,99963,100,100058,100,99960,100,100060,100,99956,200,100061,100,99950,100,100065,100,99943,100,100071,100,99940,200,100093,100,99938,100,100107,100,99935,100
2019-06-28 09:30:00.000000099,100016,100,100003,400,100040,100,99976,100,100041,100,99963,100,100044,100,99960,100,100050,100,99956,200,100058,100,99950,100,100060,100,99943,100,100061,100,99940,200,100065,100,99938,100,100071,100,99935,100
2019-06-28 09:30:04.452985680,100016,100,100003,400,100040,100,99976,100,100041,100,99963,100,100044,100,99956,200,100050,100,99950,100,100058,100,99943,100,100060,100,99940,200,100061,100,99938,100,100065,100,99935,100,100071,100,99934,100
2019-06-28 09:30:10.000000000,100016,504,100003,804,100040,100,99976,100,100041,100,99963,100,100044,100,99956,200,100050,100,99950,100,100058,100,99943,100,100060,100,99940,200,100061,100,99938,100,100065,100,99935,100,100071,100,99934,100
2019-06-28 09:30:18.900033090,100016,504,100003,804,100040,100,99976,100,100041,100,99963,100,100044,100,99956,100,100050,100,99950,100,100058,100,99943,100,100060,100,99940,200,100061,100,99938,100,100065,100,99935,100,100071,200,99934,100
2019-06-28 09:30:20.000000000,100016,302,100003,602,100040,302,99976,302,100041,100,99963,100,100044,100,99956,100,100050,100,99950,100,100058,100,99943,100,100060,100,99940,200,100061,100,99938,100,100065,100,99935,100,100071,200,99934,100
2019-06-28 09:30:28.925743039,100016,302,100003,502,100040,302,99976,302,100041,100,99963,100,100044,100,99956,100,100050,100,99950,100,100058,100,99943,100,100060,100,99940,200,100061,100,99938,100,100065,100,99935,100,100071,200,99934,100
2019-06-28 09:30:30.000000000,100016,237,100003,437,100040,233,99976,233,100041,233,99963,233,100044,100,99956,100,100050,100,99950,100,100058,100,99943,100,100060,100,99940,200,100061,100,99938,100,100065,100,99935,100,100071,200,99934,100
2019-06-28 09:30:40.000000000,100016,237,100003,437,100040,233,99976,233,100041,233,99963,233,100044,100,99956,100,100050,100,99950,100,100058,100,99943,100,100060,100,99940,200,100061,100,99938,100,100065,100,99935,100,100071,200,99934,100
2019-06-28 09:30:50.000000000,100016,201,100003,401,100040,201,99976,201,100041,201,99963,201,100044,201,99956,201,100050,100,99950,100,100058,100,99943,100,100060,100,99940,200,100061,100,99938,100,100065,100,99935,100,100071,200,99934,100
2019-06-28 09:31:00.000000000,100016,201,100003,401,100040,201,99976,201,100041,201,99963,201,100044,201,99956,201,100050,100,99950,100,100058,100,99943,100,100060,100,99940,200,100061,100,99938,100,100065,100,99935,100,100071,200,99934,100
2019-06-28 09:31:10.000000000,100016,181,100003,381,100040,181,99976,181,100041,181,99963,181,100044,181,99956,181,100050,181,99950,181,100058,100,99943,100,100060,100,99940,200,100061,100,99938,100,100065,100,99935,100,100071,200,99934,100
2019-06-28 09:31:13.430573873,100016,181,100003,281,100040,181,99976,181,100041,181,99963,181,100044,181,99956,181,100050,181,99950,181,100058,100,99940,200,100060,100,99938,100,100061,100,99935,100,100065,100,99934,100,100071,200,99911,100
2019-06-28 09:31:20.000000000,100016,302,100003,402,100040,302,99976,302,100041,100,99963,100,100044,100,99956,100,100050,100,99950,100,100058,100,99940,200,100060,100,99938,100,100061,100,99935,100,100065,100,99934,100,100071,200,99911,100
2019-06-28 09:31:30.000000000,100016,201,100003,301,100040,201,99976,201,100041,201,99963,201,100044,201,99956,201,100050,100,99950,100,100058,100,99940,200,100060,100,99938,100,100061,100,99935,100,100065,100,99934,100,100071,200,99911,100
2019-06-28 09:31:32.505801932,100016,201,100003,201,100040,201,99976,201,100041,201,99963,201,100044,201,99956,201,100050,100,99950,100,100058,100,99940,200,100060,100,99938,100,100061,100,99935,100,100065,100,99934,100,100071,200,99910,100
2019-06-28 09:31:36.656964563,100016,201,100003,101,100040,201,99976,201,100041,201,99963,201,100044,201,99956,201,100050,100,99950,100,100058,100,99940,200,100060,100,99938,100,100061,100,99935,100,100065,100,99934,100,100071,200,99910,100
2019-06-28 09:31:36.911610729,100016,201,100003,1,100040,201,99976,201,100041,201,99963,201,100044,201,99956,201,100050,100,99950,100,100060,100,99940,200,100061,100,99938,100,100065,100,99935,100,100071,200,99934,100,100093,100,99910,100
2019-06-28 09:31:40.000000000,100016,237,99976,237,100040,233,99963,233,100041,233,99956,233,100044,100,99950,100,100050,100,99940,200,100060,100,99938,100,100061,100,99935,100,100065,100,99934,100,100071,200,99910,100,100093,100,99903,100
2019-06-28 09:31:49.767743913,100016,237,99976,237,100040,233,99963,233,100041,233,99956,233,100044,100,99950,100,100050,100,99940,100,100060,100,99938,100,100061,100,99935,100,100065,100,99934,100,100071,200,99910,100,100093,100,99903,100
2019-06-28 09:31:50.000000000,100016,181,99976,181,100040,181,99963,181,100041,181,99956,181,100044,181,99950,181,100050,181,99940,181,100060,100,99938,100,100061,100,99935,100,100065,100,99934,100,100071,200,99910,100,100093,100,99903,100
2019-06-28 09:31:50.534108590,100016,181,99976,181,100040,181,99963,181,100041,81,99956,181,100044,181,99950,181,100050,181,99940,181,100060,100,99938,100,100061,100,99935,100,100065,100,99934,100,100071,200,99910,100,100093,100,99903,100
2019-06-28 09:31:53.906457042,100016,181,99976,81,100040,81,99963,181,100041,81,99956,181,100044,181,99950,181,100050,181,99940,181,100060,100,99938,100,100061,100,99935,100,100065,100,99934,100,100071,200,99910,100,100093,100,99903,100
2019-06-28 09:32:00.000000000,100016,237,99963,237,100044,233,99956,233,100050,233,99950,233,100060,100,99940,100,100061,100,99938,100,100065,100,99935,100,100071,200,99934,100,100093,100,99910,100,100107,100,99903,100,100112,200,99898,100
2019-06-28 09:32:09.056556572,100016,237,99963,237,100044,233,99956,233,100050,233,99950,233,100060,100,99940,100,100061,100,99938,100,100065,100,99935,100,100071,200,99934,100,100093,100,99910,100,100107,100,99903,100,100112,200,99898,100
2019-06-28 09:32:10.000000000,100016,237,99963,237,100044,233,99956,233,100050,233,99950,233,100060,100,99940,100,100061,100,99938,100,100065,100,99935,100,100071,200,99934,100,100093,100,99910,100,100107,100,99903,100,100112,200,99898,100
2019-06-28 09:32:20.000000000,100016,181,99963,181,100044,181,99956,181,100050,181,99950,181,100060,181,99940,181,100061,181,99938,181,100065,100,99935,100,100071,200,99934,100,100093,100,99910,100,100107,100,99903,100,100112,200,99898,100
2019-06-28 09:32:30.000000000,100016,302,99963,302,100044,302,99956,302,100050,100,99950,100,100060,100,99940,100,100061,100,99938,100,100065,100,99935,100,100071,200,99934,100,100093,100,99910,100,100107,100,99903,100,100112,200,99898,100
2019-06-28 09:32:40.000000000,100016,302,99963,302,100044,302,99956,302,100050,100,99950,100,100060,100,99940,100,100061,100,99938,100,100065,100,99935,100,100071,200,99934,100,100093,100,99910,100,100107,100,99903,100,100112,200,99898,100
2019-06-28 09:32:42.859213235,100016,302,99963,202,100044,302,99956,302,100050,100,99950,100,100060,100,99940,100,100061,100,99938,100,100065,100,99935,100,100071,200,99910,100,100093,100,99903,100,100107,100,99898,100,100112,200,99881,100
2019-06-28 09:32:50.000000000,100016,504,99956,504,100044,100,99950,100,100050,100,99940,100,100060,100,99938,100,100061,100,99935,100,100065,100,99910,100,100071,200,99903,100,100093,100,99898,100,100107,100,99881,100,100112,200,99880,100
2019-06-28 09:33:00.000000000,100016,504,99956,504,100044,100,99950,100,100050,100,99940,100,100060,100,99938,100,100061,100,99935,100,100065,100,99910,100,100071,200,99903,100,100093,100,99898,100,100107,100,99881,100,100112,200,99880,100
2019-06-28 09:33:08.408144666,100016,504,99956,404,100044,100,99950,100,100050,100,99940,100,100060,100,99938,100,100061,100,99935,100,100065,100,99910,100,100071,200,99898,100,100093,100,99881,100,100107,100,99880,100,100112,200,99873,100
2019-06-28 09:33:10.000000000,100016,201,99950,201,100044,201,99940,201,100050,201,99938,201,100060,201,99935,201,100061,100,99910,100,100065,100,99898,100,100071,200,99881,100,100093,100,99880,100,100107,100,99873,100,100112,200,99865,100
2019-06-28 09:33:12.121178941,100016,201,99950,101,100044,201,99940,201,100050,201,99938,201,100060,201,99935,201,100061,100,99910,100,100065,100,99898,100,100071,100,99881,100,100093,100,99880,100,100107,100,99873,100,100112,200,99865,100
2019-06-28 09:33:20.000000000,100016,237,99940,237,100044,233,99938,233,100050,233,99935,233,100060,100,99910,100,100061,100,99898,100,100065,100,99881,100,100071,100,99880,100,100093,100,99873,100,100107,100,99865,100,100112,200,99850,100
2019-06-28 09:33:23.215825737,99956,100,99940,237,100016,237,99938,233,100044,233,99935,233,100050,233,99910,100,100060,100,99898,100,100061,100,99881,100,100065,100,99880,100,100071,100,99873,100,100093,100,99865,100,100107,100,99850,100
2019-06-28 09:33:30.000000000,99956,201,99940,201,100016,201,99938,201,100044,201,99935,201,100050,201,99910,201,100060,100,99898,100,100061,100,99881,100,100065,100,99880,100,100071,100,99873,100,100093,100,99865,100,100107,100,99850,100
2019-06-28 09:33:40.000000000,99956,237,99940,237,100016,233,99938,233,100044,233,99935,233,100050,100,99910,100,100060,100,99898,100,100061,100,99881,100,100065,100,99880,100,100071,100,99873,100,100093,100,99865,100,100107,100,99850,100
2019-06-28 09:33:43.086606404,99956,337,99940,237,100016,233,99938,233,100044,233,99935,233,100050,100,99910,100,100060,100,99898,100,100061,100,99881,100,100065,100,99880,100,100071,100,99873,100,100093,100,99865,100,100107,100,99850,100
2019-06-28 09:33:46.932477150,99956,437,99940,237,100016,233,99938,233,100044,233,99935,233,100050,100,99910,100,100060,100,99898,100,100061,100,99881,100,100065,100,99880,100,100071,100,99873,100,100093,100,99865,100,100107,100,99850,100
2019-06-28 09:33:50.000000000,99956,704,99940,504,100016,100,99938,100,100044,100,99935,100,100050,100,99910,100,100060,100,99898,100,100061,100,99881,100,100065,100,99880,100,100071,100,99873,100,100093,100,99865,100,100107,100,99850,100
2019-06-28 09:34:00.000000000,99956,704,99940,504,100016,100,99938,100,100044,100,99935,100,100050,100,99910,100,100060,100,99898,100,100061,100,99881,100,100065,100,99880,100,100071,100,99873,100,100093,100,99865,100,100107,100,99850,100
2019-06-28 09:34:10.000000000,99956,381,99940,181,100016,181,99938,181,100044,181,99935,181,100050,181,99910,181,100060,181,99898,181,100061,100,99881,100,100065,100,99880,100,100071,100,99873,100,100093,100,99865,100,100107,100,99850,100
2019-06-28 09:34:13.380835098,99956,381,99940,81,100016,181,99938,181,100044,181,99935,181,100050,181,99910,181,100060,181,99898,181,100061,100,99881,100,100065,100,99880,100,100071,100,99873,100,100093,100,99865,100,100107,100,99850,100
2019-06-28 09:34:19.198245153,99940,19,99938,181,99956,381,99935,181,100016,181,99910,181,100044,181,99898,181,100050,181,99881,100,100060,181,99880,100,100061,100,99873,100,100065,100,99865,100,100071,100,99850,100,100093,100,99842,100
2019-06-28 09:34:20.000000000,99940,423,99938,504,99956,300,99935,100,100016,100,99910,100,100044,100,99898,100,100050,100,99881,100,100060,100,99880,100,100061,100,99873,100,100065,100,99865,100,100071,100,99850,100,100093,100,99842,100
2019-06-28 09:34:21.221556740,99940,423,99938,504,99950,100,99935,100,99956,200,99910,100,100016,100,99898,100,100044,100,99881,100,100050,100,99880,100,100060,100,99873,100,100061,100,99865,100,100065,100,99850,100,100071,100,99842,100
2019-06-28 09:34:25.567030846,99940,423,99938,504,99950,100,99935,100,99956,200,99910,100,100016,100,99898,100,100044,100,99881,100,100050,100,99880,100,100060,100,99873,100,100061,100,99865,100,100065,100,99850,100,100071,100,99842,100
2019-06-28 09:34:26.969029997,99940,423,99938,504,99950,100,99935,100,99956,200,99910,100,100016,100,99898,100,100044,100,99881,100,100050,100,99880,100,100060,100,99873,100,100061,100,99865,100,100065,100,99850,100,100071,100,99842,100
2019-06-28 09:34:30.000000000,99940,120,99938,201,99950,201,99935,201,99956,301,99910,201,100016,201,99898,201,100044,100,99881,100,100050,100,99880,100,100060,100,99873,100,100061,100,99865,100,100065,100,99850,100,100071,100,99842,100
2019-06-28 09:34:38.811863309,99940,120,99938,201,99950,201,99935,201,99956,301,99910,201,100016,201,99898,201,100044,100,99881,100,100050,100,99880,100,100060,100,99873,100,100061,100,99865,100,100065,100,99850,100,100071,100,99842,100
2019-06-28 09:34:40.000000000,99940,221,99938,302,99950,302,99935,302,99956,200,99910,100,100016,100,99898,100,100044,100,99881,100,100050,100,99880,100,100060,100,99873,100,100061,100,99865,100,100065,100,99850,100,100071,100,99842,100
2019-06-28 09:34:45.139097143,99940,221,99938,202,99950,302,99935,302,99956,200,99910,100,100016,100,99898,100,100050,100,99881,100,100060,100,99880,100,100061,100,99873,100,100065,100,99865,100,100071,100,99850,100,100093,100,99842,100
2019-06-28 09:34:50.000000000,99940,221,99935,302,99950,302,99910,302,99956,200,99898,100,100016,100,99881,100,100050,100,99880,100,100060,100,99873,100,100061,100,99865,100,100065,100,99850,100,100071,100,99842,100,100093,100,99804,100
2019-06-28 09:35:00.000000000,99940,156,99935,237,99950,233,99910,233,99956,333,99898,233,100016,100,99881,100,100050,100,99880,100,100060,100,99873,100,100061,100,99865,100,100065,100,99850,100,100071,100,99842,100,100093,100,99804,100
2019-06-28 09:35:10.000000000,99940,156,99935,237,99950,233,99910,233,99956,333,99898,233,100016,100,99881,100,100050,100,99880,100,100060,100,99873,100,100061,100,99865,100,100065,100,99850,100,100071,100,99842,100,100093,100,99804,100
2019-06-28 09:35:20.000000000,99940,221,99935,302,99950,302,99910,302,99956,200,99898,100,100016,100,99881,100,100050,100,99880,100,100060,100,99873,100,100061,100,99865,100,100065,100,99850,100,100071,100,99842,100,100093,100,99804,100
2019-06-28 09:35:30.000000000,99940,156,99935,237,99950,233,99910,233,99956,333,99898,233,100016,100,99881,100,100050,100,99880,100,100060,100,99873,100,100061,100,99865,100,100065,100,99850,100,100071,100,99842,100,100093,100,99804,100
2019-06-28 09:35:40.000000000,99940,120,99935,201,99950,201,99910,201,99956,301,99898,201,100016,201,99881,201,100050,100,99880,100,100060,100,99873,100,100061,100,99865,100,100065,100,99850,100,100071,100,99842,100,100093,100,99804,100
2019-06-28 09:35:41.493551171,99940,120,99935,201,99950,201,99910,201,99956,301,99898,201,100016,201,99881,201,100050,100,99880,100,100060,100,99873,100,100061,100,99865,100,100065,100,99850,100,100071,100,99842,100,100093,100,99804,100
2019-06-28 09:35:50.000000000,99940,100,99935,181,99950,181,99910,181,99956,281,99898,181,100016,181,99881,181,100050,181,99880,181,100060,100,99873,100,100061,100,99865,100,100065,100,99850,100,100071,100,99842,100,100093,100,99804,100
2019-06-28 09:36:00.000000000,99940,423,99935,504,99950,100,99910,100,99956,200,99898,100,100016,100,99881,100,100050,100,99880,100,100060,100,99873,100,100061,100,99865,100,100065,100,99850,100,100071,100,99842,100,100093,100,99804,100
2019-06-28 09:36:10.000000000,99940,423,99935,504,99950,100,99910,100,99956,200,99898,100,100016,100,99881,100,100050,100,99880,100,100060,100,99873,100,100061,100,99865,100,100065,100,99850,100,100071,100,99842,100,100093,100,99804,100
2019-06-28 09:36:12.332507559,99940,423,99935,504,99950,100,99910,100,99956,200,99898,100,100016,100,99881,100,100050,100,99880,100,100060,100,99873,100,100061,100,99850,100,100065,100,99842,100,100071,100,99804,100,100093,100,99803,100
2019-06-28 09:36:20.000000000,99940,120,99935,201,99950,201,99910,201,99956,301,99898,201,100016,201,99881,201,100050,100,99880,100,100060,100,99873,100,100061,100,99850,100,100065,100,99842,100,100071,100,99804,100,100093,100,99803,100
2019-06-28 09:36:30.000000000,99940,423,99935,504,99950,100,99910,100,99956,200,99898,100,100016,100,99881,100,100050,100,99880,100,100060,100,99873,100,100061,100,99850,100,100065,100,99842,100,100071,100,99804,100,100093,100,99803,100
2019-06-28 09:36:39.075177898,99939,100,99935,504,99940,423,99910,100,99950,100,99898,100,99956,200,99881,100,100016,100,99880,100,100050,100,99873,100,100060,100,99850,100,100061,100,99842,100,100065,100,99804,100,100071,100,99803,100
2019-06-28 09:36:40.000000000,99939,181,99935,181,99940,100,99910,181,99950,181,99898,181,99956,281,99881,181,100016,181,99880,181,100050,100,99873,100,100060,100,99850,100,100061,100,99842,100,100065,100,99804,100,100071,100,99803,100
2019-06-28 09:36:50.000000000,99939,201,99935,201,99940,120,99910,201,99950,201,99898,201,99956,301,99881,201,100016,100,99880,100,100050,100,99873,100,100060,100,99850,100,100061,100,99842,100,100065,100,99804,100,100071,100,99803,100
2019-06-28 09:36:52.758314931,99939,201,99935,201,99940,120,99910,201,99950,201,99898,201,99956,301,99881,201,100016,100,99880,100,100060,100,99873,100,100061,100,99850,100,100065,100,99842,100,100071,100,99804,100,100093,100,99803,100
2019-06-28 09:36:57.222707523,99939,201,99935,101,99940,120,99910,201,99950,201,99898,201,99956,301,99881,201,100016,100,99880,100,100060,100,99873,100,100061,100,99850,100,100065,100,99842,100,100071,100,99804,100,100093,100,99803,100
2019-06-28 09:36:57.531984069,99939,201,99935,101,99940,120,99910,201,99950,201,99898,201,99956,301,99881,201,100016,100,99880,100,100060,100,99873,100,100061,100,99850,100,100065,100,99842,100,100071,100,99804,100,100093,100,99803,100
2019-06-28 09:37:00.000000000,99939,237,99910,237,99940,152,99898,233,99950,233,99881,233,99956,200,99880,100,100016,100,99873,100,100060,100,99850,100,100061,100,99842,100,100065,100,99804,100,100071,100,99803,100,100093,100,99757,100
2019-06-28 09:37:10.000000000,99939,237,99910,237,99940,152,99898,233,99950,233,99881,233,99956,200,99880,100,100016,100,99873,100,100060,100,99850,100,100061,100,99842,100,100065,100,99804,100,100071,100,99803,100,100093,100,99757,100
2019-06-28 09:37:20.000000000,99939,302,99910,302,99940,221,99898,302,99950,100,99881,100,99956,200,99880,100,100016,100,99873,100,100060,100,99850,100,100061,100,99842,100,100065,100,99804,100,100071,100,99803,100,100093,100,99757,100
2019-06-28 09:37:30.000000000,99939,181,99910,181,99940,100,99898,181,99950,181,99881,181,99956,281,99880,181,100016,181,99873,181,100060,100,99850,100,100061,100,99842,100,100065,100,99804,100,100071,100,99803,100,100093,100,99757,100
2019-06-28 09:37:40.000000000,99939,181,99910,181,99940,100,99898,181,99950,181,99881,181,99956,281,99880,181,100016,181,99873,181,100060,100,99850,100,100061,100,99842,100,100065,100,99804,100,100071,100,99803,100,100093,100,99757,100
2019-06-28 09:37:50.000000000,99939,302,99910,302,99940,221,99898,302,99950,100,99881,100,99956,200,99880,100,100016,100,99873,100,100060,100,99850,100,100061,100,99842,100,100065,100,99804,100,100071,100,99803,100,100093,100,99757,100
2019-06-28 09:38:00.000000000,99939,504,99910,504,99940,19,99898,100,99950,100,99881,100,99956,200,99880,100,100016,100,99873,100,100060,100,99850,100,100061,100,99842,100,100065,100,99804,100,100071,100,99803,100,100093,100,99757,100
2019-06-28 09:38:00.358871957,99939,504,99910,404,99940,19,99898,100,99950,100,99881,100,99956,200,99880,100,100016,100,99873,100,100060,100,99850,100,100061,100,99842,100,100065,100,99804,100,100071,100,99803,100,100093,100,99757,100
2019-06-28 09:38:01.709690161,99939,504,99910,304,99940,19,99898,100,99950,100,99881,100,99956,200,99880,100,100016,100,99873,100,100060,100,99850,100,100061,100,99842,100,100065,100,99804,100,100071,100,99803,100,100093,100,99757,100
2019-06-28 09:38:10.000000000,99939,504,99898,504,99940,19,99881,100,99950,100,99880,100,99956,200,99873,100,100016,100,99850,100,100060,100,99842,100,100061,100,99804,100,100065,100,99803,100,100071,100,99757,100,100093,100,99688,100
2019-06-28 09:38:20.000000000,99939,504,99898,504,99940,19,99881,100,99950,100,99880,100,99956,200,99873,100,100016,100,99850,100,100060,100,99842,100,100061,100,99804,100,100065,100,99803,100,100071,100,99757,100,100093,100,99688,100
2019-06-28 09:38:30.000000000,99939,181,99898,181,99940,100,99881,181,99950,181,99880,181,99956,281,99873,181,100016,181,99850,181,100060,100,99842,100,100061,100,99804,100,100065,100,99803,100,100071,100,99757,100,100093,100,99688,100
2019-06-28 09:38:40.000000000,99939,181,99898,181,99940,100,99881,181,99950,181,99880,181,99956,281,99873,181,100016,181,99850,181,100060,100,99842,100,100061,100,99804,100,100065,100,99803,100,100071,100,99757,100,100093,100,99688,100
2019-06-28 09:38:50.000000000,99939,201,99898,201,99940,120,99881,201,99950,201,99880,201,99956,301,99873,201,100016,100,99850,100,100060,100,99842,100,100061,100,99804,100,100065,100,99803,100,100071,100,99757,100,100093,100,99688,100
2019-06-28 09:39:00.000000000,99939,201,99898,201,99940,120,99881,201,99950,201,99880,201,99956,301,99873,201,100016,100,99850,100,100060,100,99842,100,100061,100,99804,100,100065,100,99803,100,100071,100,99757,100,100093,100,99688,100
2019-06-28 09:39:10.000000000,99939,181,99898,181,99940,100,99881,181,99950,181,99880,181,99956,281,99873,181,100016,181,99850,181,100060,100,99842,100,100061,100,99804,100,100065,100,99803,100,100071,100,99757,100,100093,100,99688,100
2019-06-28 09:39:20.000000000,99939,181,99898,181,99940,100,99881,181,99950,181,99880,181,99956,281,99873,181,100016,181,99850,181,100060,100,99842,100,100061,100,99804,100,100065,100,99803,100,100071,100,99757,100,100093,100,99688,100
2019-06-28 09:39:30.000000000,99939,504,99898,504,99940,19,99881,100,99950,100,99880,100,99956,200,99873,100,100016,100,99850,100,100060,100,99842,100,100061,100,99804,100,100065,100,99803,100,100071,100,99757,100,100093,100,99688,100
2019-06-28 09:39:40.000000000,99939,237,99898,237,99940,152,99881,233,99950,233,99880,233,99956,200,99873,100,100016,100,99850,100,100060,100,99842,100,100061,100,99804,100,100065,100,99803,100,100071,100,99757,100,100093,100,99688,100
2019-06-28 09:39:48.169601463,99939,137,99898,237,99940,152,99881,233,99950,233,99880,233,99956,200,99873,100,100016,100,99850,100,100060,100,99842,100,100061,100,99804,100,100065,100,99803,100,100071,100,99757,100,100093,100,99688,100
2019-06-28 09:39:50.000000000,99940,221,99898,302,99950,302,99881,302,99956,200,99880,100,100016,100,99873,100,100060,100,99850,100,100061,100,99842,100,100065,100,99804,100,100071,100,99803,100,100093,100,99757,100,100112,100,99688,100
2019-06-28 09:40:00.000000000,99940,423,99898,504,99950,100,99881,100,99956,200,99880,100,100016,100,99873,100,100060,100,99850,100,100061,100,99842,100,100065,100,99804,100,100071,100,99803,100,100093,100,99757,100,100112,100,99688,100
2019-06-28 09:40:01.292281919,99940,423,99898,504,99950,100,99881,100,99956,200,99880,100,100016,100,99873,100,100060,100,99850,100,100065,100,99842,100,100071,100,99804,100,100093,100,99803,100,100112,100,99757,100,100135,100,99688,100
2019-06-28 09:40:03.186560455,99940,423,99898,504,99950,100,99881,100,99956,200,99880,100,100016,100,99873,100,100060,100,99850,100,100065,100,99842,100,100071,100,99804,100,100093,100,99803,100,100112,100,99757,100,100135,100,99688,100
2019-06-28 09:40:10.000000000,99940,423,99898,504,99950,100,99881,100,99956,200,99880,100,100016,100,99873,100,100060,100,99850,100,100065,100,99842,100,100071,100,99804,100,100093,100,99803,100,100112,100,99757,100,100135,100,99688,100
2019-06-28 09:40:20.000000000,99940,120,99898,201,99950,201,99881,201,99956,301,99880,201,100016,201,99873,201,100060,100,99850,100,100065,100,99842,100,100071,100,99804,100,100093,100,99803,100,100112,100,99757,100,100135,100,99688,100
2019-06-28 09:40:22.109442757,99940,20,99898,201,99950,201,99881,201,99956,301,99880,201,100016,201,99873,201,100060,100,99850,100,100065,100,99842,100,100071,100,99804,100,100093,100,99803,100,100112,100,99757,100,100135,100,99688,100
2019-06-28 09:40:30.000000000,99950,504,99898,504,99956,200,99881,100,100016,100,99880,100,100060,100,99873,100,100065,100,99850,100,100071,100,99842,100,100093,100,99804,100,100112,100,99803,100,100135,100,99757,100,100155,100,99688,100
2019-06-28 09:40:40.000000000,99950,302,99898,302,99956,402,99881,302,100016,100,99880,100,100060,100,99873,100,100065,100,99850,100,100071,100,99842,100,100093,100,99804,100,100112,100,99803,100,100135,100,99757,100,100155,100,99688,100
2019-06-28 09:40:50.000000000,99950,504,99898,504,99956,200,99881,100,100016,100,99880,100,100060,100,99873,100,100065,100,99850,100,100071,100,99842,100,100093,100,99804,100,100112,100,99803,100,100135,100,99757,100,100155,100,99688,100
2019-06-28 09:41:00.000000000,99950,237,99898,237,99956,333,99881,233,100016,233,99880,233,100060,100,99873,100,100065,100,99850,100,100071,100,99842,100,100093,100,99804,100,100112,100,99803,100,100135,100,99757,100,100155,100,99688,100
2019-06-28 09:41:10.000000000,99950,504,99898,504,99956,200,99881,100,100016,100,99880,100,100060,100,99873,100,100065,100,99850,100,100071,100,99842,100,100093,100,99804,100,100112,100,99803,100,100135,100,99757,100,100155,100,99688,100
2019-06-28 09:41:10.887171804,99950,504,99939,100,99956,200,99898,504,100016,100,99881,100,100060,100,99880,100,100065,100,99873,100,100071,100,99850,100,100093,100,99842,100,100112,100,99804,100,100135,100,99803,100,100155,100,99757,100
2019-06-28 09:41:13.635444188,99950,504,99939,200,99956,200,99898,504,100016,100,99881,100,100060,100,99880,100,100065,100,99873,100,100071,100,99850,100,100093,100,99842,100,100112,100,99804,100,100135,100,99803,100,100155,100,99757,100
2019-06-28 09:41:20.000000000,99950,201,99939,301,99956,301,99898,201,100016,201,99881,201,100060,201,99880,201,100065,100,99873,100,100071,100,99850,100,100093,100,99842,100,100112,100,99804,100,100135,100,99803,100,100155,100,99757,100
2019-06-28 09:41:30.000000000,99950,201,99939,301,99956,301,99898,201,100016,201,99881,201,100060,201,99880,201,100065,100,99873,100,100071,100,99850,100,100093,100,99842,100,100112,100,99804,100,100135,100,99803,100,100155,100,99757,100
2019-06-28 09:41:40.000000000,99950,302,99939,402,99956,402,99898,302,100016,100,99881,100,100060,100,99880,100,100065,100,99873,100,100071,100,99850,100,100093,100,99842,100,100112,100,99804,100,100135,100,99803,100,100155,100,99757,100
2019-06-28 09:41:45.571681669,99950,302,99939,402,99956,402,99898,302,100016,100,99881,100,100060,100,99880,100,100065,100,99873,100,100071,100,99850,100,100093,100,99842,100,100107,100,99804,100,100112,100,99803,100,100135,100,99688,100
2019-06-28 09:41:50.000000000,99950,504,99939,604,99956,200,99898,100,100016,100,99881,100,100060,100,99880,100,100065,100,99873,100,100071,100,99850,100,100093,100,99842,100,100107,100,99804,100,100112,100,99803,100,100135,100,99688,100
2019-06-28 09:42:00.000000000,99950,302,99939,402,99956,402,99898,302,100016,100,99881,100,100060,100,99880,100,100065,100,99873,100,100071,100,99850,100,100093,100,99842,100,100107,100,99804,100,100112,100,99803,100,100135,100,99688,100
2019-06-28 09:42:10.000000000,99950,302,99939,402,99956,402,99898,302,100016,100,99881,100,100060,100,99880,100,100065,100,99873,100,100071,100,99850,100,100093,100,99842,100,100107,100,99804,100,100112,100,99803,100,100135,100,99688,100
2019-06-28 09:42:18.604226471,99950,302,99939,402,99956,402,99898,302,100016,100,99881,100,100060,100,99880,100,100065,100,99873,100,100071,100,99850,100,100093,100,99842,100,100107,100,99804,100,100112,100,99803,100,100135,200,99688,100
2019-06-28 09:42:20.000000000,99950,237,99939,337,99956,333,99898,233,100016,233,99881,233,100060,100,99880,100,100065,100,99873,100,100071,100,99850,100,100093,100,99842,100,100107,100,99804,100,100112,100,99803,100,100135,200,99688,100
2019-06-28 09:42:27.249070500,99950,137,99939,337,99956,333,99898,233,100016,233,99881,233,100060,100,99880,100,100065,100,99873,100,100071,100,99850,100,100093,100,99842,100,100107,100,99804,100,100112,100,99803,100,100135,200,99688,100
2019-06-28 09:42:30.000000000,99956,402,99939,402,100016,302,99898,302,100060,100,99881,100,100065,100,99880,100,100071,100,99873,100,100093,100,99850,100,100107,100,99842,100,100112,100,99804,100,100135,200,99803,100,100155,100,99688,100
2019-06-28 09:42:40.000000000,99956,281,99939,281,100016,181,99898,181,100060,181,99881,181,100065,181,99880,181,100071,181,99873,181,100093,100,99850,100,100107,100,99842,100,100112,100,99804,100,100135,200,99803,100,100155,100,99688,100
2019-06-28 09:42:47.248436226,99956,281,99940,100,100016,181,99939,281,100060,181,99898,181,100065,181,99881,181,100071,181,99880,181,100093,100,99873,181,100107,100,99850,100,100112,100,99842,100,100135,200,99804,100,100155,100,99803,100
2019-06-28 09:42:49.907357998,99956,281,99940,100,100016,181,99939,281,100060,181,99898,181,100065,181,99881,181,100071,181,99880,181,100093,100,99873,181,100107,100,99850,100,100112,100,99842,100,100135,200,99803,100,100155,100,99688,100
2019-06-28 09:42:50.000000000,99956,402,99940,302,100016,302,99939,402,100060,100,99898,100,100065,100,99881,100,100071,100,99880,100,100093,100,99873,100,100107,100,99850,100,100112,100,99842,100,100135,200,99803,100,100155,100,99688,100
2019-06-28 09:43:00.000000000,99956,301,99940,201,100016,201,99939,301,100060,201,99898,201,100065,201,99881,201,100071,100,99880,100,100093,100,99873,100,100107,100,99850,100,100112,100,99842,100,100135,200,99803,100,100155,100,99688,100
2019-06-28 09:43:10.000000000,99956,402,99940,302,100016,302,99939,402,100060,100,99898,100,100065,100,99881,100,100071,100,99880,100,100093,100,99873,100,100107,100,99850,100,100112,100,99842,100,100135,200,99803,100,100155,100,99688,100
2019-06-28 09:43:14.623232366,99956,402,99940,302,100016,302,99939,402,100060,100,99898,100,100065,100,99881,100,100071,100,99880,100,100093,100,99873,100,100107,100,99850,100,100112,100,99842,100,100135,200,99803,100,100155,100,99688,100
2019-06-28 09:43:20.000000000,99956,337,99940,237,100016,233,99939,333,100060,233,99898,233,100065,100,99881,100,100071,100,99880,100,100093,100,99873,100,100107,100,99850,100,100112,100,99842,100,100135,200,99803,100,100155,100,99688,100
2019-06-28 09:43:30.000000000,99956,301,99940,201,100016,201,99939,301,100060,201,99898,201,100065,201,99881,201,100071,100,99880,100,100093,100,99873,100,100107,100,99850,100,100112,100,99842,100,100135,200,99803,100,100155,100,99688,100
2019-06-28 09:43:40.000000000,99956,281,99940,181,100016,181,99939,281,100060,181,99898,181,100065,181,99881,181,100071,181,99880,181,100093,100,99873,100,100107,100,99850,100,100112,100,99842,100,100135,200,99803,100,100155,100,99688,100
2019-06-28 09:43:50.000000000,99956,402,99940,302,100016,302,99939,402,100060,100,99898,100,100065,100,99881,100,100071,100,99880,100,100093,100,99873,100,100107,100,99850,100,100112,100,99842,100,100135,200,99803,100,100155,100,99688,100
2019-06-28 09:44:00.000000000,99956,337,99940,237,100016,233,99939,333,100060,233,99898,233,100065,100,99881,100,100071,100,99880,100,100093,100,99873,100,100107,100,99850,100,100112,100,99842,100,100135,200,99803,100,100155,100,99688,100
2019-06-28 09:44:10.000000000,99956,281,99940,181,100016,181,99939,281,100060,181,99898,181,100065,181,99881,181,100071,181,99880,181,100093,100,99873,100,100107,100,99850,100,100112,100,99842,100,100135,200,99803,100,100155,100,99688,100
2019-06-28 09:44:11.506052257,99956,281,99940,181,100016,181,99939,281,100060,181,99898,181,100065,181,99881,181,100071,181,99880,181,100093,100,99873,100,100107,100,99850,100,100112,100,99842,100,100133,100,99803,100,100135,200,99688,100
2019-06-28 09:44:20.000000000,99956,402,99940,302,100016,302,99939,402,100060,100,99898,100,100065,100,99881,100,100071,100,99880,100,100093,100,99873,100,100107,100,99850,100,100112,100,99842,100,100133,100,99803,100,100135,200,99688,100
2019-06-28 09:44:21.858369211,99956,402,99940,302,100016,302,99939,402,100060,100,99898,100,100065,100,99881,100,100071,100,99880,100,100093,100,99873,100,100107,100,99842,100,100112,100,99803,100,100133,100,99688,100,100135,200,99513,100
2019-06-28 09:44:30.000000000,99956,402,99940,302,100016,302,99939,402,100060,100,99898,100,100065,100,99881,100,100071,100,99880,100,100093,100,99873,100,100107,100,99842,100,100112,100,99803,100,100133,100,99688,100,100135,200,99513,100
2019-06-28 09:44:40.000000000,99956,337,99940,237,100016,233,99939,333,100060,233,99898,233,100065,100,99881,100,100071,100,99880,100,100093,100,99873,100,100107,100,99842,100,100112,100,99803,100,100133,100,99688,100,100135,200,99513,100
2019-06-28 09:44:50.000000000,99956,402,99940,302,100016,302,99939,402,100060,100,99898,100,100065,100,99881,100,100071,100,99880,100,100093,100,99873,100,100107,100,99842,100,100112,100,99803,100,100133,100,99688,100,100135,200,99513,100
2019-06-28 09:45:00.000000000,99956,281,99940,181,100016,181,99939,281,100060,181,99898,181,100065,181,99881,181,100071,181,99880,181,100093,100,99873,100,100107,100,99842,100,100112,100,99803,100,100133,100,99688,100,100135,200,99513,100
2019-06-28 09:45:10.000000000,99956,281,99940,181,100016,181,99939,281,100060,181,99898,181,100065,181,99881,181,100071,181,99880,181,100093,100,99873,100,100107,100,99842,100,100112,100,99803,100,100133,100,99688,100,100135,200,99513,100
2019-06-28 09:45:18.088783294,99956,281,99940,181,100016,81,99939,281,100060,181,99898,181,100065,181,99881,181,100071,181,99880,181,100093,100,99873,100,100107,100,99842,100,100112,100,99803,100,100133,100,99688,100,100135,200,99513,100
2019-06-28 09:45:19.934675045,99956,181,99940,181,100016,81,99939,281,100060,181,99898,181,100065,181,99881,181,100071,181,99880,181,100093,100,99873,100,100107,100,99842,100,100112,100,99803,100,100133,100,99688,100,100135,200,99513,100
2019-06-28 09:45:20.000000000,99956,302,99940,302,100060,302,99939,402,100065,100,99898,100,100071,100,99881,100,100093,100,99880,100,100107,100,99873,100,100112,100,99842,100,100133,100,99803,100,100135,200,99688,100,100155,100,99513,100
2019-06-28 09:45:25.515279602,99956,202,99940,302,100060,302,99939,402,100065,100,99898,100,100071,100,99881,100,100093,100,99880,100,100107,100,99873,100,100112,100,99842,100,100133,100,99803,100,100135,200,99688,100,100155,100,99513,100
2019-06-28 09:45:25.984010051,99956,202,99940,302,100060,302,99939,402,100065,100,99898,100,100071,100,99881,100,100093,100,99880,100,100107,100,99873,100,100112,100,99842,100,100133,100,99803,100,100135,200,99688,100,100155,100,99513,100
2019-06-28 09:45:30.000000000,100060,201,99940,201,100065,201,99939,301,100071,201,99898,201,100093,201,99881,201,100107,100,99880,100,100112,100,99873,100,100133,100,99842,100,100135,200,99803,100,100155,100,99688,100,100170,100,99513,100
2019-06-28 09:45:34.352639912,100060,201,99956,100,100065,201,99940,201,100071,201,99939,201,100093,201,99898,201,100107,100,99881,201,100112,100,99880,100,100133,100,99873,100,100135,200,99842,100,100155,100,99803,100,100170,100,99688,100
2019-06-28 09:45:40.000000000,100060,201,99956,201,100065,201,99940,201,100071,201,99939,201,100093,201,99898,201,100107,100,99881,100,100112,100,99880,100,100133,100,99873,100,100135,200,99842,100,100155,100,99803,100,100170,100,99688,100
2019-06-28 09:45:48.099862883,100060,201,99956,301,100065,201,99940,201,100071,201,99939,201,100093,201,99898,201,100107,100,99881,100,100112,100,99880,100,100133,100,99873,100,100135,200,99842,100,100155,100,99803,100,100170,100,99688,100
2019-06-28 09:45:50.000000000,100060,201,99956,301,100065,201,99940,201,100071,201,99939,201,100093,201,99898,201,100107,100,99881,100,100112,100,99880,100,100133,100,99873,100,100135,200,99842,100,100155,100,99803,100,100170,100,99688,100
2019-06-28 09:45:57.308766413,100060,101,99956,301,100065,201,99940,201,100071,201,99939,201,100093,201,99898,201,100107,100,99881,100,100112,100,99880,100,100133,100,99873,100,100135,200,99842,100,100155,100,99803,100,100170,100,99688,100
2019-06-28 09:46:00.000000000,100065,201,99956,301,100071,201,99940,201,100093,201,99939,201,100107,201,99898,201,100112,100,99881,100,100133,100,99880,100,100135,200,99873,100,100155,100,99842,100,100170,100,99803,100,100188,100,99688,100
2019-06-28 09:46:10.000000000,100065,504,99956,604,100071,100,99940,100,100093,100,99939,100,100107,100,99898,100,100112,100,99881,100,100133,100,99880,100,100135,200,99873,100,100155,100,99842,100,100170,100,99803,100,100188,100,99688,100
2019-06-28 09:46:13.488059540,100065,504,99956,604,100071,100,99940,100,100093,100,99939,100,100107,100,99898,100,100112,100,99881,100,100133,100,99880,100,100135,200,99873,100,100155,100,99842,100,100170,100,99803,100,100188,100,99688,100
2019-06-28 09:46:15.536682646,100065,404,99956,604,100071,100,99940,100,100093,100,99939,100,100107,100,99898,100,100112,100,99881,100,100133,100,99880,100,100135,200,99873,100,100155,100,99842,100,100170,100,99803,100,100188,100,99688,100
2019-06-28 09:46:20.000000000,100071,504,99956,604,100093,100,99940,100,100107,100,99939,100,100112,100,99898,100,100133,100,99881,100,100135,200,99880,100,100155,100,99873,100,100170,100,99842,100,100188,100,99803,100,100283,100,99688,100
2019-06-28 09:46:24.389610963,100071,404,99956,604,100093,100,99940,100,100107,100,99939,100,100112,100,99898,100,100133,100,99881,100,100135,200,99880,100,100155,100,99873,100,100170,100,99842,100,100188,100,99803,100,100283,100,99688,100
2019-06-28 09:46:30.000000000,100093,181,99956,281,100107,181,99940,181,100112,181,99939,181,100133,181,99898,181,100135,281,99881,181,100155,100,99880,100,100170,100,99873,100,100188,100,99842,100,100283,100,99803,100,100344,100,99688,100
2019-06-28 09:46:40.000000000,100093,181,99956,281,100107,181,99940,181,100112,181,99939,181,100133,181,99898,181,100135,281,99881,181,100155,100,99880,100,100170,100,99873,100,100188,100,99842,100,100283,100,99803,100,100344,100,99688,100
2019-06-28 09:46:44.623290860,100093,181,99956,281,100107,181,99940,181,100112,181,99939,181,100133,181,99898,181,100135,281,99881,181,100155,100,99880,100,100170,100,99873,100,100188,100,99842,100,100281,100,99803,100,100283,100,99688,100
2019-06-28 09:46:50.000000000,100093,201,99956,301,100107,201,99940,201,100112,201,99939,201,100133,201,99898,201,100135,200,99881,100,100155,100,99880,100,100170,100,99873,100,100188,100,99842,100,100281,100,99803,100,100283,100,99688,100
2019-06-28 09:47:00.000000000,100093,181,99956,281,100107,181,99940,181,100112,181,99939,181,100133,181,99898,181,100135,281,99881,181,100155,100,99880,100,100170,100,99873,100,100188,100,99842,100,100281,100,99803,100,100283,100,99688,100
2019-06-28 09:47:03.146757615,100093,181,99956,281,100107,181,99940,181,100112,181,99939,181,100133,181,99898,181,100135,281,99881,181,100155,100,99880,100,100170,100,99873,100,100188,100,99842,100,100281,100,99803,100,100283,100,99688,100
2019-06-28 09:47:10.000000000,100093,201,99956,301,100107,201,99940,201,100112,201,99939,201,100133,201,99898,201,100135,200,99881,100,100155,100,99880,100,100170,100,99873,100,100188,100,99842,100,100281,100,99803,100,100283,100,99688,100
2019-06-28 09:47:20.000000000,100093,237,99956,337,100107,233,99940,233,100112,233,99939,233,100133,100,99898,100,100135,200,99881,100,100155,100,99880,100,100170,100,99873,100,100188,100,99842,100,100281,100,99803,100,100283,100,99688,100
2019-06-28 09:47:30.000000000,100093,181,99956,281,100107,181,99940,181,100112,181,99939,181,100133,181,99898,181,100135,281,99881,181,100155,100,99880,100,100170,100,99873,100,100188,100,99842,100,100281,100,99803,100,100283,100,99688,100
2019-06-28 09:47:36.418900067,100093,181,99956,281,100107,181,99940,181,100112,181,99939,181,100133,181,99898,81,100135,281,99881,181,100155,100,99880,100,100170,100,99873,100,100188,100,99842,100,100281,100,99803,100,100283,100,99688,100
2019-06-28 09:47:40.000000000,100093,302,99956,402,100107,302,99940,302,100112,100,99939,100,100133,100,99881,100,100135,200,99880,100,100155,100,99873,100,100170,100,99842,100,100188,100,99803,100,100281,100,99688,100,100283,100,99513,100
2019-06-28 09:47:50.000000000,100093,302,99956,402,100107,302,99940,302,100112,100,99939,100,100133,100,99881,100,100135,200,99880,100,100155,100,99873,100,100170,100,99842,100,100188,100,99803,100,100281,100,99688,100,100283,100,99513,100
2019-06-28 09:48:00.000000000,100093,504,99956,604,100107,100,99940,100,100112,100,99939,100,100133,100,99881,100,100135,200,99880,100,100155,100,99873,100,100170,100,99842,100,100188,100,99803,100,100281,100,99688,100,100283,100,99513,100
2019-06-28 09:48:10.000000000,100093,201,99956,301,100107,201,99940,201,100112,201,99939,201,100133,201,99881,201,100135,200,99880,100,100155,100,99873,100,100170,100,99842,100,100188,100,99803,100,100281,100,99688,100,100283,100,99513,100
2019-06-28 09:48:20.000000000,100093,181,99956,281,100107,181,99940,181,100112,181,99939,181,100133,181,99881,181,100135,281,99880,181,100155,100,99873,100,100170,100,99842,100,100188,100,99803,100,100281,100,99688,100,100283,100,99513,100
2019-06-28 09:48:30.000000000,100093,181,99956,281,100107,181,99940,181,100112,181,99939,181,100133,181,99881,181,100135,281,99880,181,100155,100,99873,100,100170,100,99842,100,100188,100,99803,100,100281,100,99688,100,100283,100,99513,100
2019-06-28 09:48:38.134202424,100093,81,99956,281,100107,181,99940,181,100112,181,99939,181,100133,181,99881,181,100135,281,99880,181,100155,100,99873,100,100170,100,99842,100,100188,100,99803,100,100281,100,99688,100,100283,100,99513,100
2019-06-28 09:48:40.000000000,100107,201,99956,301,100112,201,99940,201,100133,201,99939,201,100135,301,99881,201,100155,100,99880,100,100170,100,99873,100,100188,100,99842,100,100281,100,99803,100,100283,100,99688,100,100344,100,99513,100
2019-06-28 09:48:50.000000000,100107,237,99956,337,100112,233,99940,233,100133,233,99939,233,100135,200,99881,100,100155,100,99880,100,100170,100,99873,100,100188,100,99842,100,100281,100,99803,100,100283,100,99688,100,100344,100,99513,100
2019-06-28 09:49:00.000000000,100107,504,99956,604,100112,100,99940,100,100133,100,99939,100,100135,200,99881,100,100155,100,99880,100,100170,100,99873,100,100188,100,99842,100,100281,100,99803,100,100283,100,99688,100,100344,100,99513,100
2019-06-28 09:49:00.663521898,100107,404,99956,604,100112,100,99940,100,100133,100,99939,100,100135,200,99881,100,100155,100,99880,100,100170,100,99873,100,100188,100,99842,100,100281,100,99803,100,100283,100,99688,100,100344,100,99513,100
2019-06-28 09:49:10.000000000,100112,201,99956,301,100133,201,99940,201,100135,301,99939,201,100155,201,99881,201,100170,100,99880,100,100188,100,99873,100,100281,100,99842,100,100283,100,99803,100,100344,100,99688,100,100521,100,99513,100
2019-06-28 09:49:16.688761996,100112,201,100093,100,100133,201,99956,301,100135,301,99940,201,100155,201,99939,201,100170,100,99881,201,100188,100,99880,100,100281,100,99873,100,100283,100,99842,100,100344,100,99803,100,100521,100,99688,100
2019-06-28 09:49:17.684114493,100112,201,100093,100,100133,201,99956,301,100135,301,99940,201,100155,201,99939,201,100170,100,99881,201,100188,100,99880,100,100281,100,99873,100,100283,100,99842,100,100344,100,99803,100,100521,100,99688,100
2019-06-28 09:49:20.000000000,100112,181,100093,181,100133,181,99956,281,100135,281,99940,181,100155,181,99939,181,100170,181,99881,181,100188,100,99880,100,100281,100,99873,100,100283,100,99842,100,100344,100,99803,100,100521,100,99688,100
2019-06-28 09:49:28.231977064,100112,181,100093,181,100133,81,99956,281,100135,281,99940,181,100155,181,99939,181,100170,181,99881,181,100188,100,99880,100,100281,100,99873,100,100283,100,99842,100,100344,100,99803,100,100521,100,99688,100
2019-06-28 09:49:30.000000000,100112,181,100093,181,100135,281,99956,281,100155,181,99940,181,100170,181,99939,181,100188,181,99881,181,100281,100,99880,100,100283,100,99873,100,100344,100,99842,100,100521,100,99803,100,100614,100,99688,100
2019-06-28 09:49:40.000000000,100112,181,100093,181,100135,281,99956,281,100155,181,99940,181,100170,181,99939,181,100188,181,99881,181,100281,100,99880,100,100283,100,99873,100,100344,100,99842,100,100521,100,99803,100,100614,100,99688,100
2019-06-28 09:49:50.000000000,100112,237,100093,237,100135,333,99956,333,100155,233,99940,233,100170,100,99939,100,100188,100,99881,100,100281,100,99880,100,100283,100,99873,100,100344,100,99842,100,100521,100,99803,100,100614,100,99688,100
2019-06-28 09:50:00.000000000,100112,181,100093,181,100135,281,99956,281,100155,181,99940,181,100170,181,99939,181,100188,181,99881,181,100281,100,99880,100,100283,100,99873,100,100344,100,99842,100,100521,100,99803,100,100614,100,99688,100
2019-06-28 09:50:10.000000000,100112,237,100093,237,100135,333,99956,333,100155,233,99940,233,100170,100,99939,100,100188,100,99881,100,100281,100,99880,100,100283,100,99873,100,100344,100,99842,100,100521,100,99803,100,100614,100,99688,100
2019-06-28 09:50:16.821376363,100112,137,100093,237,100135,333,99956,333,100155,233,99940,233,100170,100,99939,100,100188,100,99881,100,100281,100,99880,100,100283,100,99873,100,100521,100,99842,100,100614,100,99803,100,101336,100,99688,100
2019-06-28 09:50:20.000000000,100135,402,100093,302,100155,302,99956,402,100170,100,99940,100,100188,100,99939,100,100281,100,99881,100,100283,100,99880,100,100521,100,99873,100,100614,100,99842,100,101336,100,99803,100,101518,100,99688,100
2019-06-28 09:50:24.600337365,100135,402,100107,100,100155,302,100093,302,100170,100,99956,402,100188,100,99940,100,100281,100,99939,100,100283,100,99881,100,100521,100,99880,100,100614,100,99873,100,101336,100,99842,100,101518,100,99803,100
2019-06-28 09:50:30.000000000,100135,281,100107,181,100155,181,100093,181,100170,181,99956,281,100188,181,99940,181,100281,181,99939,181,100283,100,99881,100,100521,100,99880,100,100614,100,99873,100,101336,100,99842,100,101518,100,99803,100
2019-06-28 09:50:40.000000000,100135,402,100107,302,100155,302,100093,302,100170,100,99956,200,100188,100,99940,100,100281,100,99939,100,100283,100,99881,100,100521,100,99880,100,100614,100,99873,100,101336,100,99842,100,101518,100,99803,100
2019-06-28 09:50:42.672419210,100135,302,100107,302,100155,302,100093,302,100170,100,99956,200,100188,100,99940,100,100281,100,99939,100,100283,100,99881,100,100521,100,99880,100,100614,100,99873,100,101336,100,99842,100,101518,100,99803,100
2019-06-28 09:50:50.000000000,100135,181,100107,181,100155,181,100093,181,100170,181,99956,281,100188,181,99940,181,100281,181,99939,181,100283,100,99881,100,100521,100,99880,100,100614,100,99873,100,101336,100,99842,100,101518,100,99803,100
2019-06-28 09:51:00.000000000,100135,181,100107,181,100155,181,100093,181,100170,181,99956,281,100188,181,99940,181,100281,181,99939,181,100283,100,99881,100,100521,100,99880,100,100614,100,99873,100,101336,100,99842,100,101518,100,99803,100
2019-06-28 09:51:10.000000000,100135,181,100107,181,100155,181,100093,181,100170,181,99956,281,100188,181,99940,181,100281,181,99939,181,100283,100,99881,100,100521,100,99880,100,100614,100,99873,100,101336,100,99842,100,101518,100,99803,100
2019-06-28 09:51:20.000000000,100135,302,100107,302,100155,302,100093,302,100170,100,99956,200,100188,100,99940,100,100281,100,99939,100,100283,100,99881,100,100521,100,99880,100,100614,100,99873,100,101336,100,99842,100,101518,100,99803,100
2019-06-28 09:51:30.000000000,100135,181,100107,181,100155,181,100093,181,100170,181,99956,281,100188,181,99940,181,100281,181,99939,181,100283,100,99881,100,100521,100,99880,100,100614,100,99873,100,101336,100,99842,100,101518,100,99803,100
2019-06-28 09:51:40.000000000,100135,504,100107,504,100155,100,100093,100,100170,100,99956,200,100188,100,99940,100,100281,100,99939,100,100283,100,99881,100,100521,100,99880,100,100614,100,99873,100,101336,100,99842,100,101518,100,99803,100
2019-06-28 09:51:41.701265052,100135,504,100107,504,100155,100,100093,100,100170,100,99956,200,100188,100,99940,100,100281,100,99939,100,100283,100,99881,100,100521,100,99880,100,100614,100,99873,100,101336,100,99842,100,101518,100,99803,100
2019-06-28 09:51:44.969641358,100135,504,100112,100,100155,100,100107,504,100170,100,100093,100,100188,100,99956,200,100281,100,99940,100,100283,100,99939,100,100521,100,99881,100,100614,100,99880,100,101336,100,99873,100,101518,100,99842,100
2019-06-28 09:51:50.000000000,100135,504,100112,504,100155,100,100107,100,100170,100,100093,100,100188,100,99956,200,100281,100,99940,100,100283,100,99939,100,100521,100,99881,100,100614,100,99880,100,101336,100,99873,100,101518,100,99842,100
2019-06-28 09:51:58.732581173,100135,504,100112,504,100155,100,100107,100,100170,100,100093,100,100188,100,99956,200,100281,100,99940,100,100283,100,99939,100,100614,100,99881,100,101336,100,99880,100,101518,100,99873,100,101882,100,99842,100
2019-06-28 09:52:00.000000000,100135,181,100112,181,100155,181,100107,181,100170,181,100093,181,100188,181,99956,281,100281,181,99940,181,100283,100,99939,100,100614,100,99881,100,101336,100,99880,100,101518,100,99873,100,101882,100,99842,100
2019-06-28 09:52:10.000000000,100135,237,100112,237,100155,233,100107,233,100170,233,100093,233,100188,100,99956,200,100281,100,99940,100,100283,100,99939,100,100614,100,99881,100,101336,100,99880,100,101518,100,99873,100,101882,100,99842,100
2019-06-28 09:52:20.000000000,100135,237,100112,237,100155,233,100107,233,100170,233,100093,233,100188,100,99956,200,100281,100,99940,100,100283,100,99939,100,100614,100,99881,100,101336,100,99880,100,101518,100,99873,100,101882,100,99842,100
2019-06-28 09:52:27.583265435,100135,237,100112,337,100155,233,100107,233,100170,233,100093,233,100188,100,99956,200,100281,100,99940,100,100283,100,99939,100,100614,100,99881,100,101336,100,99880,100,101518,100,99873,100,101882,100,99842,100
2019-06-28 09:52:30.000000000,100135,201,100112,301,100155,201,100107,201,100170,201,100093,201,100188,201,99956,301,100281,100,99940,100,100283,100,99939,100,100614,100,99881,100,101336,100,99880,100,101518,100,99873,100,101882,100,99842,100
2019-06-28 09:52:40.000000000,100135,181,100112,281,100155,181,100107,181,100170,181,100093,181,100188,181,99956,281,100281,181,99940,181,100283,100,99939,100,100614,100,99881,100,101336,100,99880,100,101518,100,99873,100,101882,100,99842,100
2019-06-28 09:52:50.000000000,100135,201,100112,301,100155,201,100107,201,100170,201,100093,201,100188,201,99956,301,100281,100,99940,100,100283,100,99939,100,100614,100,99881,100,101336,100,99880,100,101518,100,99873,100,101882,100,99842,100
2019-06-28 09:52:51.838999036,100135,201,100112,301,100155,201,100107,201,100170,201,100093,201,100188,201,99956,301,100281,100,99940,100,100283,100,99939,100,100614,100,99881,100,101336,100,99880,100,101518,100,99873,100,101882,100,99842,100
2019-06-28 09:53:00.000000000,100135,181,100112,281,100155,181,100107,181,100170,181,100093,181,100188,181,99956,281,100281,181,99940,181,100283,100,99939,100,100614,100,99881,100,101336,100,99880,100,101518,100,99873,100,101882,100,99842,100
2019-06-28 09:53:10.000000000,100135,201,100112,301,100155,201,100107,201,100170,201,100093,201,100188,201,99956,301,100281,100,99940,100,100283,100,99939,100,100614,100,99881,100,101336,100,99880,100,101518,100,99873,100,101882,100,99842,100
2019-06-28 09:53:20.000000000,100135,302,100112,402,100155,302,100107,302,100170,100,100093,100,100188,100,99956,200,100281,100,99940,100,100283,100,99939,100,100614,100,99881,100,101336,100,99880,100,101518,100,99873,100,101882,100,99842,100
2019-06-28 09:53:30.000000000,100135,181,100112,281,100155,181,100107,181,100170,181,100093,181,100188,181,99956,281,100281,181,99940,181,100283,100,99939,100,100614,100,99881,100,101336,100,99880,100,101518,100,99873,100,101882,100,99842,100
2019-06-28 09:53:40.000000000,100135,504,100112,604,100155,100,100107,100,100170,100,100093,100,100188,100,99956,200,100281,100,99940,100,100283,100,99939,100,100614,100,99881,100,101336,100,99880,100,101518,100,99873,100,101882,100,99842,100
2019-06-28 09:53:43.827310400,100135,304,100112,604,100155,100,100107,100,100170,100,100093,100,100188,100,99956,200,100281,100,99940,100,100283,100,99939,100,100614,100,99881,100,101336,100,99880,100,101518,100,99873,100,101882,100,99842,100
2019-06-28 09:53:50.000000000,100155,201,100112,301,100170,201,100107,201,100188,201,100093,201,100281,201,99956,301,100283,100,99940,100,100614,100,99939,100,101336,100,99881,100,101518,100,99880,100,101882,100,99873,100,101929,100,99842,100
2019-06-28 09:53:59.327879902,100155,201,100135,100,100170,201,100112,301,100188,201,100107,201,100281,201,100093,201,100283,100,99956,301,100614,100,99940,100,101336,100,99939,100,101518,100,99881,100,101882,100,99880,100,101929,100,99873,100
2019-06-28 09:54:00.000000000,100155,201,100135,201,100170,201,100112,301,100188,201,100107,201,100281,201,100093,201,100283,100,99956,200,100614,100,99940,100,101336,100,99939,100,101518,100,99881,100,101882,100,99880,100,101929,100,99873,100
2019-06-28 09:54:07.931013626,100155,101,100135,201,100170,201,100112,301,100188,201,100107,201,100281,201,100093,201,100283,100,99956,200,100614,100,99940,100,101336,100,99939,100,101518,100,99881,100,101882,100,99880,100,101929,100,99873,100
2019-06-28 09:54:10.000000000,100170,237,100135,237,100188,233,100112,333,100281,233,100107,233,100283,100,100093,100,100614,100,99956,200,101336,100,99940,100,101518,100,99939,100,101882,100,99881,100,101929,100,99880,100,102129,100,99873,100
2019-06-28 09:54:20.000000000,100170,201,100135,201,100188,201,100112,301,100281,201,100107,201,100283,201,100093,201,100614,100,99956,200,101336,100,99940,100,101518,100,99939,100,101882,100,99881,100,101929,100,99880,100,102129,100,99873,100
2019-06-28 09:54:28.321865595,100170,101,100135,201,100188,201,100112,301,100281,201,100107,201,100283,101,100093,201,100614,100,99956,200,101336,100,99940,100,101518,100,99939,100,101882,100,99881,100,101929,100,99880,100,102129,100,99873,100
2019-06-28 09:54:28.937330680,100170,1,100135,201,100188,201,100112,301,100281,201,100107,201,100283,101,100093,201,100614,100,99956,200,101336,100,99940,100,101518,100,99939,100,101882,100,99881,100,101929,100,99880,100,102129,100,99873,100
2019-06-28 09:54:30.000000000,100188,504,100135,504,100281,100,100112,200,100614,100,100107,100,101336,100,100093,100,101518,100,99956,200,101882,100,99940,100,101929,100,99939,100,102129,100,99881,100,,,99880,100,,,99873,100
2019-06-28 09:54:40.000000000,100188,201,100135,201,100281,201,100112,301,100614,201,100107,201,101336,201,100093,201,101518,100,99956,200,101882,100,99940,100,101929,100,99939,100,102129,100,99881,100,,,99880,100,,,99873,100
2019-06-28 09:54:43.345012106,100188,201,100135,201,100281,201,100112,301,100614,201,100107,201,101336,201,100093,201,101518,100,99956,200,101882,100,99940,100,101929,100,99939,100,102129,100,99881,100,102524,100,99880,100,,,99873,100
2019-06-28 09:54:50.000000000,100188,181,100135,181,100281,181,100112,281,100614,181,100107,181,101336,181,100093,181,101518,181,99956,281,101882,100,99940,100,101929,100,99939,100,102129,100,99881,100,102524,100,99880,100,,,99873,100
2019-06-28 09:54:53.409582226,100188,181,100170,100,100281,181,100135,181,100614,181,100112,281,101336,181,100107,181,101518,181,100093,181,101882,100,99956,281,101929,100,99940,100,102129,100,99939,100,102524,100,99881,100,,,99880,100
2019-06-28 09:55:00.000000000,100188,504,100170,504,100281,100,100135,100,100614,100,100112,200,101336,100,100107,100,101518,100,100093,100,101882,100,99956,200,101929,100,99940,100,102129,100,99939,100,102524,100,99881,100,,,99880,100
2019-06-28 09:55:10.000000000,100188,237,100170,237,100281,233,100135,233,100614,233,100112,333,101336,100,100107,100,101518,100,100093,100,101882,100,99956,200,101929,100,99940,100,102129,100,99939,100,102524,100,99881,100,,,99880,100
2019-06-28 09:55:19.607665776,100188,237,100170,337,100281,233,100135,233,100614,233,100112,333,101336,100,100107,100,101518,100,100093,100,101882,100,99956,200,101929,100,99939,100,102129,100,99881,100,102524,100,99880,100,,,99873,100
2019-06-28 09:55:20.000000000,100188,201,100170,301,100281,201,100135,201,100614,201,100112,301,101336,201,100107,201,101518,100,100093,100,101882,100,99956,200,101929,100,99939,100,102129,100,99881,100,102524,100,99880,100,,,99873,100
2019-06-28 09:55:30.000000000,100188,181,100170,281,100281,181,100135,181,100614,181,100112,281,101336,181,100107,181,101518,181,100093,181,101882,100,99956,200,101929,100,99939,100,102129,100,99881,100,102524,100,99880,100,,,99873,100
2019-06-28 09:55:37.824003721,100188,81,100170,281,100281,81,100135,181,100614,181,100112,281,101336,181,100107,181,101518,181,100093,181,101882,100,99956,200,101929,100,99939,100,102129,100,99881,100,102524,100,99880,100,,,99873,100
2019-06-28 09:55:40.000000000,100614,504,100170,604,101336,100,100135,100,101518,100,100112,200,101882,100,100107,100,101929,100,100093,100,102129,100,99956,200,102524,100,99939,100,,,99881,100,,,99880,100,,,99873,100
2019-06-28 09:55:47.978925664,100614,504,100171,100,101336,100,100170,604,101518,100,100135,100,101882,100,100112,100,101929,100,100107,100,102129,100,100093,100,102524,100,99956,200,,,99939,100,,,99881,100,,,99880,100
2019-06-28 09:55:50.000000000,100614,504,100171,504,101336,100,100170,200,101518,100,100135,100,101882,100,100112,100,101929,100,100107,100,102129,100,100093,100,102524,100,99956,200,,,99939,100,,,99881,100,,,99880,100
2019-06-28 09:55:53.251011856,100614,404,100171,504,101336,100,100170,200,101518,100,100135,100,101882,100,100112,100,101929,100,100107,100,102129,100,100093,100,102524,100,99956,200,,,99939,100,,,99881,100,,,99880,100
2019-06-28 09:56:00.000000000,101336,181,100171,181,101518,181,100170,281,101882,181,100135,181,101929,181,100112,181,102129,181,100107,181,102524,100,100093,100,,,99956,200,,,99939,100,,,99881,100,,,99880,100
2019-06-28 09:56:01.331013546,101336,181,100188,100,101518,181,100171,181,101882,181,100170,281,101929,181,100135,181,102129,181,100112,181,102524,100,100107,181,,,100093,100,,,99956,200,,,99939,100,,,99881,100
2019-06-28 09:56:10.000000000,101336,201,100188,201,101518,201,100171,201,101882,201,100170,301,101929,201,100135,201,102129,100,100112,100,102524,100,100107,100,,,100093,100,,,99956,200,,,99939,100,,,99881,100
2019-06-28 09:56:20.000000000,101336,181,100188,181,101518,181,100171,181,101882,181,100170,281,101929,181,100135,181,102129,181,100112,181,102524,100,100107,100,,,100093,100,,,99956,200,,,99939,100,,,99881,100
2019-06-28 09:56:24.735575019,101336,81,100188,181,101518,181,100171,181,101882,181,100170,281,101929,181,100135,181,102129,181,100112,181,102524,100,100107,100,,,100093,100,,,99956,200,,,99939,100,,,99881,100
2019-06-28 09:56:30.000000000,101518,237,100188,237,101882,233,100171,233,101929,233,100170,333,102129,100,100135,100,102524,100,100112,100,,,100107,100,,,100093,100,,,99956,200,,,99939,100,,,99881,100
2019-06-28 09:56:40.000000000,101518,237,100188,237,101882,233,100171,233,101929,233,100170,333,102129,100,100135,100,102524,100,100112,100,,,100107,100,,,100093,100,,,99956,200,,,99939,100,,,99881,100
2019-06-28 09:56:50.000000000,101518,181,100188,181,101882,181,100171,181,101929,181,100170,281,102129,181,100135,181,102524,181,100112,181,,,100107,100,,,100093,100,,,99956,200,,,99939,100,,,99881,100
2019-06-28 09:56:52.847535837,101518,181,101488,100,101882,181,100188,181,101929,181,100171,181,102129,181,100170,281,102524,181,100135,181,,,100112,181,,,100107,100,,,100093,100,,,99956,200,,,99939,100
2019-06-28 09:57:00.000000000,101518,201,101488,201,101882,201,100188,201,101929,201,100171,201,102129,201,100170,301,102524,100,100135,100,,,100112,100,,,100107,100,,,100093,100,,,99956,200,,,99939,100
2019-06-28 09:57:10.000000000,101518,504,101488,504,101882,100,100188,100,101929,100,100171,100,102129,100,100170,200,102524,100,100135,100,,,100112,100,,,100107,100,,,100093,100,,,99956,200,,,99939,100
2019-06-28 09:57:20.000000000,101518,302,101488,302,101882,302,100188,302,101929,100,100171,100,102129,100,100170,200,102524,100,100135,100,,,100112,100,,,100107,100,,,100093,100,,,99956,200,,,99939,100
2019-06-28 09:57:25.641732173,101518,302,101488,302,101882,302,100188,302,101929,100,100171,100,102129,100,100170,200,102524,100,100135,100,,,100112,100,,,100093,100,,,99956,200,,,99939,100,,,99881,100
2019-06-28 09:57:30.000000000,101518,302,101488,302,101882,302,100188,302,101929,100,100171,100,102129,100,100170,200,102524,100,100135,100,,,100112,100,,,100093,100,,,99956,200,,,99939,100,,,99881,100
2019-06-28 09:57:32.507755641,101518,302,101488,302,101882,302,101431,100,101929,100,100188,302,102129,100,100171,100,102524,100,100170,200,,,100135,100,,,100112,100,,,100093,100,,,99956,200,,,99939,100
2019-06-28 09:57:40.000000000,101518,201,101488,201,101882,201,101431,201,101929,201,100188,201,102129,201,100171,201,102524,100,100170,200,,,100135,100,,,100112,100,,,100093,100,,,99956,200,,,99939,100
2019-06-28 09:57:50.000000000,101518,181,101488,181,101882,181,101431,181,101929,181,100188,181,102129,181,100171,181,102524,181,100170,281,,,100135,100,,,100112,100,,,100093,100,,,99956,200,,,99939,100
2019-06-28 09:58:00.000000000,101518,181,101488,181,101882,181,101431,181,101929,181,100188,181,102129,181,100171,181,102524,181,100170,281,,,100135,100,,,100112,100,,,100093,100,,,99956,200,,,99939,100
2019-06-28 09:58:07.928541868,101518,181,101488,181,101882,181,101481,100,101929,181,101431,181,102129,181,100188,181,102524,81,100171,181,,,100170,281,,,100135,100,,,100112,100,,,100093,100,,,99956,200
2019-06-28 09:58:10.000000000,101518,237,101488,237,101882,233,101481,233,101929,233,101431,233,102129,100,100188,100,,,100171,100,,,100170,200,,,100135,100,,,100112,100,,,100093,100,,,99956,200
2019-06-28 09:58:20.000000000,101518,302,101488,302,101882,302,101481,302,101929,100,101431,100,102129,100,100188,100,,,100171,100,,,100170,200,,,100135,100,,,100112,100,,,100093,100,,,99956,200
2019-06-28 09:58:20.987045679,101518,302,101488,302,101595,100,101481,302,101882,302,101431,100,101929,100,100188,100,102129,100,100171,100,,,100170,200,,,100135,100,,,100112,100,,,100093,100,,,99956,200
2019-06-28 09:58:27.248824154,101518,302,101488,302,101530,100,101481,302,101595,100,101431,100,101882,302,100188,100,101929,100,100171,100,102129,100,100170,200,,,100135,100,,,100112,100,,,100093,100,,,99956,200
2019-06-28 09:58:30.000000000,101518,302,101488,302,101530,302,101481,302,101595,100,101431,100,101882,100,100188,100,101929,100,100171,100,102129,100,100170,200,,,100135,100,,,100112,100,,,100093,100,,,99956,200
2019-06-28 09:58:39.100526984,101518,302,101488,302,101530,302,101481,302,101595,100,101431,100,101882,100,101250,100,101929,100,100188,100,102129,100,100171,100,,,100170,200,,,100135,100,,,100112,100,,,100093,100
2019-06-28 09:58:40.000000000,101518,237,101488,237,101530,233,101481,233,101595,233,101431,233,101882,100,101250,100,101929,100,100188,100,102129,100,100171,100,,,100170,200,,,100135,100,,,100112,100,,,100093,100
2019-06-28 09:58:50.000000000,101518,201,101488,201,101530,201,101481,201,101595,201,101431,201,101882,201,101250,201,101929,100,100188,100,102129,100,100171,100,,,100170,200,,,100135,100,,,100112,100,,,100093,100
2019-06-28 09:58:59.182635318,101518,201,101488,201,101530,201,101481,201,101595,201,101431,201,101882,201,101250,201,101929,100,100171,100,102129,100,100170,200,,,100135,100,,,100112,100,,,100093,100,,,99956,200
2019-06-28 09:59:00.000000000,101518,181,101488,181,101530,181,101481,181,101595,181,101431,181,101882,181,101250,181,101929,181,100171,181,102129,100,100170,200,,,100135,100,,,100112,100,,,100093,100,,,99956,200
2019-06-28 09:59:10.000000000,101518,201,101488,201,101530,201,101481,201,101595,201,101431,201,101882,201,101250,201,101929,100,100171,100,102129,100,100170,200,,,100135,100,,,100112,100,,,100093,100,,,99956,200
2019-06-28 09:59:20.000000000,101518,302,101488,302,101530,302,101481,302,101595,100,101431,100,101882,100,101250,100,101929,100,100171,100,102129,100,100170,200,,,100135,100,,,100112,100,,,100093,100,,,99956,200
2019-06-28 09:59:24.781481351,101518,302,101488,202,101530,302,101481,302,101595,100,101431,100,101882,100,101250,100,101929,100,100171,100,102129,100,100170,200,,,100135,100,,,100112,100,,,100093,100,,,99956,200
2019-06-28 09:59:30.000000000,101518,237,101481,237,101530,233,101431,233,101595,233,101250,233,101882,100,100171,100,101929,100,100170,200,102129,100,100135,100,,,100112,100,,,100093,100,,,99956,200,,,99939,100
2019-06-28 09:59:40.000000000,101518,504,101481,504,101530,100,101431,100,101595,100,101250,100,101882,100,100171,100,101929,100,100170,200,102129,100,100135,100,,,100112,100,,,100093,100,,,99956,200,,,99939,100
2019-06-28 09:59:41.191720998,101518,504,101481,404,101530,100,101431,100,101595,100,101250,100,101882,100,100171,100,101929,100,100170,200,102129,100,100135,100,,,100112,100,,,100093,100,,,99956,200,,,99939,100
2019-06-28 09:59:42.345630552,101518,504,101481,404,101530,100,101431,100,101595,100,101250,100,101882,100,100341,100,101929,100,100171,100,102129,100,100170,200,,,100135,100,,,100112,100,,,100093,100,,,99956,200
2019-06-28 09:59:50.000000000,101518,237,101431,237,101530,233,101250,233,101595,233,100341,233,101882,100,100171,100,101929,100,100170,200,102129,100,100135,100,,,100112,100,,,100093,100,,,99956,200,,,99939,100
2019-06-28 10:00:00.000000000,101518,504,101431,504,101530,100,101250,100,101595,100,100341,100,101882,100,100171,100,101929,100,100170,200,102129,100,100135,100,,,100112,100,,,100093,100,,,99956,200,,,99939,100
2019-06-28 10:00:10.000000000,101518,181,101431,181,101530,181,101250,181,101595,181,100341,181,101882,181,100171,181,101929,181,100170,281,102129,100,100135,100,,,100112,100,,,100093,100,,,99956,200,,,99939,100
2019-06-28 10:00:20.000000000,101518,302,101431,302,101530,302,101250,302,101595,100,100341,100,101882,100,100171,100,101929,100,100170,200,102129,100,100135,100,,,100112,100,,,100093,100,,,99956,200,,,99939,100
2019-06-28 10:00:25.823222842,101518,302,101431,202,101530,302,101250,302,101595,100,100341,100,101882,100,100171,100,101929,100,100170,200,102129,100,100135,100,,,100112,100,,,100093,100,,,99956,200,,,99939,100
2019-06-28 10:00:30.000000000,101518,237,101250,237,101530,233,100341,233,101595,233,100171,233,101882,100,100170,200,101929,100,100135,100,102129,100,100112,100,,,100093,100,,,99956,200,,,99939,100,,,99873,100
2019-06-28 10:00:40.000000000,101518,237,101250,237,101530,233,100341,233,101595,233,100171,233,101882,100,100170,200,101929,100,100135,100,102129,100,100112,100,,,100093,100,,,99956,200,,,99939,100,,,99873,100
2019-06-28 10:00:44.194406896,101518,237,101250,137,101530,233,100341,233,101595,233,100171,233,101882,100,100170,200,101929,100,100135,100,102129,100,100112,100,,,100093,100,,,99956,200,,,99939,100,,,99873,100
2019-06-28 10:00:50.000000000,101518,237,100341,237,101530,233,100171,233,101595,233,100170,333,101882,100,100135,100,101929,100,100112,100,102129,100,100093,100,,,99956,200,,,99939,100,,,99873,100,,,99803,100
2019-06-28 10:01:00.000000000,101518,181,100341,181,101530,181,100171,181,101595,181,100170,281,101882,181,100135,181,101929,181,100112,181,102129,100,100093,100,,,99956,200,,,99939,100,,,99873,100,,,99803,100
2019-06-28 10:01:05.611258301,101518,181,100341,81,101530,181,100171,181,101595,81,100170,281,101882,181,100135,181,101929,181,100112,181,102129,100,100093,100,,,99956,200,,,99939,100,,,99873,100,,,99803,100
2019-06-28 10:01:09.216157117,100341,19,100171,181,101518,181,100170,281,101530,181,100135,181,101595,81,100112,181,101882,181,100093,100,101929,181,99956,200,102129,100,99939,100,,,99873,100,,,99803,100,,,99688,100
2019-06-28 10:01:10.000000000,100341,156,100171,237,101518,233,100170,333,101530,233,100135,233,101882,100,100112,100,101929,100,100093,100,102129,100,99956,200,,,99939,100,,,99873,100,,,99803,100,,,99688,100
2019-06-28 10:01:12.742489561,100341,156,100171,237,101518,233,100170,333,101530,233,100135,233,101882,100,100112,100,101929,100,100093,100,102129,100,99956,100,,,99939,100,,,99873,100,,,99803,100,,,99688,100
2019-06-28 10:01:20.000000000,100341,100,100171,181,101518,181,100170,281,101530,181,100135,181,101882,181,100112,181,101929,181,100093,181,102129,100,99956,100,,,99939,100,,,99873,100,,,99803,100,,,99688,100
2019-06-28 10:01:25.140894340,100341,200,100171,81,101518,181,100170,281,101530,181,100135,181,101882,181,100112,181,101929,181,100093,181,102129,100,99956,100,,,99939,100,,,99873,100,,,99803,100,,,99688,100
2019-06-28 10:01:30.000000000,100341,523,100170,604,101518,100,100135,100,101530,100,100112,100,101882,100,100093,100,101929,100,99956,100,102129,100,99939,100,,,99873,100,,,99803,100,,,99688,100,,,99247,100
2019-06-28 10:01:40.000000000,100341,523,100170,604,101518,100,100135,100,101530,100,100112,100,101882,100,100093,100,101929,100,99956,100,102129,100,99939,100,,,99873,100,,,99803,100,,,99688,100,,,99247,100
2019-06-28 10:01:50.000000000,100341,523,100170,604,101518,100,100135,100,101530,100,100112,100,101882,100,100093,100,101929,100,99956,100,102129,100,99939,100,,,99873,100,,,99803,100,,,99688,100,,,99247,100
2019-06-28 10:01:52.277995912,100341,523,100170,604,100418,100,100135,100,101518,100,100112,100,101530,100,100093,100,101882,100,99956,100,101929,100,99939,100,102129,100,99873,100,,,99803,100,,,99688,100,,,99247,100
2019-06-28 10:01:55.910470315,100341,523,100170,604,100418,100,100135,100,100710,100,100112,100,101518,100,100093,100,101530,100,99956,100,101882,100,99939,100,101929,100,99873,100,102129,100,99803,100,,,99688,100,,,99247,100
2019-06-28 10:02:00.000000000,100341,256,100170,337,100418,233,100135,233,100710,233,100112,233,101518,100,100093,100,101530,100,99956,100,101882,100,99939,100,101929,100,99873,100,102129,100,99803,100,,,99688,100,,,99247,100
2019-06-28 10:02:10.000000000,100341,220,100170,301,100418,201,100135,201,100710,201,100112,201,101518,201,100093,201,101530,100,99956,100,101882,100,99939,100,101929,100,99873,100,102129,100,99803,100,,,99688,100,,,99247,100
2019-06-28 10:02:20.000000000,100341,220,100170,301,100418,201,100135,201,100710,201,100112,201,101518,201,100093,201,101530,100,99956,100,101882,100,99939,100,101929,100,99873,100,102129,100,99803,100,,,99688,100,,,99247,100
2019-06-28 10:02:30.000000000,100341,256,100170,337,100418,233,100135,233,100710,233,100112,233,101518,100,100093,100,101530,100,99956,100,101882,100,99939,100,101929,100,99873,100,102129,100,99803,100,,,99688,100,,,99247,100
2019-06-28 10:02:40.000000000,100341,200,100170,281,100418,181,100135,181,100710,181,100112,181,101518,181,100093,181,101530,181,99956,181,101882,100,99939,100,101929,100,99873,100,102129,100,99803,100,,,99688,100,,,99247,100
2019-06-28 10:02:50.000000000,100341,256,100170,337,100418,233,100135,233,100710,233,100112,233,101518,100,100093,100,101530,100,99956,100,101882,100,99939,100,101929,100,99873,100,102129,100,99803,100,,,99688,100,,,99247,100
2019-06-28 10:02:57.245711236,100341,256,100170,337,100418,233,100135,233,100710,233,100112,233,100775,100,100093,100,101518,100,99956,100,101530,100,99939,100,101882,100,99873,100,101929,100,99803,100,102129,100,99688,100,,,99012,100
2019-06-28 10:03:00.000000000,100341,220,100170,301,100418,201,100135,201,100710,201,100112,201,100775,201,100093,201,101518,100,99956,100,101530,100,99939,100,101882,100,99873,100,101929,100,99803,100,102129,100,99688,100,,,99012,100
2019-06-28 10:03:10.000000000,100341,523,100170,604,100418,100,100135,100,100710,100,100112,100,100775,100,100093,100,101518,100,99956,100,101530,100,99939,100,101882,100,99873,100,101929,100,99803,100,102129,100,99688,100,,,99012,100
2019-06-28 10:03:13.960738357,100341,423,100170,604,100418,100,100135,100,100710,100,100112,100,100775,100,100093,100,101530,100,99956,100,101882,100,99939,100,101929,100,99873,100,102129,100,99803,100,,,99688,100,,,99012,100
2019-06-28 10:03:20.000000000,100341,423,100170,604,100418,100,100135,100,100710,100,100112,100,100775,100,100093,100,101530,100,99956,100,101882,100,99939,100,101929,100,99873,100,102129,100,99803,100,,,99688,100,,,99012,100
2019-06-28 10:03:30.000000000,100341,100,100170,281,100418,181,100135,181,100710,181,100112,181,100775,181,100093,181,101530,181,99956,181,101882,100,99939,100,101929,100,99873,100,102129,100,99803,100,,,99688,100,,,99012,100
2019-06-28 10:03:40.000000000,100341,120,100170,301,100418,201,100135,201,100710,201,100112,201,100775,201,100093,201,101530,100,99956,100,101882,100,99939,100,101929,100,99873,100,102129,100,99803,100,,,99688,100,,,99012,100
2019-06-28 10:03:50.000000000,100341,221,100170,402,100418,302,100135,302,100710,100,100112,100,100775,100,100093,100,101530,100,99956,100,101882,100,99939,100,101929,100,99873,100,102129,100,99803,100,,,99688,100,,,99012,100
2019-06-28 10:04:00.000000000,100341,100,100170,281,100418,181,100135,181,100710,181,100112,181,100775,181,100093,181,101530,181,99956,181,101882,100,99939,100,101929,100,99873,100,102129,100,99803,100,,,99688,100,,,99012,100
2019-06-28 10:04:10.000000000,100341,423,100170,604,100418,100,100135,100,100710,100,100112,100,100775,100,100093,100,101530,100,99956,100,101882,100,99939,100,101929,100,99873,100,102129,100,99803,100,,,99688,100,,,99012,100
2019-06-28 10:04:18.466479965,100341,323,100170,604,100418,100,100135,100,100710,100,100112,100,100775,100,100093,100,101530,100,99956,100,101882,100,99939,100,101929,100,99873,100,102129,100,99803,100,,,99688,100,,,99012,100
2019-06-28 10:04:20.000000000,100418,237,100170,337,100710,233,100135,233,100775,233,100112,233,101530,100,100093,100,101882,100,99956,100,101929,100,99939,100,102129,100,99873,100,,,99803,100,,,99688,100,,,99012,100
2019-06-28 10:04:30.000000000,100418,201,100170,301,100710,201,100135,201,100775,201,100112,201,101530,201,100093,201,101882,100,99956,100,101929,100,99939,100,102129,100,99873,100,,,99803,100,,,99688,100,,,99012,100
2019-06-28 10:04:40.000000000,100418,504,100170,604,100710,100,100135,100,100775,100,100112,100,101530,100,100093,100,101882,100,99956,100,101929,100,99939,100,102129,100,99873,100,,,99803,100,,,99688,100,,,99012,100
2019-06-28 10:04:42.457234827,100418,404,100170,604,100710,100,100135,100,100775,100,100112,100,101530,100,100093,100,101882,100,99956,100,101929,100,99939,100,102129,100,99873,100,,,99803,100,,,99688,100,,,99012,100
2019-06-28 10:04:50.000000000,100710,302,100170,402,100775,302,100135,302,101530,100,100112,100,101882,100,100093,100,101929,100,99956,100,102129,100,99939,100,,,99873,100,,,99803,100,,,99688,100,,,99012,100
2019-06-28 10:05:00.000000000,100710,504,100170,604,100775,100,100135,100,101530,100,100112,100,101882,100,100093,100,101929,100,99956,100,102129,100,99939,100,,,99873,100,,,99803,100,,,99688,100,,,99012,100
2019-06-28 10:05:08.274310815,100710,404,100170,604,100775,100,100135,100,101530,100,100112,100,101882,100,100093,100,101929,100,99956,100,102129,100,99939,100,,,99873,100,,,99803,100,,,99012,100,,,98472,100
2019-06-28 10:05:10.000000000,100775,181,100170,281,101530,181,100135,181,101882,181,100112,181,101929,181,100093,181,102129,181,99956,181,,,99939,100,,,99873,100,,,99803,100,,,99012,100,,,98472,100
2019-06-28 10:05:11.936676314,100775,81,100170,281,101530,181,100135,181,101882,181,100112,181,101929,181,100093,181,102129,81,99956,181,,,99939,100,,,99873,100,,,99803,100,,,99012,100,,,98472,100
2019-06-28 10:05:13.717272536,100775,81,100710,100,101530,181,100170,281,101882,181,100135,181,101929,181,100112,181,102129,81,100093,181,,,99956,181,,,99939,100,,,99873,100,,,99803,100,,,99012,100
2019-06-28 10:05:20.000000000,101530,504,100710,504,101882,100,100170,200,101929,100,100135,100,,,100112,100,,,100093,100,,,99956,100,,,99939,100,,,99873,100,,,99803,100,,,99012,100
2019-06-28 10:05:28.253928522,101490,100,100710,504,101530,504,100170,200,101882,100,100135,100,101929,100,100112,100,,,100093,100,,,99956,100,,,99939,100,,,99873,100,,,99803,100,,,99012,100
2019-06-28 10:05:30.000000000,101490,237,100710,237,101530,233,100170,333,101882,233,100135,233,101929,100,100112,100,,,100093,100,,,99956,100,,,99939,100,,,99873,100,,,99803,100,,,99012,100
2019-06-28 10:05:35.278476077,101325,100,100710,237,101490,237,100170,333,101530,233,100135,233,101882,233,100112,100,101929,100,100093,100,,,99956,100,,,99939,100,,,99873,100,,,99803,100,,,99012,100
2019-06-28 10:05:40.000000000,101325,237,100710,237,101490,233,100170,333,101530,233,100135,233,101882,100,100112,100,101929,100,100093,100,,,99956,100,,,99939,100,,,99873,100,,,99803,100,,,99012,100
2019-06-28 10:05:44.206038365,101325,237,100710,337,101490,233,100170,333,101530,233,100135,233,101882,100,100112,100,101929,100,100093,100,,,99956,100,,,99939,100,,,99873,100,,,99803,100,,,99012,100
2019-06-28 10:05:50.000000000,101325,181,100710,281,101490,181,100170,281,101530,181,100135,181,101882,181,100112,181,101929,181,100093,181,,,99956,100,,,99939,100,,,99873,100,,,99803,100,,,99012,100
2019-06-28 10:05:54.773079701,101325,181,100710,381,101490,181,100170,281,101530,181,100135,181,101882,181,100112,181,101929,181,100093,181,,,99956,100,,,99939,100,,,99873,100,,,99803,100,,,99012,100
2019-06-28 10:06:00.000000000,101325,302,100710,502,101490,302,100170,402,101530,100,100135,100,101882,100,100112,100,101929,100,100093,100,,,99956,100,,,99939,100,,,99873,100,,,99803,100,,,99012,100
2019-06-28 10:06:10.000000000,101325,302,100710,502,101490,302,100170,402,101530,100,100135,100,101882,100,100112,100,101929,100,100093,100,,,99956,100,,,99939,100,,,99873,100,,,99803,100,,,99012,100
2019-06-28 10:06:20.000000000,101325,201,100710,401,101490,201,100170,301,101530,201,100135,201,101882,201,100112,201,101929,100,100093,100,,,99956,100,,,99939,100,,,99873,100,,,99803,100,,,99012,100
2019-06-28 10:06:20.422501325,101325,201,100710,501,101490,201,100170,201,101530,201,100135,201,101882,201,100112,201,101929,100,100093,100,,,99956,100,,,99939,100,,,99873,100,,,99803,100,,,99012,100
2019-06-28 10:06:30.000000000,101325,181,100710,481,101490,181,100170,181,101530,181,100135,181,101882,181,100112,181,101929,181,100093,181,,,99956,100,,,99939,100,,,99873,100,,,99803,100,,,99012,100
2019-06-28 10:06:40.000000000,101325,504,100710,804,101490,100,100170,100,101530,100,100135,100,101882,100,100112,100,101929,100,100093,100,,,99956,100,,,99939,100,,,99873,100,,,99803,100,,,99012,100
2019-06-28 10:06:50.000000000,101325,237,100710,537,101490,233,100170,233,101530,233,100135,233,101882,100,100112,100,101929,100,100093,100,,,99956,100,,,99939,100,,,99873,100,,,99803,100,,,99012,100
2019-06-28 10:06:52.532059363,101325,237,100710,637,101490,233,100170,233,101530,233,100135,233,101882,100,100112,100,101929,100,100093,100,,,99956,100,,,99939,100,,,99873,100,,,99803,100,,,99012,100
2019-06-28 10:07:00.000000000,101325,237,100710,637,101490,233,100170,233,101530,233,100135,233,101882,100,100112,100,101929,100,100093,100,,,99956,100,,,99939,100,,,99873,100,,,99803,100,,,99012,100
2019-06-28 10:07:10.000000000,101325,237,100710,637,101490,233,100170,233,101530,233,100135,233,101882,100,100112,100,101929,100,100093,100,,,99956,100,,,99939,100,,,99873,100,,,99803,100,,,99012,100
2019-06-28 10:07:20.000000000,101325,201,100710,601,101490,201,100170,201,101530,201,100135,201,101882,201,100112,201,101929,100,100093,100,,,99956,100,,,99939,100,,,99873,100,,,99803,100,,,99012,100
2019-06-28 10:07:20.859881038,101325,201,100710,601,101490,201,100170,201,101530,201,100135,201,101882,201,100112,201,101929,100,100093,100,,,99956,100,,,99873,100,,,99803,100,,,99012,100,,,98472,100
2019-06-28 10:07:26.614434609,101325,201,100710,501,101490,201,100170,201,101530,201,100135,201,101882,201,100112,201,101929,100,100093,100,,,99956,100,,,99873,100,,,99803,100,,,99012,100,,,98472,100
2019-06-28 10:07:30.000000000,101325,201,100710,501,101490,201,100170,201,101530,201,100135,201,101882,201,100112,201,101929,100,100093,100,,,99956,100,,,99873,100,,,99803,100,,,99012,100,,,98472,100
2019-06-28 10:07:40.000000000,101325,302,100710,602,101490,302,100170,302,101530,100,100135,100,101882,100,100112,100,101929,100,100093,100,,,99956,100,,,99873,100,,,99803,100,,,99012,100,,,98472,100
2019-06-28 10:07:50.000000000,101325,504,100710,804,101490,100,100170,100,101530,100,100135,100,101882,100,100112,100,101929,100,100093,100,,,99956,100,,,99873,100,,,99803,100,,,99012,100,,,98472,100
2019-06-28 10:07:52.956459799,101325,504,100710,804,101477,100,100170,100,101490,100,100135,100,101530,100,100112,100,101882,100,100093,100,101929,100,99956,100,,,99873,100,,,99803,100,,,99012,100,,,98472,100
2019-06-28 10:08:00.000000000,101325,237,100710,537,101477,233,100170,233,101490,233,100135,233,101530,100,100112,100,101882,100,100093,100,101929,100,99956,100,,,99873,100,,,99803,100,,,99012,100,,,98472,100
2019-06-28 10:08:10.000000000,101325,504,100710,804,101477,100,100170,100,101490,100,100135,100,101530,100,100112,100,101882,100,100093,100,101929,100,99956,100,,,99873,100,,,99803,100,,,99012,100,,,98472,100
2019-06-28 10:08:20.000000000,101325,237,100710,537,101477,233,100170,233,101490,233,100135,233,101530,100,100112,100,101882,100,100093,100,101929,100,99956,100,,,99873,100,,,99803,100,,,99012,100,,,98472,100
2019-06-28 10:08:27.699028392,101325,237,100710,537,101477,233,100170,233,101490,233,100135,233,101530,100,100112,100,101736,100,100093,100,101882,100,99956,100,101929,100,99873,100,,,99803,100,,,99012,100,,,98472,100
2019-06-28 10:08:30.000000000,101325,504,100710,804,101477,100,100170,100,101490,100,100135,100,101530,100,100112,100,101736,100,100093,100,101882,100,99956,100,101929,100,99873,100,,,99803,100,,,99012,100,,,98472,100
2019-06-28 10:08:36.638899853,101325,504,100710,804,101477,100,100170,100,101490,100,100135,100,101493,100,100112,100,101530,100,100093,100,101736,100,99956,100,101882,100,99873,100,101929,100,99803,100,,,99012,100,,,98472,100
2019-06-28 10:08:40.000000000,101325,302,100710,602,101477,302,100170,302,101490,100,100135,100,101493,100,100112,100,101530,100,100093,100,101736,100,99956,100,101882,100,99873,100,101929,100,99803,100,,,99012,100,,,98472,100
2019-06-28 10:08:42.990849235,101325,302,100710,602,101477,302,100170,302,101490,100,100135,100,101493,100,100112,100,101530,100,100093,100,101736,100,99956,100,101917,100,99873,100,101929,100,99803,100,,,99012,100,,,98472,100
2019-06-28 10:08:46.165921918,101325,202,100710,602,101477,302,100170,302,101490,100,100135,100,101493,100,100112,100,101530,100,100093,100,101736,100,99956,100,101917,100,99873,100,101929,100,99803,100,,,99012,100,,,98472,100
2019-06-28 10:08:50.000000000,101477,201,100710,501,101490,201,100170,201,101493,201,100135,201,101530,201,100112,201,101736,100,100093,100,101917,100,99956,100,101929,100,99873,100,,,99803,100,,,99012,100,,,98472,100
2019-06-28 10:09:00.000000000,101477,201,100710,501,101490,201,100170,201,101493,201,100135,201,101530,201,100112,201,101736,100,100093,100,101917,100,99956,100,101929,100,99873,100,,,99803,100,,,99012,100,,,98472,100
2019-06-28 10:09:10.000000000,101477,237,100710,537,101490,233,100170,233,101493,233,100135,233,101530,100,100112,100,101736,100,100093,100,101917,100,99956,100,101929,100,99873,100,,,99803,100,,,99012,100,,,98472,100
2019-06-28 10:09:17.274986031,101477,237,101413,100,101490,233,100710,537,101493,233,100170,233,101530,100,100135,233,101736,100,100112,100,101917,100,100093,100,101929,100,99956,100,,,99873,100,,,99803,100,,,99012,100
2019-06-28 10:09:20.000000000,101477,504,101413,504,101490,100,100710,400,101493,100,100170,100,101530,100,100135,100,101736,100,100112,100,101917,100,100093,100,101929,100,99956,100,,,99873,100,,,99803,100,,,99012,100
2019-06-28 10:09:22.609813813,101477,504,101463,100,101490,100,101413,504,101493,100,100710,400,101530,100,100170,100,101736,100,100135,100,101917,100,100112,100,101929,100,100093,100,,,99956,100,,,99873,100,,,99803,100
2019-06-28 10:09:30.000000000,101477,201,101463,201,101490,201,101413,201,101493,201,100710,501,101530,201,100170,201,101736,100,100135,100,101917,100,100112,100,101929,100,100093,100,,,99956,100,,,99873,100,,,99803,100
2019-06-28 10:09:40.000000000,101477,237,101463,237,101490,233,101413,233,101493,233,100710,533,101530,100,100170,100,101736,100,100135,100,101917,100,100112,100,101929,100,100093,100,,,99956,100,,,99873,100,,,99803,100
2019-06-28 10:09:42.463041613,101477,237,101463,237,101490,133,101413,233,101493,233,101130,100,101530,100,100710,533,101736,100,100170,100,101917,100,100135,100,101929,100,100112,100,,,100093,100,,,99956,100,,,99873,100
2019-06-28 10:09:44.404036007,101477,237,101463,137,101490,133,101413,233,101493,233,101130,100,101530,100,100710,533,101736,100,100170,100,101917,100,100135,100,101929,100,100112,100,,,100093,100,,,99956,100,,,99873,100
2019-06-28 10:09:50.000000000,101477,504,101413,504,101493,100,101130,100,101530,100,100710,400,101736,100,100170,100,101917,100,100135,100,101929,100,100112,100,,,100093,100,,,99956,100,,,99873,100,,,99803,100
2019-06-28 10:09:59.158275942,101477,504,101413,404,101493,100,101130,100,101530,100,100710,400,101736,100,100170,100,101917,100,100135,100,101929,100,100112,100,,,100093,100,,,99956,100,,,99873,100,,,99803,100
2019-06-28 10:10:00.000000000,101477,181,101130,181,101493,181,100710,481,101530,181,100170,181,101736,181,100135,181,101917,181,100112,181,101929,100,100093,100,,,99956,100,,,99873,100,,,99803,100,,,99012,100
2019-06-28 10:10:10.000000000,101477,504,101130,504,101493,100,100710,400,101530,100,100170,100,101736,100,100135,100,101917,100,100112,100,101929,100,100093,100,,,99956,100,,,99873,100,,,99803,100,,,99012,100
2019-06-28 10:10:15.191057816,101196,100,101130,504,101477,504,100710,400,101493,100,100170,100,101530,100,100135,100,101736,100,100112,100,101917,100,100093,100,101929,100,99956,100,,,99873,100,,,99803,100,,,99012,100
2019-06-28 10:10:20.000000000,101196,181,101130,181,101477,181,100710,481,101493,181,100170,181,101530,181,100135,181,101736,181,100112,181,101917,100,100093,100,101929,100,99956,100,,,99873,100,,,99803,100,,,99012,100
2019-06-28 10:10:21.729053213,101196,181,101130,181,101477,181,100710,481,101493,181,100170,181,101530,181,100135,181,101736,181,100112,181,101917,100,99956,100,101929,100,99873,100,,,99803,100,,,99012,100,,,98472,100
2019-06-28 10:10:25.142669858,101196,181,101130,81,101477,181,100710,481,101493,181,100170,181,101530,181,100135,181,101736,181,100112,181,101917,100,99956,100,101929,100,99873,100,,,99803,100,,,99012,100,,,98472,100
2019-06-28 10:10:30.000000000,101196,201,100710,501,101477,201,100170,201,101493,201,100135,201,101530,201,100112,201,101736,100,99956,100,101917,100,99873,100,101929,100,99803,100,,,99012,100,,,98472,100,,,,
2019-06-28 10:10:35.739144559,100947,100,100710,501,101196,201,100170,201,101477,201,100135,201,101493,201,100112,201,101530,201,99956,100,101736,100,99873,100,101917,100,99803,100,101929,100,99012,100,,,98472,100,,,,
2019-06-28 10:10:38.378946824,100947,100,100710,501,101139,100,100170,201,101196,201,100135,201,101477,201,100112,201,101493,201,99956,100,101530,201,99873,100,101736,100,99803,100,101917,100,99012,100,101929,100,98472,100,,,,
2019-06-28 10:10:40.000000000,100947,237,100710,537,101139,233,100170,233,101196,233,100135,233,101477,100,100112,100,101493,100,99956,100,101530,100,99873,100,101736,100,99803,100,101917,100,99012,100,101929,100,98472,100,,,,
2019-06-28 10:10:41.469504597,100947,237,100768,100,101139,233,100710,537,101196,233,100170,233,101477,100,100135,233,101530,100,100112,100,101736,100,99956,100,101917,100,99873,100,101929,100,99803,100,,,99012,100,,,98472,100
2019-06-28 10:10:47.278992399,100838,100,100768,100,100947,237,100710,537,101139,233,100170,233,101196,233,100135,233,101530,100,100112,100,101736,100,99956,100,101917,100,99873,100,101929,100,99803,100,,,99012,100,,,98472,100
2019-06-28 10:10:50.000000000,100838,237,100768,237,100947,233,100710,533,101139,233,100170,233,101196,100,100135,100,101530,100,100112,100,101736,100,99956,100,101917,100,99873,100,101929,100,99803,100,,,99012,100,,,98472,100
2019-06-28 10:10:58.646364545,100838,237,100768,237,100947,233,100710,533,100963,100,100170,233,101139,233,100135,100,101196,100,100112,100,101530,100,99956,100,101736,100,99873,100,101917,100,99803,100,,,99012,100,,,98472,100
2019-06-28 10:10:58.952780358,100838,237,100768,237,100947,233,100764,100,100963,100,100710,533,101139,233,100170,233,101196,100,100135,100,101530,100,100112,100,101736,100,99956,100,101917,100,99873,100,,,99803,100,,,99012,100
2019-06-28 10:11:00.000000000,100838,302,100768,302,100947,302,100764,302,100963,100,100710,400,101139,100,100170,100,101196,100,100135,100,101530,100,100112,100,101736,100,99956,100,101917,100,99873,100,,,99803,100,,,99012,100
2019-06-28 10:11:10.000000000,100838,504,100768,504,100947,100,100764,100,100963,100,100710,400,101139,100,100170,100,101196,100,100135,100,101530,100,100112,100,101736,100,99956,100,101917,100,99873,100,,,99803,100,,,99012,100
2019-06-28 10:11:13.673999526,100838,504,100768,504,100932,100,100764,100,100947,100,100710,400,101139,100,100170,100,101196,100,100135,100,101530,100,100112,100,101736,100,99956,100,101917,100,99873,100,,,99803,100,,,99012,100
2019-06-28 10:11:20.000000000,100838,504,100768,504,100932,100,100764,100,100947,100,100710,400,101139,100,100170,100,101196,100,100135,100,101530,100,100112,100,101736,100,99956,100,101917,100,99873,100,,,99803,100,,,99012,100
2019-06-28 10:11:29.727834297,100838,504,100768,504,100932,100,100764,100,100947,100,100710,400,101139,100,100170,100,101196,100,100135,100,101413,100,100112,100,101530,100,99956,100,101736,100,99873,100,101917,100,99803,100,,,99012,100
2019-06-28 10:11:30.000000000,100838,504,100768,504,100932,100,100764,100,100947,100,100710,400,101139,100,100170,100,101196,100,100135,100,101413,100,100112,100,101530,100,99956,100,101736,100,99873,100,101917,100,99803,100,,,99012,100
2019-06-28 10:11:31.915469683,100838,504,100768,504,100932,100,100764,100,100947,100,100710,400,101139,100,100170,100,101196,100,100135,100,101224,100,100112,100,101413,100,99956,100,101530,100,99873,100,101736,100,99803,100,101917,100,99012,100
2019-06-28 10:11:40.000000000,100838,181,100768,181,100932,181,100764,181,100947,181,100710,481,101139,181,100170,181,101196,181,100135,181,101224,100,100112,100,101413,100,99956,100,101530,100,99873,100,101736,100,99803,100,101917,100,99012,100
