,ask_price_1,ask_size_1,bid_price_1,bid_size_1,ask_price_2,ask_size_2,bid_price_2,bid_size_2,ask_price_3,ask_size_3,bid_price_3,bid_size_3,ask_price_4,ask_size_4,bid_price_4,bid_size_4,ask_price_5,ask_size_5,bid_price_5,bid_size_5,ask_price_6,ask_size_6,bid_price_6,bid_size_6,ask_price_7,ask_size_7,bid_price_7,bid_size_7,ask_price_8,ask_size_8,bid_price_8,bid_size_8,ask_price_9,ask_size_9,bid_price_9,bid_size_9,ask_price_10,ask_size_10,bid_price_10,bid_size_10
2019-06-28 09:30:00.000000002,,,99887,100,,,,,,,,,,,,,,,,,,,,,,,,,,,,,,,,,,,,
2019-06-28 09:30:00.000000003,100109,100,99887,100,,,,,,,,,,,,,,,,,,,,,,,,,,,,,,,,,,,,
2019-06-28 09:30:00.000000010,100109,100,99900,100,,,99887,100,,,,,,,,,,,,,,,,,,,,,,,,,,,,,,,,
2019-06-28 09:30:00.000000013,100105,100,99900,100,100109,100,99887,100,,,,,,,,,,,,,,,,,,,,,,,,,,,,,,,,
2019-06-28 09:30:00.000000019,100105,100,99900,100,100109,100,99887,100,,,,,,,,,,,,,,,,,,,,,,,,,,,,,,,,
2019-06-28 09:30:00.000000020,99970,100,99900,100,100105,100,99887,100,100109,100,,,,,,,,,,,,,,,,,,,,,,,,,,,,,,
2019-06-28 09:30:00.000000021,100105,100,99900,100,100109,100,99887,100,,,,,,,,,,,,,,,,,,,,,,,,,,,,,,,,
2019-06-28 09:30:00.000000023,100105,100,99900,100,100109,100,99895,100,,,99887,100,,,,,,,,,,,,,,,,,,,,,,,,,,,,
2019-06-28 09:30:00.000000024,100105,100,99947,100,100109,100,99900,100,,,99895,100,,,99887,100,,,,,,,,,,,,,,,,,,,,,,,,
2019-06-28 09:30:00.000000026,100105,100,99947,100,100109,100,99900,100,,,99895,100,,,99887,100,,,99845,100,,,,,,,,,,,,,,,,,,,,
2019-06-28 09:30:00.000000033,100105,100,99947,100,100108,100,99900,100,100109,100,99895,100,,,99887,100,,,99845,100,,,,,,,,,,,,,,,,,,,,
2019-06-28 09:30:00.000000035,100105,100,99947,100,100108,100,99900,100,100109,100,99895,100,100136,100,99887,100,,,99845,100,,,,,,,,,,,,,,,,,,,,
2019-06-28 09:30:00.000000036,100014,100,99947,100,100105,100,99900,100,100108,100,99896,100,100109,100,99895,100,100136,100,99887,100,,,99845,100,,,,,,,,,,,,,,,,
2019-06-28 09:30:00.000000037,100014,100,99900,100,100105,100,99896,100,100108,100,99895,100,100109,100,99887,100,100136,100,99845,100,,,,,,,,,,,,,,,,,,,,
2019-06-28 09:30:00.000000038,100014,100,99994,100,100105,100,99900,100,100108,100,99896,100,100109,100,99895,100,100136,100,99887,100,,,99845,100,,,,,,,,,,,,,,,,
2019-06-28 09:30:00.000000040,100014,100,99994,100,100105,100,99947,100,100108,100,99900,100,100109,100,99896,100,100136,100,99895,100,,,99887,100,,,99845,100,,,,,,,,,,,,
2019-06-28 09:30:00.000000041,100014,100,99994,100,100105,100,99947,200,100108,100,99900,100,100109,100,99896,100,100136,100,99895,100,,,99887,100,,,99845,100,,,,,,,,,,,,
2019-06-28 09:30:00.000000042,100014,100,99994,100,100105,100,99947,200,100107,100,99900,100,100108,100,99896,100,100109,100,99895,100,100124,100,99887,100,100136,100,99845,100,100139,100,,,,,,,,,,
2019-06-28 09:30:00.000000043,100014,100,99994,100,100105,100,99947,200,100107,100,99900,100,100108,100,99896,100,100109,100,99895,100,100124,100,99887,100,100136,100,99845,100,100139,100,99821,100,,,,,,,,
2019-06-28 09:30:00.000000044,100014,100,99994,100,100105,100,99947,200,100107,100,99914,100,100108,100,99900,100,100109,100,99896,100,100124,100,99895,100,100136,100,99887,100,100139,100,99845,100,,,99821,100,,,,
2019-06-28 09:30:00.000000049,100014,100,99994,100,100099,100,99947,200,100105,100,99914,100,100107,100,99900,100,100108,100,99896,100,100109,100,99895,100,100124,100,99887,100,100136,100,99845,100,100139,100,99821,100,,,,
2019-06-28 09:30:00.000000050,100014,100,99947,200,100099,100,99914,100,100105,100,99900,100,100107,100,99896,100,100108,100,99895,100,100109,100,99887,100,100124,100,99845,100,100136,100,99821,100,100139,100,,,,,,
2019-06-28 09:30:00.000000052,100014,100,99947,200,100099,100,99914,100,100105,100,99900,100,100107,100,99896,100,100108,100,99895,100,100109,100,99887,100,100124,100,99871,100,100136,100,99845,100,100139,100,99821,100,,,,
2019-06-28 09:30:00.000000054,100014,100,99989,100,100099,100,99948,100,100105,100,99947,200,100107,100,99914,100,100108,100,99900,100,100109,100,99896,100,100124,100,99895,100,100136,100,99887,100,100139,100,99871,100,,,99845,100
2019-06-28 09:30:00.000000056,99994,100,99989,100,100014,100,99948,100,100099,100,99947,200,100105,100,99914,100,100107,100,99900,100,100108,100,99896,100,100109,100,99895,100,100124,100,99887,100,100136,100,99871,100,100139,100,99845,100
2019-06-28 09:30:00.000000058,99994,100,99989,100,99996,100,99948,100,100014,100,99947,200,100099,100,99914,100,100105,100,99900,100,100107,100,99896,100,100108,100,99895,100,100109,100,99887,100,100124,100,99871,100,100136,100,99845,100
2019-06-28 09:30:00.000000060,99994,100,99989,100,99996,100,99948,200,100014,100,99947,200,100099,100,99914,100,100105,100,99900,100,100107,100,99896,100,100108,100,99895,100,100109,100,99887,100,100124,100,99871,100,100136,100,99845,100
2019-06-28 09:30:00.000000062,99994,100,99993,100,99996,100,99989,100,100014,100,99948,200,100087,100,99947,200,100099,100,99914,100,100105,100,99900,100,100107,100,99896,100,100108,100,99895,100,100109,100,99887,100,100124,100,99871,100
2019-06-28 09:30:00.000000063,99994,100,99993,100,99996,100,99989,100,100014,100,99981,100,100087,100,99948,200,100099,100,99947,200,100105,100,99914,100,100107,100,99900,100,100108,100,99896,100,100109,100,99895,100,100124,100,99887,100
2019-06-28 09:30:00.000000066,99994,100,99993,100,99996,100,99989,100,100014,100,99981,100,100087,100,99948,200,100099,100,99947,200,100105,100,99914,100,100107,100,99912,100,100108,100,99900,100,100109,100,99896,100,100124,100,99895,100
2019-06-28 09:30:00.000000070,99994,100,99993,100,99996,100,99989,100,100014,100,99981,100,100087,100,99948,200,100099,100,99947,200,100105,100,99942,100,100107,100,99914,100,100108,100,99912,100,100109,100,99900,100,100124,100,99896,100
2019-06-28 09:30:00.000000071,99996,100,99993,100,100014,100,99989,100,100087,100,99981,100,100099,100,99948,200,100105,100,99947,200,100107,100,99942,100,100108,100,99914,100,100109,100,99912,100,100124,100,99900,100,100136,100,99896,100
2019-06-28 09:30:00.000000072,99996,100,99993,100,100014,100,99989,100,100087,100,99981,100,100099,100,99979,100,100105,100,99948,200,100107,100,99947,200,100108,100,99942,100,100109,100,99914,100,100124,100,99912,100,100136,100,99900,200
2019-06-28 09:30:00.000000074,100014,100,99993,100,100087,100,99989,100,100099,100,99986,100,100105,100,99981,100,100107,100,99979,100,100108,100,99948,200,100109,100,99947,200,100124,100,99942,100,100136,100,99914,100,100139,100,99912,100
2019-06-28 09:30:00.000000076,100005,100,99993,100,100014,100,99989,100,100087,100,99986,100,100099,100,99981,100,100105,100,99979,100,100107,100,99948,200,100108,100,99947,200,100109,100,99942,100,100124,100,99914,100,100136,100,99912,100
2019-06-28 09:30:00.000000078,99996,100,99993,100,100005,100,99989,100,100014,100,99986,100,100087,100,99981,100,100099,100,99979,100,100105,100,99948,200,100107,100,99947,200,100108,100,99942,100,100109,100,99914,100,100124,100,99912,100
2019-06-28 09:30:00.000000079,99996,100,99993,100,100005,100,99989,100,100014,100,99986,100,100068,100,99981,100,100087,100,99979,100,100099,100,99948,200,100105,100,99947,200,100107,100,99942,100,100108,100,99914,100,100109,100,99912,100
2019-06-28 09:30:00.000000080,99996,100,99993,100,100005,100,99989,100,100014,100,99986,100,100026,100,99981,100,100068,100,99979,100,100087,100,99948,200,100099,100,99947,200,100105,100,99942,100,100107,100,99930,100,100108,100,99914,100
2019-06-28 09:30:00.000000081,99996,200,99993,100,100005,100,99989,100,100014,100,99986,100,100026,100,99981,100,100068,100,99979,100,100087,100,99948,200,100099,100,99947,200,100105,100,99942,100,100107,100,99930,100,100108,100,99914,100
2019-06-28 09:30:00.000000083,99996,200,99993,100,100005,100,99989,100,100014,100,99986,100,100026,200,99981,100,100068,100,99979,100,100087,100,99948,200,100099,100,99947,200,100105,100,99942,100,100107,100,99930,100,100108,100,99914,100
2019-06-28 09:30:00.000000084,99996,200,99993,100,100005,100,99989,100,100014,100,99986,100,100018,100,99981,100,100026,200,99979,100,100068,100,99949,100,100087,100,99948,200,100099,100,99947,200,100105,100,99942,100,100107,100,99930,100
2019-06-28 09:30:00.000000086,99996,100,99989,100,100005,100,99986,100,100014,100,99981,100,100018,100,99979,100,100026,200,99949,100,100068,100,99948,200,100087,100,99947,300,100099,100,99942,100,100105,100,99930,100,100107,100,99914,100
2019-06-28 09:30:00.000000087,99995,100,99989,100,99996,100,99986,100,100005,100,99981,100,100014,100,99979,100,100018,100,99949,100,100026,200,99948,200,100068,100,99947,300,100087,100,99942,100,100099,100,99930,100,100105,100,99914,100
2019-06-28 09:30:00.000000090,99995,100,99989,100,99996,100,99986,100,100005,100,99981,100,100014,100,99979,100,100018,100,99974,100,100026,200,99949,100,100068,100,99948,200,100087,100,99947,300,100099,100,99942,100,100105,100,99930,100
2019-06-28 09:30:00.000000092,99995,100,99989,100,99996,100,99986,100,100005,100,99981,100,100014,100,99979,100,100018,100,99974,100,100026,200,99949,100,100068,100,99948,200,100087,100,99947,300,100099,100,99942,100,100105,100,99930,100
2019-06-28 09:30:00.000000096,99995,200,99989,100,99996,100,99986,100,100005,100,99981,100,100014,100,99979,100,100018,100,99974,100,100026,200,99949,100,100068,100,99948,200,100087,100,99947,300,100090,100,99942,100,100099,100,99930,100
2019-06-28 09:30:00.000000099,99995,300,99989,100,99996,100,99986,100,100005,100,99981,100,100014,100,99979,100,100018,100,99974,100,100026,200,99949,100,100068,100,99948,200,100087,100,99947,300,100090,100,99942,100,100099,100,99930,100
2019-06-28 09:30:01.548645828,99995,300,99993,100,99996,100,99989,100,100005,100,99986,100,100014,100,99981,100,100018,100,99979,100,100026,200,99974,100,100068,100,99949,100,100087,100,99948,200,100090,100,99947,300,100099,100,99942,100
2019-06-28 09:30:10.000000000,99995,445,99993,245,99996,241,99989,241,100005,241,99986,241,100014,100,99981,100,100018,100,99979,100,100026,200,99974,100,100068,100,99949,100,100087,100,99948,200,100090,100,99947,300,100099,100,99942,100
2019-06-28 09:30:20.000000000,99995,445,99993,245,99996,241,99989,241,100005,241,99986,241,100014,100,99981,100,100018,100,99979,100,100026,200,99974,100,100068,100,99949,100,100087,100,99948,200,100090,100,99947,300,100099,100,99942,100
2019-06-28 09:30:30.000000000,99995,513,99993,313,99996,313,99989,313,100005,100,99986,100,100014,100,99981,100,100018,100,99979,100,100026,200,99974,100,100068,100,99949,100,100087,100,99948,200,100090,100,99947,300,100099,100,99942,100
2019-06-28 09:30:35.214380726,99995,413,99993,313,99996,313,99989,313,100005,100,99986,100,100014,100,99981,100,100018,100,99979,100,100026,100,99974,100,100068,100,99949,100,100087,100,99948,200,100090,100,99947,300,100099,100,99942,100
2019-06-28 09:30:35.629034398,99995,413,99993,313,99996,313,99989,313,100005,100,99986,100,100014,100,99981,100,100018,100,99979,100,100026,100,99974,100,100068,100,99949,100,100087,100,99948,200,100099,100,99947,300,100105,100,99942,100
2019-06-28 09:30:40.000000000,99995,413,99993,313,99996,313,99989,313,100005,100,99986,100,100014,100,99981,100,100018,100,99979,100,100026,100,99974,100,100068,100,99949,100,100087,100,99948,200,100099,100,99947,300,100105,100,99942,100
2019-06-28 09:30:50.000000000,99995,285,99993,185,99996,185,99989,185,100005,185,99986,185,100014,185,99981,185,100018,185,99979,185,100026,100,99974,100,100068,100,99949,100,100087,100,99948,200,100099,100,99947,300,100105,100,99942,100
2019-06-28 09:30:53.212130953,99995,285,99993,185,99996,185,99989,185,100005,185,99986,185,100014,185,99981,185,100018,185,99979,185,100026,100,99974,100,100068,100,99949,100,100087,100,99948,200,100099,100,99947,300,100105,100,99942,100
2019-06-28 09:31:00.000000000,99995,626,99993,526,99996,100,99989,100,100005,100,99986,100,100014,100,99981,100,100018,100,99979,100,100026,100,99974,100,100068,100,99949,100,100087,100,99948,200,100099,100,99947,300,100105,100,99942,100
2019-06-28 09:31:10.000000000,99995,285,99993,185,99996,185,99989,185,100005,185,99986,185,100014,185,99981,185,100018,185,99979,185,100026,100,99974,100,100068,100,99949,100,100087,100,99948,200,100099,100,99947,300,100105,100,99942,100
2019-06-28 09:31:20.000000000,99995,285,99993,185,99996,185,99989,185,100005,185,99986,185,100014,185,99981,185,100018,185,99979,185,100026,100,99974,100,100068,100,99949,100,100087,100,99948,200,100099,100,99947,300,100105,100,99942,100
2019-06-28 09:31:30.000000000,99995,626,99993,526,99996,100,99989,100,100005,100,99986,100,100014,100,99981,100,100018,100,99979,100,100026,100,99974,100,100068,100,99949,100,100087,100,99948,200,100099,100,99947,300,100105,100,99942,100
2019-06-28 09:31:31.429328343,99995,626,99994,100,99996,100,99993,526,100005,100,99989,100,100014,100,99986,100,100018,100,99981,100,100026,100,99979,100,100068,100,99974,100,100087,100,99949,100,100099,100,99948,200,100105,100,99947,300
2019-06-28 09:31:40.000000000,99995,285,99994,185,99996,185,99993,185,100005,185,99989,185,100014,185,99986,185,100018,185,99981,185,100026,100,99979,100,100068,100,99974,100,100087,100,99949,100,100099,100,99948,200,100105,100,99947,300
2019-06-28 09:31:40.268896270,99995,285,99994,185,99996,185,99993,185,100005,85,99989,185,100014,185,99986,185,100018,185,99981,185,100026,100,99979,100,100068,100,99974,100,100087,100,99949,100,100099,100,99948,200,100105,100,99947,300
2019-06-28 09:31:50.000000000,99995,345,99994,245,99996,241,99993,241,100014,241,99989,241,100018,100,99986,100,100026,100,99981,100,100068,100,99979,100,100087,100,99974,100,100099,100,99949,100,100105,100,99948,200,100107,100,99947,300
2019-06-28 09:32:00.000000000,99995,306,99994,206,99996,206,99993,206,100014,206,99989,206,100018,206,99986,206,100026,100,99981,100,100068,100,99979,100,100087,100,99974,100,100099,100,99949,100,100105,100,99948,200,100107,100,99947,300
2019-06-28 09:32:10.000000000,99995,413,99994,313,99996,313,99993,313,100014,100,99989,100,100018,100,99986,100,100026,100,99981,100,100068,100,99979,100,100087,100,99974,100,100099,100,99949,100,100105,100,99948,200,100107,100,99947,300
2019-06-28 09:32:15.784647793,99995,313,99994,313,99996,313,99993,313,100014,100,99989,100,100018,100,99986,100,100026,100,99981,100,100068,100,99979,100,100087,100,99974,100,100099,100,99949,100,100105,100,99948,200,100107,100,99947,300
2019-06-28 09:32:20.000000000,99995,185,99994,185,99996,185,99993,185,100014,185,99989,185,100018,185,99986,185,100026,185,99981,185,100068,100,99979,100,100087,100,99974,100,100099,100,99949,100,100105,100,99948,200,100107,100,99947,300
2019-06-28 09:32:30.000000000,99995,245,99994,245,99996,241,99993,241,100014,241,99989,241,100018,100,99986,100,100026,100,99981,100,100068,100,99979,100,100087,100,99974,100,100099,100,99949,100,100105,100,99948,200,100107,100,99947,300
2019-06-28 09:32:36.089008847,99995,145,99994,245,99996,241,99993,241,100014,241,99989,241,100018,100,99986,100,100026,100,99981,100,100068,100,99979,100,100087,100,99974,100,100099,100,99949,100,100105,100,99948,200,100107,100,99947,300
2019-06-28 09:32:40.000000000,99996,185,99994,185,100014,185,99993,185,100018,185,99989,185,100026,185,99986,185,100068,185,99981,185,100087,100,99979,100,100099,100,99974,100,100105,100,99949,100,100107,100,99948,200,100108,100,99947,300
2019-06-28 09:32:50.000000000,99996,313,99994,313,100014,313,99993,313,100018,100,99989,100,100026,100,99986,100,100068,100,99981,100,100087,100,99979,100,100099,100,99974,100,100105,100,99949,100,100107,100,99948,200,100108,100,99947,300
2019-06-28 09:33:00.000000000,99996,245,99994,245,100014,241,99993,241,100018,241,99989,241,100026,100,99986,100,100068,100,99981,100,100087,100,99979,100,100099,100,99974,100,100105,100,99949,100,100107,100,99948,200,100108,100,99947,300
2019-06-28 09:33:01.632189311,99996,245,99995,100,100014,241,99994,245,100018,241,99993,241,100026,100,99989,241,100068,100,99986,100,100087,100,99981,100,100099,100,99979,100,100105,100,99974,100,100107,100,99949,100,100108,100,99948,200
2019-06-28 09:33:04.239411363,99996,245,99995,200,100014,241,99994,245,100018,241,99993,241,100026,100,99989,241,100068,100,99986,100,100087,100,99981,100,100099,100,99979,100,100105,100,99974,100,100107,100,99949,100,100108,100,99948,200
2019-06-28 09:33:10.000000000,99996,526,99995,626,100014,100,99994,100,100018,100,99993,100,100026,100,99989,100,100068,100,99986,100,100087,100,99981,100,100099,100,99979,100,100105,100,99974,100,100107,100,99949,100,100108,100,99948,200
2019-06-28 09:33:19.429222796,99996,426,99995,626,100014,100,99994,100,100018,100,99993,100,100026,100,99989,100,100068,100,99986,100,100087,100,99981,100,100099,100,99979,100,100105,100,99974,100,100107,100,99949,100,100108,100,99948,200
2019-06-28 09:33:20.000000000,100014,526,99995,626,100018,100,99994,100,100026,100,99993,100,100068,100,99989,100,100087,100,99986,100,100099,100,99981,100,100105,100,99979,100,100107,100,99974,100,100108,100,99949,100,100109,100,99948,200
2019-06-28 09:33:30.000000000,100014,245,99995,345,100018,241,99994,241,100026,241,99993,241,100068,100,99989,100,100087,100,99986,100,100099,100,99981,100,100105,100,99979,100,100107,100,99974,100,100108,100,99949,100,100109,100,99948,200
2019-06-28 09:33:40.000000000,100014,526,99995,626,100018,100,99994,100,100026,100,99993,100,100068,100,99989,100,100087,100,99986,100,100099,100,99981,100,100105,100,99979,100,100107,100,99974,100,100108,100,99949,100,100109,100,99948,200
2019-06-28 09:33:50.000000000,100014,206,99995,306,100018,206,99994,206,100026,206,99993,206,100068,206,99989,206,100087,100,99986,100,100099,100,99981,100,100105,100,99979,100,100107,100,99974,100,100108,100,99949,100,100109,100,99948,200
2019-06-28 09:34:00.000000000,100014,245,99995,345,100018,241,99994,241,100026,241,99993,241,100068,100,99989,100,100087,100,99986,100,100099,100,99981,100,100105,100,99979,100,100107,100,99974,100,100108,100,99949,100,100109,100,99948,200
2019-06-28 09:34:10.000000000,100014,526,99995,626,100018,100,99994,100,100026,100,99993,100,100068,100,99989,100,100087,100,99986,100,100099,100,99981,100,100105,100,99979,100,100107,100,99974,100,100108,100,99949,100,100109,100,99948,200
2019-06-28 09:34:20.000000000,100014,526,99995,626,100018,100,99994,100,100026,100,99993,100,100068,100,99989,100,100087,100,99986,100,100099,100,99981,100,100105,100,99979,100,100107,100,99974,100,100108,100,99949,100,100109,100,99948,200
2019-06-28 09:34:29.635145710,100014,426,99995,626,100018,100,99994,100,100026,100,99993,100,100068,100,99989,100,100087,100,99986,100,100099,100,99981,100,100105,100,99979,100,100107,100,99974,100,100108,100,99949,100,100109,100,99948,200
2019-06-28 09:34:30.000000000,100018,206,99995,306,100026,206,99994,206,100068,206,99993,206,100087,206,99989,206,100099,100,99986,100,100105,100,99981,100,100107,100,99979,100,100108,100,99974,100,100109,100,99949,100,100113,100,99948,200
2019-06-28 09:34:40.000000000,100018,245,99995,345,100026,241,99994,241,100068,241,99993,241,100087,100,99989,100,100099,100,99986,100,100105,100,99981,100,100107,100,99979,100,100108,100,99974,100,100109,100,99949,100,100113,100,99948,200
2019-06-28 09:34:50.000000000,100018,245,99995,345,100026,241,99994,241,100068,241,99993,241,100087,100,99989,100,100099,100,99986,100,100105,100,99981,100,100107,100,99979,100,100108,100,99974,100,100109,100,99949,100,100113,100,99948,200
2019-06-28 09:34:57.481219587,100018,245,99995,345,100026,241,99994,241,100068,241,99993,241,100087,100,99989,100,100099,100,99986,100,100105,100,99981,100,100107,100,99979,100,100108,100,99974,100,100109,100,99949,100,100113,100,99948,200
2019-06-28 09:35:00.000000000,100018,206,99995,306,100026,206,99994,206,100068,206,99993,206,100087,206,99989,206,100099,100,99986,100,100105,100,99981,100,100107,100,99979,100,100108,100,99974,100,100109,100,99949,100,100113,100,99948,200
2019-06-28 09:35:01.142445810,100018,206,99995,306,100026,206,99994,206,100068,206,99993,206,100087,206,99989,206,100099,100,99986,100,100105,100,99981,100,100107,100,99979,100,100108,100,99974,100,100109,100,99949,100,100113,100,99948,200
2019-06-28 09:35:02.453937856,100018,206,99995,306,100026,206,99994,206,100068,206,99993,206,100087,206,99989,206,100099,100,99986,100,100105,100,99981,100,100107,100,99979,100,100108,100,99974,100,100109,100,99949,100,100113,100,99948,200
2019-06-28 09:35:10.000000000,100018,185,99995,285,100026,185,99994,185,100068,185,99993,185,100087,185,99989,185,100099,185,99986,185,100105,100,99981,100,100107,100,99979,100,100108,100,99974,100,100109,100,99949,100,100113,100,99948,200
2019-06-28 09:35:16.421784171,100018,185,100011,100,100026,185,99995,285,100068,185,99994,185,100087,185,99993,185,100099,185,99989,185,100105,100,99986,185,100107,100,99981,100,100108,100,99979,100,100109,100,99974,100,100113,100,99949,100
2019-06-28 09:35:20.000000000,100018,185,100011,185,100026,185,99995,285,100068,185,99994,185,100087,185,99993,185,100099,185,99989,185,100105,100,99986,100,100107,100,99981,100,100108,100,99979,100,100109,100,99974,100,100113,100,99949,100
2019-06-28 09:35:30.000000000,100018,313,100011,313,100026,313,99995,413,100068,100,99994,100,100087,100,99993,100,100099,100,99989,100,100105,100,99986,100,100107,100,99981,100,100108,100,99979,100,100109,100,99974,100,100113,100,99949,100
2019-06-28 09:35:35.312406517,100018,313,100011,313,100026,313,99995,413,100068,100,99994,100,100087,100,99993,100,100099,100,99989,100,100105,100,99986,100,100107,100,99981,100,100108,100,99979,100,100109,100,99974,100,100113,100,99949,100
2019-06-28 09:35:39.199600243,100018,313,100011,313,100026,313,99996,100,100068,100,99995,413,100087,100,99994,100,100099,100,99993,100,100105,100,99989,100,100107,100,99986,100,100108,100,99981,100,100109,100,99979,100,100113,100,99974,100
2019-06-28 09:35:40.000000000,100018,245,100011,245,100026,241,99996,241,100068,241,99995,341,100087,100,99994,100,100099,100,99993,100,100105,100,99989,100,100107,100,99986,100,100108,100,99981,100,100109,100,99979,100,100113,100,99974,100
2019-06-28 09:35:50.000000000,100018,245,100011,245,100026,241,99996,241,100068,241,99995,341,100087,100,99994,100,100099,100,99993,100,100105,100,99989,100,100107,100,99986,100,100108,100,99981,100,100109,100,99979,100,100113,100,99974,100
2019-06-28 09:35:53.565675180,100018,245,100011,245,100026,241,99996,241,100068,241,99995,341,100087,100,99994,100,100099,100,99993,100,100105,100,99989,100,100107,100,99986,100,100108,100,99981,100,100109,100,99979,100,100113,100,99974,100
2019-06-28 09:36:00.000000000,100018,526,100011,526,100026,100,99996,100,100068,100,99995,200,100087,100,99994,100,100099,100,99993,100,100105,100,99989,100,100107,100,99986,100,100108,100,99981,100,100109,100,99979,100,100113,100,99974,100
2019-06-28 09:36:10.000000000,100018,245,100011,245,100026,241,99996,241,100068,241,99995,341,100087,100,99994,100,100099,100,99993,100,100105,100,99989,100,100107,100,99986,100,100108,100,99981,100,100109,100,99979,100,100113,100,99974,100
2019-06-28 09:36:11.674409239,100018,245,100011,145,100026,241,99996,241,100068,241,99995,341,100087,100,99994,100,100099,100,99993,100,100105,100,99989,100,100107,100,99986,100,100108,100,99981,100,100109,100,99979,100,100113,100,99974,100
2019-06-28 09:36:20.000000000,100018,526,99996,526,100026,100,99995,200,100068,100,99994,100,100087,100,99993,100,100099,100,99989,100,100105,100,99986,100,100107,100,99981,100,100108,100,99979,100,100109,100,99974,100,100113,100,99949,100
2019-06-28 09:36:20.720051832,100018,526,100012,100,100026,100,99996,526,100068,100,99995,200,100087,100,99994,100,100099,100,99993,100,100105,100,99989,100,100107,100,99986,100,100108,100,99981,100,100109,100,99979,100,100113,100,99974,100
2019-06-28 09:36:30.000000000,100018,206,100012,206,100026,206,99996,206,100068,206,99995,306,100087,206,99994,206,100099,100,99993,100,100105,100,99989,100,100107,100,99986,100,100108,100,99981,100,100109,100,99979,100,100113,100,99974,100
2019-06-28 09:36:31.056123416,100018,206,100012,206,100026,206,99996,206,100068,206,99995,306,100087,206,99994,206,100099,100,99993,100,100105,100,99989,100,100107,100,99986,100,100108,100,99981,100,100109,100,99979,100,100113,100,99974,100
2019-06-28 09:36:33.693094825,100018,206,100012,206,100026,206,99996,206,100068,206,99995,306,100087,206,99994,206,100099,100,99993,100,100105,100,99989,100,100107,100,99986,100,100108,100,99979,100,100109,100,99974,100,100113,100,99949,100
2019-06-28 09:36:40.000000000,100018,206,100012,206,100026,206,99996,206,100068,206,99995,306,100087,206,99994,206,100099,100,99993,100,100105,100,99989,100,100107,100,99986,100,100108,100,99979,100,100109,100,99974,100,100113,100,99949,100
2019-06-28 09:36:50.000000000,100018,185,100012,185,100026,185,99996,185,100068,185,99995,285,100087,185,99994,185,100099,185,99993,185,100105,100,99989,100,100107,100,99986,100,100108,100,99979,100,100109,100,99974,100,100113,100,99949,100
2019-06-28 09:37:00.000000000,100018,206,100012,206,100026,206,99996,206,100068,206,99995,306,100087,206,99994,206,100099,100,99993,100,100105,100,99989,100,100107,100,99986,100,100108,100,99979,100,100109,100,99974,100,100113,100,99949,100
2019-06-28 09:37:01.943664989,100018,106,100012,206,100026,206,99996,206,100068,206,99995,306,100087,206,99994,206,100099,100,99993,100,100105,100,99989,100,100107,100,99986,100,100108,100,99979,100,100109,100,99974,100,100113,100,99949,100
2019-06-28 09:37:09.223679235,100018,106,100012,206,100026,206,99996,206,100068,206,99995,206,100087,206,99994,206,100099,100,99993,100,100105,100,99989,100,100107,100,99986,100,100108,100,99979,100,100109,100,99974,100,100113,100,99949,100
2019-06-28 09:37:10.000000000,100026,185,100012,185,100068,185,99996,185,100087,185,99995,185,100099,185,99994,185,100105,185,99993,185,100107,100,99989,100,100108,100,99986,100,100109,100,99979,100,100113,100,99974,100,100124,100,99949,100
2019-06-28 09:37:20.000000000,100026,206,100012,206,100068,206,99996,206,100087,206,99995,206,100099,206,99994,206,100105,100,99993,100,100107,100,99989,100,100108,100,99986,100,100109,100,99979,100,100113,100,99974,100,100124,100,99949,100
2019-06-28 09:37:30.000000000,100026,526,100012,526,100068,100,99996,100,100087,100,99995,100,100099,100,99994,100,100105,100,99993,100,100107,100,99989,100,100108,100,99986,100,100109,100,99979,100,100113,100,99974,100,100124,100,99949,100
2019-06-28 09:37:36.602054097,100026,526,100012,526,100068,100,99996,100,100087,100,99995,100,100099,100,99994,100,100105,100,99993,100,100107,100,99989,100,100108,100,99986,100,100109,100,99979,100,100113,100,99974,100,100124,100,99949,100
2019-06-28 09:37:40.000000000,100026,526,100012,526,100068,100,99996,100,100087,100,99995,100,100099,100,99994,100,100105,100,99993,100,100107,100,99989,100,100108,100,99986,100,100109,100,99979,100,100113,100,99974,100,100124,100,99949,100
2019-06-28 09:37:44.891610435,100026,426,100012,526,100068,100,99996,100,100087,100,99995,100,100099,100,99994,100,100105,100,99993,100,100107,100,99989,100,100108,100,99986,100,100109,100,99979,100,100113,100,99974,100,100124,100,99949,100
2019-06-28 09:37:50.000000000,100068,526,100012,526,100087,100,99996,100,100099,100,99995,100,100105,100,99994,100,100107,100,99993,100,100108,100,99989,100,100109,100,99986,100,100113,100,99979,100,100124,100,99974,100,100135,100,99949,100
2019-06-28 09:37:52.598294031,100068,526,100012,526,100087,100,99996,100,100099,100,99995,100,100107,100,99994,100,100108,100,99993,100,100109,100,99989,100,100113,100,99986,100,100124,100,99979,100,100135,100,99974,100,100139,100,99949,100
2019-06-28 09:37:55.422199681,100068,526,100018,100,100087,100,100012,526,100099,100,99996,100,100107,100,99995,100,100108,100,99994,100,100109,100,99993,100,100113,100,99989,100,100124,100,99986,100,100135,100,99979,100,100139,100,99974,100
2019-06-28 09:38:00.000000000,100068,206,100018,206,100087,206,100012,206,100099,206,99996,206,100107,206,99995,206,100108,100,99994,100,100109,100,99993,100,100113,100,99989,100,100124,100,99986,100,100135,100,99979,100,100139,100,99974,100
2019-06-28 09:38:08.746105884,100068,206,100018,206,100087,206,100012,206,100099,206,99996,206,100107,206,99995,206,100108,100,99994,100,100109,100,99993,100,100113,100,99989,100,100124,100,99986,100,100135,100,99979,100,100139,100,99974,100
2019-06-28 09:38:10.000000000,100068,313,100018,313,100087,313,100012,313,100099,100,99996,100,100107,100,99995,100,100108,100,99994,100,100109,100,99993,100,100113,100,99989,100,100124,100,99986,100,100135,100,99979,100,100139,100,99974,100
2019-06-28 09:38:20.000000000,100068,245,100018,245,100087,241,100012,241,100099,241,99996,241,100107,100,99995,100,100108,100,99994,100,100109,100,99993,100,100113,100,99989,100,100124,100,99986,100,100135,100,99979,100,100139,100,99974,100
2019-06-28 09:38:24.303516454,100068,245,100018,245,100087,241,100012,241,100099,241,99996,241,100107,100,99995,100,100108,100,99994,100,100109,100,99993,100,100113,100,99989,100,100124,100,99986,100,100135,100,99979,100,100139,100,99974,100
2019-06-28 09:38:30.000000000,100068,206,100018,206,100087,206,100012,206,100099,206,99996,206,100107,206,99995,206,100108,100,99994,100,100109,100,99993,100,100113,100,99989,100,100124,100,99986,100,100135,100,99979,100,100139,100,99974,100
2019-06-28 09:38:33.315983143,100068,106,100018,206,100087,206,100012,206,100099,206,99996,206,100107,206,99995,206,100108,100,99994,100,100109,100,99993,100,100113,100,99986,100,100124,100,99979,100,100135,100,99974,100,100139,100,99949,100
2019-06-28 09:38:34.463585202,100068,6,100018,206,100087,206,100012,206,100099,206,99996,206,100107,206,99995,206,100108,100,99994,100,100109,100,99993,100,100113,100,99986,100,100124,100,99979,100,100135,100,99974,100,100139,100,99949,100
2019-06-28 09:38:36.612565088,100068,6,100018,206,100087,206,100012,206,100099,206,99996,206,100107,206,99995,206,100108,100,99994,100,100109,100,99993,100,100113,100,99986,100,100124,100,99979,100,100135,100,99974,100,100139,100,99949,100
2019-06-28 09:38:40.000000000,100087,313,100018,313,100099,313,100012,313,100107,100,99996,100,100108,100,99995,100,100109,100,99994,100,100113,100,99993,100,100124,100,99986,100,100135,100,99979,100,100139,100,99974,100,100164,100,99949,100
2019-06-28 09:38:50.000000000,100087,526,100018,526,100099,100,100012,100,100107,100,99996,100,100108,100,99995,100,100109,100,99994,100,100113,100,99993,100,100124,100,99986,100,100135,100,99979,100,100139,100,99974,100,100164,100,99949,100
2019-06-28 09:39:00.000000000,100087,185,100018,185,100099,185,100012,185,100107,185,99996,185,100108,185,99995,185,100109,185,99994,185,100113,100,99993,100,100124,100,99986,100,100135,100,99979,100,100139,100,99974,100,100164,100,99949,100
2019-06-28 09:39:10.000000000,100087,313,100018,313,100099,313,100012,313,100107,100,99996,100,100108,100,99995,100,100109,100,99994,100,100113,100,99993,100,100124,100,99986,100,100135,100,99979,100,100139,100,99974,100,100164,100,99949,100
2019-06-28 09:39:16.320292873,100087,313,100018,313,100099,313,100012,313,100107,100,99996,100,100108,100,99995,100,100109,100,99994,100,100113,100,99993,100,100124,100,99986,100,100135,100,99979,100,100139,100,99974,100,100164,100,99949,100
2019-06-28 09:39:20.000000000,100087,206,100018,206,100099,206,100012,206,100107,206,99996,206,100108,206,99995,206,100109,100,99994,100,100113,100,99993,100,100124,100,99986,100,100135,100,99979,100,100139,100,99974,100,100164,100,99949,100
2019-06-28 09:39:30.000000000,100087,206,100018,206,100099,206,100012,206,100107,206,99996,206,100108,206,99995,206,100109,100,99994,100,100113,100,99993,100,100124,100,99986,100,100135,100,99979,100,100139,100,99974,100,100164,100,99949,100
2019-06-28 09:39:40.000000000,100087,185,100018,185,100099,185,100012,185,100107,185,99996,185,100108,185,99995,185,100109,185,99994,185,100113,100,99993,100,100124,100,99986,100,100135,100,99979,100,100139,100,99974,100,100164,100,99949,100
2019-06-28 09:39:50.000000000,100087,526,100018,526,100099,100,100012,100,100107,100,99996,100,100108,100,99995,100,100109,100,99994,100,100113,100,99993,100,100124,100,99986,100,100135,100,99979,100,100139,100,99974,100,100164,100,99949,100
2019-06-28 09:39:54.818406079,100087,426,100018,526,100099,100,100012,100,100107,100,99996,100,100108,100,99995,100,100109,100,99994,100,100113,100,99993,100,100124,100,99986,100,100135,100,99979,100,100139,100,99974,100,100164,100,99949,100
2019-06-28 09:40:00.000000000,100099,526,100018,526,100107,100,100012,100,100108,100,99996,100,100109,100,99995,100,100113,100,99994,100,100124,100,99993,100,100135,100,99986,100,100139,100,99979,100,100164,100,99974,100,100173,100,99949,100
2019-06-28 09:40:01.880634958,100099,426,100018,526,100107,100,100012,100,100108,100,99996,100,100109,100,99995,100,100113,100,99994,100,100124,100,99993,100,100135,100,99986,100,100139,100,99979,100,100164,100,99974,100,100173,100,99949,100
2019-06-28 09:40:03.147350337,100099,426,100068,100,100107,100,100018,526,100108,100,100012,100,100109,100,99996,100,100113,100,99995,100,100124,100,99994,100,100135,100,99993,100,100139,100,99986,100,100164,100,99979,100,100173,100,99974,100
2019-06-28 09:40:10.000000000,100107,313,100068,313,100108,313,100018,313,100109,100,100012,100,100113,100,99996,100,100124,100,99995,100,100135,100,99994,100,100139,100,99993,100,100164,100,99986,100,100173,100,99979,100,100194,100,99974,100
2019-06-28 09:40:18.056123472,100107,313,100068,313,100108,313,100018,313,100109,100,100012,100,100113,100,99996,100,100124,100,99995,100,100135,100,99994,100,100139,100,99993,100,100164,100,99986,100,100173,100,99979,100,100194,100,99974,100
2019-06-28 09:40:20.000000000,100107,206,100068,206,100108,206,100018,206,100109,206,100012,206,100113,206,99996,206,100124,100,99995,100,100135,100,99994,100,100139,100,99993,100,100164,100,99986,100,100173,100,99979,100,100194,100,99974,100
2019-06-28 09:40:28.702457289,100107,206,100068,206,100108,206,100038,100,100109,206,100018,206,100113,206,100012,206,100124,100,99996,206,100135,100,99995,100,100139,100,99994,100,100164,100,99993,100,100173,100,99986,100,100194,100,99979,100
2019-06-28 09:40:30.000000000,100107,526,100068,526,100108,100,100038,100,100109,100,100018,100,100113,100,100012,100,100124,100,99996,100,100135,100,99995,100,100139,100,99994,100,100164,100,99993,100,100173,100,99986,100,100194,100,99979,100
2019-06-28 09:40:33.430389381,100107,426,100068,526,100108,100,100038,100,100109,100,100018,100,100113,100,100012,100,100124,100,99996,100,100135,100,99995,100,100139,100,99994,100,100164,100,99993,100,100173,100,99986,100,100194,100,99979,100
2019-06-28 09:40:40.000000000,100108,206,100068,206,100109,206,100038,206,100113,206,100018,206,100124,206,100012,206,100135,100,99996,100,100139,100,99995,100,100164,100,99994,100,100173,100,99993,100,100194,100,99986,100,100329,100,99979,100
2019-06-28 09:40:50.000000000,100108,206,100068,206,100109,206,100038,206,100113,206,100018,206,100124,206,100012,206,100135,100,99996,100,100139,100,99995,100,100164,100,99994,100,100173,100,99993,100,100194,100,99986,100,100329,100,99979,100
2019-06-28 09:41:00.000000000,100108,526,100068,526,100109,100,100038,100,100113,100,100018,100,100124,100,100012,100,100135,100,99996,100,100139,100,99995,100,100164,100,99994,100,100173,100,99993,100,100194,100,99986,100,100329,100,99979,100
2019-06-28 09:41:10.000000000,100108,206,100068,206,100109,206,100038,206,100113,206,100018,206,100124,206,100012,206,100135,100,99996,100,100139,100,99995,100,100164,100,99994,100,100173,100,99993,100,100194,100,99986,100,100329,100,99979,100
2019-06-28 09:41:15.073095064,100108,206,100068,206,100109,206,100061,100,100113,206,100038,206,100124,206,100018,206,100135,100,100012,206,100139,100,99996,100,100164,100,99995,100,100173,100,99994,100,100194,100,99993,100,100329,100,99986,100
2019-06-28 09:41:20.000000000,100108,313,100068,313,100109,313,100061,313,100113,100,100038,100,100124,100,100018,100,100135,100,100012,100,100139,100,99996,100,100164,100,99995,100,100173,100,99994,100,100194,100,99993,100,100329,100,99986,100
2019-06-28 09:41:30.000000000,100108,206,100068,206,100109,206,100061,206,100113,206,100038,206,100124,206,100018,206,100135,100,100012,100,100139,100,99996,100,100164,100,99995,100,100173,100,99994,100,100194,100,99993,100,100329,100,99986,100
2019-06-28 09:41:31.775568624,100108,206,100087,100,100109,206,100068,206,100113,206,100061,206,100124,206,100038,206,100135,100,100018,206,100139,100,100012,100,100164,100,99996,100,100173,100,99995,100,100194,100,99994,100,100329,100,99986,100
2019-06-28 09:41:38.435087216,100108,206,100087,100,100109,206,100068,206,100113,206,100061,206,100124,206,100040,100,100135,100,100038,206,100139,100,100018,206,100164,100,100012,100,100173,100,99996,100,100194,100,99995,100,100329,100,99994,100
2019-06-28 09:41:40.000000000,100108,313,100087,313,100109,313,100068,313,100113,100,100061,100,100124,100,100040,100,100135,100,100038,100,100139,100,100018,100,100164,100,100012,100,100173,100,99996,100,100194,100,99995,100,100329,100,99994,100
2019-06-28 09:41:50.000000000,100108,206,100087,206,100109,206,100068,206,100113,206,100061,206,100124,206,100040,206,100135,100,100038,100,100139,100,100018,100,100164,100,100012,100,100173,100,99996,100,100194,100,99995,100,100329,100,99994,100
2019-06-28 09:42:00.000000000,100108,185,100087,185,100109,185,100068,185,100113,185,100061,185,100124,185,100040,185,100135,185,100038,185,100139,100,100018,100,100164,100,100012,100,100173,100,99996,100,100194,100,99995,100,100329,100,99994,100
2019-06-28 09:42:09.448868185,100108,185,100087,85,100109,185,100068,185,100113,185,100061,185,100124,185,100040,185,100135,185,100038,185,100139,100,100018,100,100164,100,100012,100,100173,100,99996,100,100194,100,99995,100,100329,100,99986,100
2019-06-28 09:42:10.000000000,100108,206,100068,206,100109,206,100061,206,100113,206,100040,206,100124,206,100038,206,100135,100,100018,100,100139,100,100012,100,100164,100,99996,100,100173,100,99995,100,100194,100,99986,100,100329,100,99979,100
2019-06-28 09:42:10.340688706,100108,206,100068,106,100109,206,100061,206,100113,206,100040,206,100124,206,100038,206,100135,100,100018,100,100139,100,100012,100,100164,100,99996,100,100173,100,99995,100,100194,100,99986,100,100329,100,99979,100
2019-06-28 09:42:20.000000000,100108,245,100061,245,100109,241,100040,241,100113,241,100038,241,100124,100,100018,100,100135,100,100012,100,100139,100,99996,100,100164,100,99995,100,100173,100,99986,100,100194,100,99979,100,100329,100,99974,100
2019-06-28 09:42:30.000000000,100108,185,100061,185,100109,185,100040,185,100113,185,100038,185,100124,185,100018,185,100135,185,100012,185,100139,100,99996,100,100164,100,99995,100,100173,100,99986,100,100194,100,99979,100,100329,100,99974,100
2019-06-28 09:42:38.145811797,100108,185,100061,85,100109,185,100040,185,100113,185,100038,185,100124,185,100018,185,100135,185,100012,185,100139,100,99996,100,100164,100,99995,100,100173,100,99986,100,100194,100,99979,100,100329,100,99974,100
2019-06-28 09:42:40.000000000,100108,206,100040,206,100109,206,100038,206,100113,206,100018,206,100124,206,100012,206,100135,100,99996,100,100139,100,99995,100,100164,100,99986,100,100173,100,99979,100,100194,100,99974,100,100329,100,99949,100
2019-06-28 09:42:44.636587435,100108,206,100040,206,100109,206,100038,206,100113,206,100018,206,100124,206,100012,206,100135,100,99996,100,100139,100,99995,100,100164,100,99986,100,100173,100,99979,100,100194,100,99974,100,100329,100,99949,100
2019-06-28 09:42:50.000000000,100108,526,100040,526,100109,100,100038,100,100113,100,100018,100,100124,100,100012,100,100135,100,99996,100,100139,100,99995,100,100164,100,99986,100,100173,100,99979,100,100194,100,99974,100,100329,100,99949,100
2019-06-28 09:43:00.000000000,100108,526,100040,526,100109,100,100038,100,100113,100,100018,100,100124,100,100012,100,100135,100,99996,100,100139,100,99995,100,100164,100,99986,100,100173,100,99979,100,100194,100,99974,100,100329,100,99949,100
2019-06-28 09:43:09.509209163,100108,526,100040,526,100109,100,100038,100,100113,100,100012,100,100124,100,99996,100,100135,100,99995,100,100139,100,99986,100,100164,100,99979,100,100173,100,99974,100,100194,100,99949,100,100329,100,99948,100
2019-06-28 09:43:10.000000000,100108,185,100040,185,100109,185,100038,185,100113,185,100012,185,100124,185,99996,185,100135,185,99995,185,100139,100,99986,100,100164,100,99979,100,100173,100,99974,100,100194,100,99949,100,100329,100,99948,100
2019-06-28 09:43:19.678490551,100108,185,100040,185,100109,185,100038,185,100113,185,100012,85,100124,185,99996,185,100135,185,99995,185,100139,100,99986,100,100164,100,99979,100,100173,100,99974,100,100194,100,99949,100,100329,100,99948,100
2019-06-28 09:43:20.000000000,100108,313,100040,313,100109,313,100038,313,100113,100,99996,100,100124,100,99995,100,100135,100,99986,100,100139,100,99979,100,100164,100,99974,100,100173,100,99949,100,100194,100,99948,100,100329,100,99942,100
2019-06-28 09:43:30.000000000,100108,313,100040,313,100109,313,100038,313,100113,100,99996,100,100124,100,99995,100,100135,100,99986,100,100139,100,99979,100,100164,100,99974,100,100173,100,99949,100,100194,100,99948,100,100329,100,99942,100
2019-06-28 09:43:34.863658292,100068,100,100040,313,100108,313,100038,313,100109,313,99996,100,100113,100,99995,100,100124,100,99986,100,100135,100,99979,100,100139,100,99974,100,100164,100,99949,100,100173,100,99948,100,100194,100,99942,100
2019-06-28 09:43:40.000000000,100068,206,100040,206,100108,206,100038,206,100109,206,99996,206,100113,206,99995,206,100124,100,99986,100,100135,100,99979,100,100139,100,99974,100,100164,100,99949,100,100173,100,99948,100,100194,100,99942,100
2019-06-28 09:43:40.354697430,100068,306,100040,206,100108,206,100038,206,100109,206,99996,206,100113,206,99995,206,100124,100,99986,100,100135,100,99979,100,100139,100,99974,100,100164,100,99949,100,100173,100,99948,100,100194,100,99942,100
2019-06-28 09:43:50.000000000,100068,285,100040,185,100108,185,100038,185,100109,185,99996,185,100113,185,99995,185,100124,185,99986,185,100135,100,99979,100,100139,100,99974,100,100164,100,99949,100,100173,100,99948,100,100194,100,99942,100
2019-06-28 09:44:00.000000000,100068,345,100040,245,100108,241,100038,241,100109,241,99996,241,100113,100,99995,100,100124,100,99986,100,100135,100,99979,100,100139,100,99974,100,100164,100,99949,100,100173,100,99948,100,100194,100,99942,100
2019-06-28 09:44:01.509556947,100068,345,100040,145,100108,241,100038,241,100109,241,99996,241,100113,100,99995,100,100124,100,99986,100,100135,100,99979,100,100139,100,99974,100,100164,100,99949,100,100173,100,99948,100,100194,100,99942,100
2019-06-28 09:44:10.000000000,100068,626,100038,526,100108,100,99996,100,100109,100,99995,100,100113,100,99986,100,100124,100,99979,100,100135,100,99974,100,100139,100,99949,100,100164,100,99948,100,100173,100,99942,100,100194,100,99920,100
2019-06-28 09:44:13.441188066,100061,100,100038,526,100068,626,99996,100,100108,100,99995,100,100109,100,99986,100,100113,100,99979,100,100124,100,99974,100,100135,100,99949,100,100139,100,99948,100,100164,100,99942,100,100173,100,99920,100
2019-06-28 09:44:20.000000000,100061,245,100038,245,100068,341,99996,241,100108,241,99995,241,100109,100,99986,100,100113,100,99979,100,100124,100,99974,100,100135,100,99949,100,100139,100,99948,100,100164,100,99942,100,100173,100,99920,100
2019-06-28 09:44:30.000000000,100061,526,100038,526,100068,200,99996,100,100108,100,99995,100,100109,100,99986,100,100113,100,99979,100,100124,100,99974,100,100135,100,99949,100,100139,100,99948,100,100164,100,99942,100,100173,100,99920,100
2019-06-28 09:44:30.139286929,100061,526,100038,526,100068,100,99996,100,100108,100,99995,100,100109,100,99986,100,100113,100,99979,100,100124,100,99974,100,100135,100,99949,100,100139,100,99948,100,100164,100,99942,100,100173,100,99920,100
2019-06-28 09:44:30.353706393,100061,526,100038,426,100068,100,99996,100,100108,100,99995,100,100109,100,99986,100,100113,100,99979,100,100124,100,99949,100,100135,100,99948,100,100139,100,99942,100,100164,100,99920,100,100173,100,99918,100
2019-06-28 09:44:30.796300140,100040,100,100038,426,100061,526,99996,100,100068,100,99995,100,100108,100,99986,100,100109,100,99979,100,100113,100,99949,100,100124,100,99948,100,100135,100,99942,100,100139,100,99920,100,100164,100,99918,100
2019-06-28 09:44:36.438390637,100040,200,100038,426,100061,526,99996,100,100068,100,99995,100,100108,100,99986,100,100109,100,99979,100,100113,100,99949,100,100124,100,99948,100,100135,100,99942,100,100139,100,99920,100,100164,100,99918,100
2019-06-28 09:44:40.000000000,100040,413,99996,313,100061,313,99995,313,100068,100,99986,100,100108,100,99979,100,100109,100,99949,100,100113,100,99948,100,100124,100,99942,100,100135,100,99920,100,100139,100,99918,100,100164,100,99913,200
2019-06-28 09:44:42.991517361,100040,413,99996,313,100061,313,99995,313,100068,100,99986,100,100108,100,99979,100,100109,100,99949,100,100113,100,99948,100,100124,100,99942,100,100135,100,99920,100,100139,100,99918,100,100164,100,99913,200
2019-06-28 09:44:43.140991884,100040,413,99996,313,100061,313,99995,313,100068,100,99986,100,100108,100,99979,100,100109,100,99949,100,100113,100,99948,100,100124,100,99942,100,100135,100,99920,100,100139,100,99913,200,100164,100,99912,100
2019-06-28 09:44:50.000000000,100040,285,99996,185,100061,185,99995,185,100068,185,99986,185,100108,185,99979,185,100109,185,99949,185,100113,100,99948,100,100124,100,99942,100,100135,100,99920,100,100139,100,99913,200,100164,100,99912,100
2019-06-28 09:45:00.000000000,100040,345,99996,245,100061,241,99995,241,100068,241,99986,241,100108,100,99979,100,100109,100,99949,100,100113,100,99948,100,100124,100,99942,100,100135,100,99920,100,100139,100,99913,200,100164,100,99912,100
2019-06-28 09:45:09.029049042,100040,345,99996,245,100061,241,99995,241,100068,241,99986,241,100108,100,99979,100,100109,100,99949,100,100113,100,99948,100,100124,100,99942,100,100135,100,99920,100,100139,100,99913,200,100173,100,99912,100
2019-06-28 09:45:10.000000000,100040,413,99996,313,100061,313,99995,313,100068,100,99986,100,100108,100,99979,100,100109,100,99949,100,100113,100,99948,100,100124,100,99942,100,100135,100,99920,100,100139,100,99913,200,100173,100,99912,100
2019-06-28 09:45:11.493295136,100040,413,99996,313,100061,313,99995,313,100068,100,99986,100,100108,100,99979,100,100109,100,99949,100,100113,100,99948,100,100124,100,99942,100,100135,100,99920,100,100139,100,99913,200,100173,100,99912,100
2019-06-28 09:45:20.000000000,100040,413,99996,313,100061,313,99995,313,100068,100,99986,100,100108,100,99979,100,100109,100,99949,100,100113,100,99948,100,100124,100,99942,100,100135,100,99920,100,100139,100,99913,200,100173,100,99912,100
2019-06-28 09:45:30.000000000,100040,626,99996,526,100061,100,99995,100,100068,100,99986,100,100108,100,99979,100,100109,100,99949,100,100113,100,99948,100,100124,100,99942,100,100135,100,99920,100,100139,100,99913,200,100173,100,99912,100
2019-06-28 09:45:37.319156154,100040,726,99996,526,100061,100,99986,100,100068,100,99979,100,100108,100,99949,100,100109,100,99948,100,100113,100,99942,100,100124,100,99920,100,100135,100,99913,200,100139,100,99912,100,100173,100,99896,100
2019-06-28 09:45:40.000000000,100040,726,99996,526,100061,100,99986,100,100068,100,99979,100,100108,100,99949,100,100109,100,99948,100,100113,100,99942,100,100124,100,99920,100,100135,100,99913,200,100139,100,99912,100,100173,100,99896,100
2019-06-28 09:45:50.000000000,100040,726,99996,526,100061,100,99986,100,100068,100,99979,100,100108,100,99949,100,100109,100,99948,100,100113,100,99942,100,100124,100,99920,100,100135,100,99913,200,100139,100,99912,100,100173,100,99896,100
2019-06-28 09:45:54.419635257,100040,726,99996,426,100061,100,99986,100,100068,100,99979,100,100108,100,99949,100,100109,100,99948,100,100113,100,99942,100,100124,100,99920,100,100135,100,99913,200,100139,100,99912,100,100173,100,99896,100
2019-06-28 09:46:00.000000000,100040,726,99986,526,100061,100,99979,100,100068,100,99949,100,100108,100,99948,100,100109,100,99942,100,100113,100,99920,100,100124,100,99913,200,100135,100,99912,100,100139,100,99896,100,100173,100,99871,100
2019-06-28 09:46:07.499847193,100040,726,99986,426,100061,100,99979,100,100068,100,99949,100,100108,100,99948,100,100109,100,99942,100,100113,100,99920,100,100124,100,99913,200,100135,100,99912,100,100139,100,99896,100,100173,100,99871,100
2019-06-28 09:46:10.000000000,100040,513,99979,313,100061,313,99949,313,100068,100,99948,100,100108,100,99942,100,100109,100,99920,100,100113,100,99913,200,100124,100,99912,100,100135,100,99896,100,100139,100,99871,100,100173,100,99643,100
2019-06-28 09:46:20.000000000,100040,406,99979,206,100061,206,99949,206,100068,206,99948,206,100108,206,99942,206,100109,100,99920,100,100113,100,99913,200,100124,100,99912,100,100135,100,99896,100,100139,100,99871,100,100173,100,99643,100
2019-06-28 09:46:30.000000000,100040,406,99979,206,100061,206,99949,206,100068,206,99948,206,100108,206,99942,206,100109,100,99920,100,100113,100,99913,200,100124,100,99912,100,100135,100,99896,100,100139,100,99871,100,100173,100,99643,100
2019-06-28 09:46:30.280169547,100040,406,99979,206,100061,206,99949,206,100068,206,99948,206,100108,206,99942,206,100109,100,99920,100,100113,100,99913,200,100124,100,99912,100,100135,100,99896,100,100139,100,99871,100,100173,100,99643,100
2019-06-28 09:46:40.000000000,100040,406,99979,206,100061,206,99949,206,100068,206,99948,206,100108,206,99942,206,100109,100,99920,100,100113,100,99913,200,100124,100,99912,100,100135,100,99896,100,100139,100,99871,100,100173,100,99643,100
2019-06-28 09:46:50.000000000,100040,445,99979,245,100061,241,99949,241,100068,241,99948,241,100108,100,99942,100,100109,100,99920,100,100113,100,99913,200,100124,100,99912,100,100135,100,99896,100,100139,100,99871,100,100173,100,99643,100
2019-06-28 09:47:00.000000000,100040,385,99979,185,100061,185,99949,185,100068,185,99948,185,100108,185,99942,185,100109,185,99920,185,100113,100,99913,200,100124,100,99912,100,100135,100,99896,100,100139,100,99871,100,100173,100,99643,100
2019-06-28 09:47:10.000000000,100040,726,99979,526,100061,100,99949,100,100068,100,99948,100,100108,100,99942,100,100109,100,99920,100,100113,100,99913,200,100124,100,99912,100,100135,100,99896,100,100139,100,99871,100,100173,100,99643,100
2019-06-28 09:47:12.801417788,100040,726,99979,526,100061,100,99949,100,100068,100,99948,100,100072,100,99942,100,100108,100,99920,100,100109,100,99913,200,100113,100,99912,100,100124,100,99896,100,100135,100,99871,100,100139,100,99643,100
2019-06-28 09:47:20.000000000,100040,445,99979,245,100061,241,99949,241,100068,241,99948,241,100072,100,99942,100,100108,100,99920,100,100109,100,99913,200,100113,100,99912,100,100124,100,99896,100,100135,100,99871,100,100139,100,99643,100
2019-06-28 09:47:30.000000000,100040,385,99979,185,100061,185,99949,185,100068,185,99948,185,100072,185,99942,185,100108,185,99920,185,100109,100,99913,200,100113,100,99912,100,100124,100,99896,100,100135,100,99871,100,100139,100,99643,100
2019-06-28 09:47:39.399845429,100040,385,99979,185,100061,185,99949,185,100068,185,99948,185,100072,185,99942,185,100108,185,99920,185,100109,100,99913,200,100113,100,99912,100,100124,100,99896,100,100135,100,99871,100,100139,100,99734,100
2019-06-28 09:47:40.000000000,100040,726,99979,526,100061,100,99949,100,100068,100,99948,100,100072,100,99942,100,100108,100,99920,100,100109,100,99913,200,100113,100,99912,100,100124,100,99896,100,100135,100,99871,100,100139,100,99734,100
2019-06-28 09:47:50.000000000,100040,513,99979,313,100061,313,99949,313,100068,100,99948,100,100072,100,99942,100,100108,100,99920,100,100109,100,99913,200,100113,100,99912,100,100124,100,99896,100,100135,100,99871,100,100139,100,99734,100
2019-06-28 09:48:00.000000000,100040,406,99979,206,100061,206,99949,206,100068,206,99948,206,100072,206,99942,206,100108,100,99920,100,100109,100,99913,200,100113,100,99912,100,100124,100,99896,100,100135,100,99871,100,100139,100,99734,100
2019-06-28 09:48:10.000000000,100040,406,99979,206,100061,206,99949,206,100068,206,99948,206,100072,206,99942,206,100108,100,99920,100,100109,100,99913,200,100113,100,99912,100,100124,100,99896,100,100135,100,99871,100,100139,100,99734,100
2019-06-28 09:48:20.000000000,100040,513,99979,313,100061,313,99949,313,100068,100,99948,100,100072,100,99942,100,100108,100,99920,100,100109,100,99913,200,100113,100,99912,100,100124,100,99896,100,100135,100,99871,100,100139,100,99734,100
2019-06-28 09:48:30.000000000,100040,445,99979,245,100061,241,99949,241,100068,241,99948,241,100072,100,99942,100,100108,100,99920,100,100109,100,99913,200,100113,100,99912,100,100124,100,99896,100,100135,100,99871,100,100139,100,99734,100
2019-06-28 09:48:32.268952466,99996,100,99979,245,100040,445,99949,241,100061,241,99948,241,100068,241,99942,100,100072,100,99920,100,100108,100,99913,200,100109,100,99912,100,100113,100,99896,100,100124,100,99871,100,100135,100,99734,100
2019-06-28 09:48:38.518261123,99996,100,99979,245,100040,445,99949,241,100061,241,99948,241,100068,241,99942,100,100072,100,99920,100,100108,100,99913,200,100109,100,99912,100,100113,100,99896,100,100124,100,99871,100,100135,100,99734,100
2019-06-28 09:48:39.175614378,99996,200,99979,245,100040,445,99949,241,100061,241,99948,241,100068,241,99942,100,100072,100,99920,100,100108,100,99913,200,100109,100,99912,100,100113,100,99896,100,100124,100,99871,100,100135,100,99734,100
2019-06-28 09:48:40.000000000,99996,626,99979,526,100040,300,99949,100,100061,100,99948,100,100068,100,99942,100,100072,100,99920,100,100108,100,99913,200,100109,100,99912,100,100113,100,99896,100,100124,100,99871,100,100135,100,99734,100
2019-06-28 09:48:40.808937454,99996,726,99979,526,100040,300,99949,100,100061,100,99948,100,100068,100,99942,100,100072,100,99920,100,100108,100,99913,200,100109,100,99912,100,100113,100,99896,100,100124,100,99871,100,100135,100,99734,100
2019-06-28 09:48:50.000000000,99996,385,99979,185,100040,385,99949,185,100061,185,99948,185,100068,185,99942,185,100072,185,99920,185,100108,100,99913,200,100109,100,99912,100,100113,100,99896,100,100124,100,99871,100,100135,100,99734,100
2019-06-28 09:48:58.541848523,99979,15,99949,185,99996,385,99948,185,100040,385,99942,185,100061,185,99920,185,100068,185,99913,200,100072,185,99912,100,100108,100,99896,100,100109,100,99871,100,100113,100,99734,100,100124,100,99643,100
2019-06-28 09:49:00.000000000,99979,228,99949,313,99996,513,99948,313,100040,300,99942,100,100061,100,99920,100,100068,100,99913,200,100072,100,99912,100,100108,100,99896,100,100109,100,99871,100,100113,100,99734,100,100124,100,99643,100
2019-06-28 09:49:02.886199089,99979,228,99949,213,99996,513,99948,313,100040,300,99942,100,100061,100,99920,100,100068,100,99913,200,100072,100,99912,100,100108,100,99896,100,100109,100,99871,100,100113,100,99734,100,100124,100,99643,100
2019-06-28 09:49:08.984537181,99979,228,99949,213,99996,513,99948,313,100040,300,99942,100,100061,100,99920,100,100068,100,99913,200,100072,100,99912,100,100108,100,99896,100,100109,100,99871,100,100113,100,99734,100,100124,100,99643,100
2019-06-28 09:49:10.000000000,99979,160,99948,245,99996,441,99942,241,100040,441,99920,241,100061,100,99913,200,100068,100,99912,100,100072,100,99896,100,100108,100,99871,100,100109,100,99734,100,100113,100,99643,100,100124,100,99507,100
2019-06-28 09:49:18.826102920,99979,160,99948,145,99996,441,99942,241,100040,441,99920,241,100061,100,99913,200,100068,100,99912,100,100072,100,99896,100,100108,100,99871,100,100109,100,99734,100,100113,100,99643,100,100124,100,99507,100
2019-06-28 09:49:20.000000000,99979,160,99942,245,99996,441,99920,241,100040,441,99913,341,100061,100,99912,100,100068,100,99896,100,100072,100,99871,100,100108,100,99734,100,100109,100,99643,100,100113,100,99507,100,100124,100,99444,100
2019-06-28 09:49:30.000000000,99979,441,99942,526,99996,300,99920,100,100040,300,99913,200,100061,100,99912,100,100068,100,99896,100,100072,100,99871,100,100108,100,99734,100,100109,100,99643,100,100113,100,99507,100,100124,100,99444,100
2019-06-28 09:49:32.180515277,99979,441,99942,526,99996,300,99920,100,100040,300,99913,100,100061,100,99912,100,100068,100,99896,100,100072,100,99871,100,100108,100,99734,100,100109,100,99717,100,100113,100,99643,100,100124,100,99507,100
2019-06-28 09:49:40.000000000,99979,100,99942,185,99996,385,99920,185,100040,385,99913,185,100061,185,99912,185,100068,185,99896,185,100072,100,99871,100,100108,100,99734,100,100109,100,99717,100,100113,100,99643,100,100124,100,99507,100
2019-06-28 09:49:50.000000000,99979,228,99942,313,99996,513,99920,313,100040,300,99913,100,100061,100,99912,100,100068,100,99896,100,100072,100,99871,100,100108,100,99734,100,100109,100,99717,100,100113,100,99643,100,100124,100,99507,100
2019-06-28 09:49:57.311774892,99979,228,99951,100,99996,513,99942,313,100040,300,99920,313,100061,100,99913,100,100068,100,99912,100,100072,100,99896,100,100108,100,99871,100,100109,100,99734,100,100113,100,99717,100,100124,100,99643,100
2019-06-28 09:50:00.000000000,99979,228,99951,313,99996,513,99942,313,100040,300,99920,100,100061,100,99913,100,100068,100,99912,100,100072,100,99896,100,100108,100,99871,100,100109,100,99734,100,100113,100,99717,100,100124,100,99643,100
2019-06-28 09:50:10.000000000,99979,441,99951,526,99996,300,99942,100,100040,300,99920,100,100061,100,99913,100,100068,100,99912,100,100072,100,99896,100,100108,100,99871,100,100109,100,99734,100,100113,100,99717,100,100124,100,99643,100
2019-06-28 09:50:15.963964975,99979,441,99951,426,99996,300,99942,100,100040,300,99920,100,100061,100,99913,100,100068,100,99912,100,100072,100,99896,100,100108,100,99871,100,100109,100,99734,100,100113,100,99717,100,100124,100,99643,100
2019-06-28 09:50:20.000000000,99979,100,99942,185,99996,385,99920,185,100040,385,99913,185,100061,185,99912,185,100068,185,99896,185,100072,100,99871,100,100108,100,99734,100,100109,100,99717,100,100113,100,99643,100,100124,100,99507,100
2019-06-28 09:50:26.981359852,99951,100,99942,185,99979,100,99920,185,99996,385,99913,185,100040,385,99912,185,100061,85,99896,185,100068,185,99871,100,100072,100,99734,100,100108,100,99717,100,100109,100,99643,100,100113,100,99507,100
2019-06-28 09:50:29.081691099,99951,200,99942,185,99979,100,99920,185,99996,385,99913,185,100040,385,99912,185,100061,85,99896,185,100068,185,99871,100,100072,100,99734,100,100108,100,99717,100,100109,100,99643,100,100113,100,99507,100
2019-06-28 09:50:30.000000000,99951,413,99942,313,99979,228,99920,313,99996,300,99913,100,100040,300,99912,100,100068,100,99896,100,100072,100,99871,100,100108,100,99734,100,100109,100,99717,100,100113,100,99643,100,100124,100,99507,100
2019-06-28 09:50:40.000000000,99951,413,99942,313,99979,228,99920,313,99996,300,99913,100,100040,300,99912,100,100068,100,99896,100,100072,100,99871,100,100108,100,99734,100,100109,100,99717,100,100113,100,99643,100,100124,100,99507,100
2019-06-28 09:50:40.021707007,99951,413,99942,313,99979,228,99920,313,99996,300,99913,100,100040,300,99912,100,100068,100,99896,100,100072,100,99871,100,100108,100,99848,100,100109,100,99734,100,100113,100,99717,100,100124,100,99643,100
2019-06-28 09:50:50.000000000,99951,306,99942,206,99979,121,99920,206,99996,406,99913,206,100040,406,99912,206,100068,100,99896,100,100072,100,99871,100,100108,100,99848,100,100109,100,99734,100,100113,100,99717,100,100124,100,99643,100
2019-06-28 09:50:58.351502796,99951,406,99942,206,99979,121,99920,206,99996,406,99913,206,100040,306,99912,206,100068,100,99896,100,100072,100,99871,100,100108,100,99848,100,100109,100,99734,100,100113,100,99717,100,100124,100,99643,100
2019-06-28 09:51:00.000000000,99951,513,99942,313,99979,228,99920,313,99996,300,99913,100,100040,200,99912,100,100068,100,99896,100,100072,100,99871,100,100108,100,99848,100,100109,100,99734,100,100113,100,99717,100,100124,100,99643,100
2019-06-28 09:51:05.921827091,99951,513,99942,213,99979,228,99920,313,99996,300,99913,100,100040,200,99912,100,100068,100,99896,100,100072,100,99871,100,100108,100,99848,100,100109,100,99734,100,100113,100,99717,100,100124,100,99643,100
2019-06-28 09:51:10.000000000,99951,513,99920,313,99979,228,99913,313,99996,300,99912,100,100040,200,99896,100,100068,100,99871,100,100072,100,99848,100,100108,100,99734,100,100109,100,99717,100,100113,100,99643,100,100124,100,99507,100
2019-06-28 09:51:20.000000000,99951,406,99920,206,99979,121,99913,206,99996,406,99912,206,100040,306,99896,206,100068,100,99871,100,100072,100,99848,100,100108,100,99734,100,100109,100,99717,100,100113,100,99643,100,100124,100,99507,100
2019-06-28 09:51:24.042131114,99951,406,99920,206,99965,100,99913,206,99979,121,99912,206,99996,406,99896,206,100040,306,99871,100,100068,100,99848,100,100072,100,99734,100,100108,100,99717,100,100109,100,99643,100,100113,100,99507,100
2019-06-28 09:51:27.996309047,99951,406,99920,106,99965,100,99913,206,99979,121,99912,206,99996,406,99896,206,100040,306,99871,100,100068,100,99848,100,100072,100,99734,100,100108,100,99717,100,100109,100,99643,100,100113,100,99507,100
2019-06-28 09:51:28.011553058,99951,406,99920,106,99965,100,99913,206,99979,121,99912,206,99996,406,99896,206,100040,206,99871,100,100068,100,99848,100,100072,100,99734,100,100108,100,99717,100,100109,100,99643,100,100113,100,99507,100
2019-06-28 09:51:30.000000000,99951,385,99913,185,99965,185,99912,185,99979,100,99896,185,99996,385,99871,185,100040,185,99848,185,100068,100,99734,100,100072,100,99717,100,100108,100,99643,100,100109,100,99507,100,100113,100,99416,100
2019-06-28 09:51:36.614468317,99951,385,99913,185,99965,185,99912,185,99979,100,99896,185,99996,385,99871,185,100040,185,99848,185,100068,100,99835,100,100072,100,99734,100,100108,100,99717,100,100109,100,99643,100,100113,100,99507,100
2019-06-28 09:51:40.000000000,99951,513,99913,313,99965,313,99912,313,99979,15,99896,100,99996,300,99871,100,100040,100,99848,100,100068,100,99835,100,100072,100,99734,100,100108,100,99717,100,100109,100,99643,100,100113,100,99507,100
2019-06-28 09:51:49.050655319,99951,513,99913,313,99965,313,99912,313,99979,15,99896,100,99996,300,99871,100,100040,100,99848,100,100043,100,99835,100,100068,100,99734,100,100072,100,99717,100,100108,100,99643,100,100109,100,99507,100
2019-06-28 09:51:50.000000000,99951,445,99913,245,99965,241,99912,241,99979,156,99896,241,99996,300,99871,100,100040,100,99848,100,100043,100,99835,100,100068,100,99734,100,100072,100,99717,100,100108,100,99643,100,100109,100,99507,100
2019-06-28 09:51:53.577723167,99951,445,99913,245,99965,241,99912,241,99979,156,99896,241,99996,300,99871,100,100040,100,99848,100,100043,100,99835,100,100068,100,99734,100,100072,100,99717,100,100088,100,99643,100,100108,100,99507,100
2019-06-28 09:52:00.000000000,99951,406,99913,206,99965,206,99912,206,99979,121,99896,206,99996,406,99871,206,100040,100,99848,100,100043,100,99835,100,100068,100,99734,100,100072,100,99717,100,100088,100,99643,100,100108,100,99507,100
2019-06-28 09:52:10.000000000,99951,406,99913,206,99965,206,99912,206,99979,121,99896,206,99996,406,99871,206,100040,100,99848,100,100043,100,99835,100,100068,100,99734,100,100072,100,99717,100,100088,100,99643,100,100108,100,99507,100
2019-06-28 09:52:20.000000000,99951,445,99913,245,99965,241,99912,241,99979,156,99896,241,99996,300,99871,100,100040,100,99848,100,100043,100,99835,100,100068,100,99734,100,100072,100,99717,100,100088,100,99643,100,100108,100,99507,100
2019-06-28 09:52:20.017954212,99951,445,99913,145,99965,241,99912,241,99979,156,99896,241,99996,300,99871,100,100040,100,99848,100,100068,100,99835,100,100072,100,99734,100,100088,100,99717,100,100108,100,99643,100,100109,100,99507,100
2019-06-28 09:52:30.000000000,99951,726,99912,526,99965,100,99896,100,99979,15,99871,100,99996,300,99848,100,100040,100,99835,100,100068,100,99734,100,100072,100,99717,100,100088,100,99643,100,100108,100,99507,100,100109,100,99416,100
2019-06-28 09:52:35.726265420,99951,726,99913,100,99965,100,99912,526,99979,15,99896,100,99996,300,99871,100,100040,100,99848,100,100068,100,99835,100,100072,100,99734,100,100088,100,99717,100,100108,100,99643,100,100109,100,99507,100
2019-06-28 09:52:37.193279113,99951,726,99913,100,99965,100,99912,526,99979,15,99896,100,99996,300,99871,100,100040,100,99848,100,100068,100,99835,100,100072,100,99734,100,100108,100,99717,100,100109,100,99643,100,100113,100,99507,100
2019-06-28 09:52:40.000000000,99951,513,99913,313,99965,313,99912,313,99979,15,99896,100,99996,300,99871,100,100040,100,99848,100,100068,100,99835,100,100072,100,99734,100,100108,100,99717,100,100109,100,99643,100,100113,100,99507,100
2019-06-28 09:52:50.000000000,99951,406,99913,206,99965,206,99912,206,99979,121,99896,206,99996,406,99871,206,100040,100,99848,100,100068,100,99835,100,100072,100,99734,100,100108,100,99717,100,100109,100,99643,100,100113,100,99507,100
2019-06-28 09:53:00.000000000,99951,385,99913,185,99965,185,99912,185,99979,100,99896,185,99996,385,99871,185,100040,185,99848,185,100068,100,99835,100,100072,100,99734,100,100108,100,99717,100,100109,100,99643,100,100113,100,99507,100
2019-06-28 09:53:09.481683210,99951,385,99913,185,99965,185,99912,185,99979,100,99896,185,99996,385,99871,185,100040,185,99848,185,100068,100,99835,100,100072,100,99734,100,100108,100,99717,100,100109,100,99643,100,100113,100,99507,100
2019-06-28 09:53:09.658755574,99951,385,99921,100,99965,185,99913,185,99979,100,99912,185,99996,285,99896,185,100040,185,99871,185,100068,100,99848,185,100072,100,99835,100,100108,100,99734,100,100109,100,99717,100,100113,100,99643,100
2019-06-28 09:53:10.000000000,99951,406,99921,206,99965,206,99913,206,99979,121,99912,206,99996,306,99896,206,100040,100,99871,100,100068,100,99848,100,100072,100,99835,100,100108,100,99734,100,100109,100,99717,100,100113,100,99643,100
2019-06-28 09:53:18.834255435,99951,406,99921,206,99965,106,99913,206,99979,121,99912,206,99996,306,99896,206,100040,100,99871,100,100068,100,99848,100,100072,100,99835,100,100108,100,99734,100,100109,100,99717,100,100113,100,99670,100
2019-06-28 09:53:20.000000000,99951,513,99921,313,99979,228,99913,313,99996,200,99912,100,100040,100,99896,100,100068,100,99871,100,100072,100,99848,100,100108,100,99835,100,100109,100,99734,100,100113,100,99717,100,100124,100,99670,100
2019-06-28 09:53:23.687026677,99951,513,99921,313,99979,228,99913,313,99996,200,99912,100,99997,100,99896,100,100040,100,99871,100,100068,100,99848,100,100072,100,99835,100,100108,100,99734,100,100109,100,99717,100,100113,100,99670,100
2019-06-28 09:53:30.000000000,99951,445,99921,245,99979,156,99913,241,99996,341,99912,241,99997,100,99896,100,100040,100,99871,100,100068,100,99848,100,100072,100,99835,100,100108,100,99734,100,100109,100,99717,100,100113,100,99670,100
2019-06-28 09:53:40.000000000,99951,445,99921,245,99979,156,99913,241,99996,341,99912,241,99997,100,99896,100,100040,100,99871,100,100068,100,99848,100,100072,100,99835,100,100108,100,99734,100,100109,100,99717,100,100113,100,99670,100
2019-06-28 09:53:50.000000000,99951,513,99921,313,99979,228,99913,313,99996,200,99912,100,99997,100,99896,100,100040,100,99871,100,100068,100,99848,100,100072,100,99835,100,100108,100,99734,100,100109,100,99717,100,100113,100,99670,100
2019-06-28 09:53:54.776046502,99951,413,99921,313,99979,228,99913,313,99996,200,99912,100,99997,100,99896,100,100040,100,99871,100,100068,100,99848,100,100072,100,99835,100,100108,100,99734,100,100109,100,99717,100,100113,100,99670,100
2019-06-28 09:54:00.000000000,99951,413,99921,313,99979,228,99913,313,99996,200,99912,100,99997,100,99896,100,100040,100,99871,100,100068,100,99848,100,100072,100,99835,100,100108,100,99734,100,100109,100,99717,100,100113,100,99670,100
2019-06-28 09:54:03.035550613,99951,413,99921,313,99979,228,99913,313,99996,200,99912,100,99997,100,99896,100,100022,100,99871,100,100040,100,99848,100,100068,100,99835,100,100072,100,99734,100,100108,100,99717,100,100109,100,99670,100
2019-06-28 09:54:10.000000000,99951,413,99921,313,99979,228,99913,313,99996,200,99912,100,99997,100,99896,100,100022,100,99871,100,100040,100,99848,100,100068,100,99835,100,100072,100,99734,100,100108,100,99717,100,100109,100,99670,100
2019-06-28 09:54:20.000000000,99951,626,99921,526,99979,15,99913,100,99996,200,99912,100,99997,100,99896,100,100022,100,99871,100,100040,100,99848,100,100068,100,99835,100,100072,100,99734,100,100108,100,99717,100,100109,100,99670,100
2019-06-28 09:54:28.199146182,99951,626,99921,526,99979,15,99913,100,99996,200,99912,100,99997,100,99896,100,100022,100,99871,100,100040,100,99848,100,100072,100,99835,100,100108,100,99734,100,100109,100,99717,100,100113,100,99670,100
2019-06-28 09:54:30.000000000,99951,413,99921,313,99979,228,99913,313,99996,200,99912,100,99997,100,99896,100,100022,100,99871,100,100040,100,99848,100,100072,100,99835,100,100108,100,99734,100,100109,100,99717,100,100113,100,99670,100
2019-06-28 09:54:40.000000000,99951,306,99921,206,99979,121,99913,206,99996,306,99912,206,99997,206,99896,206,100022,100,99871,100,100040,100,99848,100,100072,100,99835,100,100108,100,99734,100,100109,100,99717,100,100113,100,99670,100
2019-06-28 09:54:50.000000000,99951,345,99921,245,99979,156,99913,241,99996,341,99912,241,99997,100,99896,100,100022,100,99871,100,100040,100,99848,100,100072,100,99835,100,100108,100,99734,100,100109,100,99717,100,100113,100,99670,100
2019-06-28 09:54:51.170090162,99951,345,99921,245,99979,156,99913,241,99996,341,99912,241,99997,100,99896,100,100022,100,99871,100,100040,100,99848,100,100072,100,99835,100,100108,100,99734,100,100109,100,99717,100,100113,100,99670,100
2019-06-28 09:54:55.419502493,99951,345,99921,145,99979,156,99913,241,99996,341,99912,241,99997,100,99896,100,100022,100,99848,100,100040,100,99835,100,100072,100,99734,100,100108,100,99717,100,100109,100,99670,100,100113,100,99606,100
2019-06-28 09:54:57.267639480,99950,100,99921,145,99951,345,99913,241,99979,156,99912,241,99996,341,99896,100,99997,100,99848,100,100022,100,99835,100,100040,100,99734,100,100072,100,99717,100,100108,100,99670,100,100109,100,99606,100
2019-06-28 09:55:00.000000000,99950,526,99913,526,99951,200,99912,100,99979,15,99896,100,99996,200,99848,100,99997,100,99835,100,100022,100,99734,100,100040,100,99717,100,100072,100,99670,100,100108,100,99606,100,100109,100,99507,100
2019-06-28 09:55:02.201464436,99950,526,99913,526,99951,200,99912,100,99979,15,99896,100,99996,100,99848,100,99997,100,99835,100,100022,100,99734,100,100040,100,99717,100,100072,100,99670,100,100108,100,99606,100,100109,100,99507,100
2019-06-28 09:55:10.000000000,99950,206,99913,206,99951,306,99912,206,99979,121,99896,206,99996,206,99848,206,99997,100,99835,100,100022,100,99734,100,100040,100,99717,100,100072,100,99670,100,100108,100,99606,100,100109,100,99507,100
2019-06-28 09:55:20.000000000,99950,245,99913,245,99951,341,99912,241,99979,156,99896,241,99996,100,99848,100,99997,100,99835,100,100022,100,99734,100,100040,100,99717,100,100072,100,99670,100,100108,100,99606,100,100109,100,99507,100
2019-06-28 09:55:30.000000000,99950,313,99913,313,99951,413,99912,313,99979,15,99896,100,99996,100,99848,100,99997,100,99835,100,100022,100,99734,100,100040,100,99717,100,100072,100,99670,100,100108,100,99606,100,100109,100,99507,100
2019-06-28 09:55:31.049768940,99950,413,99913,313,99951,413,99912,313,99979,15,99896,100,99996,100,99848,100,99997,100,99835,100,100022,100,99734,100,100040,100,99717,100,100072,100,99670,100,100108,100,99606,100,100109,100,99507,100
2019-06-28 09:55:40.000000000,99950,626,99913,526,99951,200,99912,100,99979,15,99896,100,99996,100,99848,100,99997,100,99835,100,100022,100,99734,100,100040,100,99717,100,100072,100,99670,100,100108,100,99606,100,100109,100,99507,100
2019-06-28 09:55:48.586974821,99950,626,99913,426,99951,200,99912,100,99979,15,99896,100,99996,100,99848,100,99997,100,99835,100,100022,100,99734,100,100040,100,99717,100,100072,100,99670,100,100108,100,99606,100,100109,100,99507,100
2019-06-28 09:55:50.000000000,99950,345,99912,245,99951,341,99896,241,99979,156,99848,241,99996,100,99835,100,99997,100,99734,100,100022,100,99717,100,100040,100,99670,100,100072,100,99606,100,100108,100,99507,100,100109,100,99416,100
2019-06-28 09:56:00.000000000,99950,626,99912,526,99951,200,99896,100,99979,15,99848,100,99996,100,99835,100,99997,100,99734,100,100022,100,99717,100,100040,100,99670,100,100072,100,99606,100,100108,100,99507,100,100109,100,99416,100
2019-06-28 09:56:10.000000000,99950,285,99912,185,99951,285,99896,185,99979,100,99848,185,99996,185,99835,185,99997,185,99734,185,100022,100,99717,100,100040,100,99670,100,100072,100,99606,100,100108,100,99507,100,100109,100,99416,100
2019-06-28 09:56:20.000000000,99950,413,99912,313,99951,413,99896,313,99979,15,99848,100,99996,100,99835,100,99997,100,99734,100,100022,100,99717,100,100040,100,99670,100,100072,100,99606,100,100108,100,99507,100,100109,100,99416,100
2019-06-28 09:56:20.067328058,99950,413,99912,313,99951,413,99896,313,99979,15,99848,100,99996,100,99835,100,99997,100,99734,100,100022,100,99717,100,100040,100,99670,100,100072,100,99606,100,100108,100,99507,100,100109,100,99416,100
2019-06-28 09:56:30.000000000,99950,626,99912,526,99951,200,99896,100,99979,15,99848,100,99996,100,99835,100,99997,100,99734,100,100022,100,99717,100,100040,100,99670,100,100072,100,99606,100,100108,100,99507,100,100109,100,99416,100
2019-06-28 09:56:40.000000000,99950,345,99912,245,99951,341,99896,241,99979,156,99848,241,99996,100,99835,100,99997,100,99734,100,100022,100,99717,100,100040,100,99670,100,100072,100,99606,100,100108,100,99507,100,100109,100,99416,100
2019-06-28 09:56:50.000000000,99950,413,99912,313,99951,413,99896,313,99979,15,99848,100,99996,100,99835,100,99997,100,99734,100,100022,100,99717,100,100040,100,99670,100,100072,100,99606,100,100108,100,99507,100,100109,100,99416,100
2019-06-28 09:57:00.000000000,99950,285,99912,185,99951,285,99896,185,99979,100,99848,185,99996,185,99835,185,99997,185,99734,185,100022,100,99717,100,100040,100,99670,100,100072,100,99606,100,100108,100,99507,100,100109,100,99416,100
2019-06-28 09:57:10.000000000,99950,285,99912,185,99951,285,99896,185,99979,100,99848,185,99996,185,99835,185,99997,185,99734,185,100022,100,99717,100,100040,100,99670,100,100072,100,99606,100,100108,100,99507,100,100109,100,99416,100
2019-06-28 09:57:20.000000000,99950,626,99912,526,99951,200,99896,100,99979,15,99848,100,99996,100,99835,100,99997,100,99734,100,100022,100,99717,100,100040,100,99670,100,100072,100,99606,100,100108,100,99507,100,100109,100,99416,100
2019-06-28 09:57:30.000000000,99950,626,99912,526,99951,200,99896,100,99979,15,99848,100,99996,100,99835,100,99997,100,99734,100,100022,100,99717,100,100040,100,99670,100,100072,100,99606,100,100108,100,99507,100,100109,100,99416,100
2019-06-28 09:57:30.619852394,99921,100,99912,526,99950,626,99896,100,99951,200,99848,100,99979,15,99835,100,99996,100,99734,100,99997,100,99717,100,100022,100,99670,100,100040,100,99606,100,100072,100,99507,100,100108,100,99416,100
2019-06-28 09:57:40.000000000,99921,245,99912,245,99950,341,99896,241,99951,341,99848,241,99979,15,99835,100,99996,100,99734,100,99997,100,99717,100,100022,100,99670,100,100040,100,99606,100,100072,100,99507,100,100108,100,99416,100
2019-06-28 09:57:50.000000000,99921,313,99912,313,99950,413,99896,313,99951,200,99848,100,99979,15,99835,100,99996,100,99734,100,99997,100,99717,100,100022,100,99670,100,100040,100,99606,100,100072,100,99507,100,100108,100,99416,100
2019-06-28 09:57:51.914029802,99921,213,99912,313,99950,413,99896,313,99951,200,99848,100,99979,15,99835,100,99996,100,99734,100,99997,100,99717,100,100022,100,99670,100,100040,100,99606,100,100072,100,99507,100,100108,100,99416,100
2019-06-28 09:58:00.000000000,99950,626,99912,526,99951,200,99896,100,99979,15,99848,100,99996,100,99835,100,99997,100,99734,100,100022,100,99717,100,100040,100,99670,100,100072,100,99606,100,100108,100,99507,100,100109,100,99416,100
2019-06-28 09:58:10.000000000,99950,413,99912,313,99951,413,99896,313,99979,15,99848,100,99996,100,99835,100,99997,100,99734,100,100022,100,99717,100,100040,100,99670,100,100072,100,99606,100,100108,100,99507,100,100109,100,99416,100
2019-06-28 09:58:16.355519033,99950,413,99912,213,99951,413,99896,313,99979,15,99848,100,99996,100,99835,100,99997,100,99734,100,100022,100,99717,100,100040,100,99670,100,100072,100,99606,100,100108,100,99507,100,100109,100,99416,100
2019-06-28 09:58:20.000000000,99950,306,99896,206,99951,306,99848,206,99979,121,99835,206,99996,206,99734,206,99997,100,99717,100,100022,100,99670,100,100040,100,99606,100,100072,100,99507,100,100108,100,99416,100,100109,100,99370,100
2019-06-28 09:58:30.000000000,99950,306,99896,206,99951,306,99848,206,99979,121,99835,206,99996,206,99734,206,99997,100,99717,100,100022,100,99670,100,100040,100,99606,100,100072,100,99507,100,100108,100,99416,100,100109,100,99370,100
2019-06-28 09:58:36.954496020,99950,306,99896,106,99951,306,99848,206,99979,121,99835,206,99996,206,99734,206,99997,100,99717,100,100022,100,99670,100,100040,100,99606,100,100072,100,99507,100,100108,100,99416,100,100109,100,99370,100
2019-06-28 09:58:40.000000000,99950,285,99848,185,99951,285,99835,185,99979,100,99734,185,99996,185,99717,185,99997,185,99670,185,100022,100,99606,100,100040,100,99507,100,100072,100,99416,100,100108,100,99370,100,100109,100,99232,100
2019-06-28 09:58:50.000000000,99950,626,99848,526,99951,200,99835,100,99979,15,99734,100,99996,100,99717,100,99997,100,99670,100,100022,100,99606,100,100040,100,99507,100,100072,100,99416,100,100108,100,99370,100,100109,100,99232,100
2019-06-28 09:58:58.006754253,99950,626,99848,526,99951,100,99835,100,99979,15,99734,100,99996,100,99717,100,99997,100,99670,100,100022,100,99606,100,100040,100,99507,100,100072,100,99416,100,100108,100,99370,100,100109,100,99232,100
2019-06-28 09:59:00.000000000,99950,285,99848,185,99951,185,99835,185,99979,100,99734,185,99996,185,99717,185,99997,185,99670,185,100022,100,99606,100,100040,100,99507,100,100072,100,99416,100,100108,100,99370,100,100109,100,99232,100
2019-06-28 09:59:01.305298905,99950,285,99848,185,99951,185,99835,185,99979,100,99734,185,99996,185,99717,185,99997,185,99670,185,100022,100,99606,100,100040,100,99507,100,100072,100,99416,100,100108,100,99370,100,100109,100,99232,100
2019-06-28 09:59:10.000000000,99950,626,99848,526,99951,100,99835,100,99979,15,99734,100,99996,100,99717,100,99997,100,99670,100,100022,100,99606,100,100040,100,99507,100,100072,100,99416,100,100108,100,99370,100,100109,100,99232,100
2019-06-28 09:59:14.588391267,99950,626,99848,526,99951,100,99835,100,99979,15,99734,100,99996,100,99717,100,99997,100,99670,100,100022,100,99606,100,100040,100,99507,100,100072,100,99416,100,100108,100,99322,100,100109,100,99232,100
2019-06-28 09:59:15.465814937,99950,626,99848,426,99951,100,99835,100,99979,15,99734,100,99996,100,99670,100,99997,100,99606,100,100022,100,99507,100,100040,100,99416,100,100072,100,99322,100,100108,100,99232,100,100109,100,98925,100
2019-06-28 09:59:20.000000000,99950,626,99835,526,99951,100,99734,100,99979,15,99670,100,99996,100,99606,100,99997,100,99507,100,100022,100,99416,100,100040,100,99322,100,100072,100,99232,100,100108,100,98925,100,100109,100,,
2019-06-28 09:59:30.000000000,99950,285,99835,185,99951,185,99734,185,99979,100,99670,185,99996,185,99606,185,99997,185,99507,185,100022,100,99416,100,100040,100,99322,100,100072,100,99232,100,100108,100,98925,100,100109,100,,
2019-06-28 09:59:40.000000000,99950,306,99835,206,99951,206,99734,206,99979,121,99670,206,99996,206,99606,206,99997,100,99507,100,100022,100,99416,100,100040,100,99322,100,100072,100,99232,100,100108,100,98925,100,100109,100,,
2019-06-28 09:59:40.403559546,99950,306,99835,206,99951,206,99734,206,99979,121,99670,206,99996,206,99606,206,99997,100,99507,100,100022,100,99416,100,100040,100,99322,100,100072,100,99304,100,100108,100,99232,100,100109,100,98925,100
2019-06-28 09:59:50.000000000,99950,626,99835,526,99951,100,99734,100,99979,15,99670,100,99996,100,99606,100,99997,100,99507,100,100022,100,99416,100,100040,100,99322,100,100072,100,99304,100,100108,100,99232,100,100109,100,98925,100
2019-06-28 10:00:00.000000000,99950,413,99835,313,99951,313,99734,313,99979,15,99670,100,99996,100,99606,100,99997,100,99507,100,100022,100,99416,100,100040,100,99322,100,100072,100,99304,100,100108,100,99232,100,100109,100,98925,100
2019-06-28 10:00:04.176778648,99950,413,99835,113,99951,313,99734,313,99979,15,99670,100,99996,100,99606,100,99997,100,99507,100,100022,100,99416,100,100040,100,99322,100,100072,100,99304,100,100108,100,99232,100,100109,100,98925,100
2019-06-28 10:00:08.081049213,99950,413,99835,13,99951,313,99734,313,99979,15,99670,100,99996,100,99606,100,99997,100,99507,100,100022,100,99416,100,100040,100,99322,100,100072,100,99304,100,100108,100,99232,100,100109,100,98925,100
2019-06-28 10:00:10.000000000,99950,626,99734,526,99951,100,99670,100,99979,15,99606,100,99996,100,99507,100,99997,100,99416,100,100022,100,99322,100,100040,100,99304,100,100072,100,99232,100,100108,100,98925,100,100109,100,,
2019-06-28 10:00:20.000000000,99950,626,99734,526,99951,100,99670,100,99979,15,99606,100,99996,100,99507,100,99997,100,99416,100,100022,100,99322,100,100040,100,99304,100,100072,100,99232,100,100108,100,98925,100,100109,100,,
2019-06-28 10:00:30.000000000,99950,285,99734,185,99951,185,99670,185,99979,100,99606,185,99996,185,99507,185,99997,185,99416,185,100022,100,99322,100,100040,100,99304,100,100072,100,99232,100,100108,100,98925,100,100109,100,,
2019-06-28 10:00:39.759027497,99950,285,99843,100,99951,185,99734,185,99979,100,99670,185,99996,185,99606,185,99997,185,99507,85,100022,100,99416,185,100040,100,99322,100,100072,100,99304,100,100108,100,99232,100,100109,100,98925,100
2019-06-28 10:00:40.000000000,99950,345,99843,245,99951,241,99734,241,99979,156,99670,241,99996,100,99606,100,99997,100,99416,100,100022,100,99322,100,100040,100,99304,100,100072,100,99232,100,100108,100,98925,100,100109,100,,
2019-06-28 10:00:50.000000000,99950,285,99843,185,99951,185,99734,185,99979,100,99670,185,99996,185,99606,185,99997,185,99416,185,100022,100,99322,100,100040,100,99304,100,100072,100,99232,100,100108,100,98925,100,100109,100,,
2019-06-28 10:01:00.000000000,99950,306,99843,206,99951,206,99734,206,99979,121,99670,206,99996,206,99606,206,99997,100,99416,100,100022,100,99322,100,100040,100,99304,100,100072,100,99232,100,100108,100,98925,100,100109,100,,
2019-06-28 10:01:08.673071090,99950,306,99870,100,99951,206,99843,206,99979,106,99734,206,99996,206,99670,206,99997,100,99606,206,100022,100,99416,100,100040,100,99322,100,100072,100,99304,100,100108,100,99232,100,100109,100,98925,100
2019-06-28 10:01:10.000000000,99950,626,99870,526,99951,100,99843,100,99996,100,99734,100,99997,100,99670,100,100022,100,99606,100,100040,100,99416,100,100072,100,99322,100,100108,100,99304,100,100109,100,99232,100,100113,100,98925,100
2019-06-28 10:01:17.278879328,99950,626,99870,426,99951,100,99843,100,99996,100,99734,100,99997,100,99670,100,100022,100,99606,100,100040,100,99416,100,100072,100,99322,100,100108,100,99304,100,100109,100,99232,100,100113,100,98925,100
2019-06-28 10:01:20.000000000,99950,306,99843,206,99951,206,99734,206,99996,206,99670,206,99997,206,99606,206,100022,100,99416,100,100040,100,99322,100,100072,100,99304,100,100108,100,99232,100,100109,100,98925,100,100113,100,,
2019-06-28 10:01:30.000000000,99950,285,99843,185,99951,185,99734,185,99996,185,99670,185,99997,185,99606,185,100022,185,99416,185,100040,100,99322,100,100072,100,99304,100,100108,100,99232,100,100109,100,98925,100,100113,100,,
2019-06-28 10:01:40.000000000,99950,626,99843,526,99951,100,99734,100,99996,100,99670,100,99997,100,99606,100,100022,100,99416,100,100040,100,99322,100,100072,100,99304,100,100108,100,99232,100,100109,100,98925,100,100113,100,,
2019-06-28 10:01:50.000000000,99950,306,99843,206,99951,206,99734,206,99996,206,99670,206,99997,206,99606,206,100022,100,99416,100,100040,100,99322,100,100072,100,99304,100,100108,100,99232,100,100109,100,98925,100,100113,100,,
2019-06-28 10:01:57.083977794,99950,306,99843,206,99951,206,99734,206,99996,206,99670,206,99997,206,99632,100,100022,100,99606,206,100040,100,99416,100,100072,100,99322,100,100108,100,99304,100,100109,100,99232,100,100113,100,98925,100
2019-06-28 10:01:59.656306697,99950,306,99844,100,99951,206,99843,206,99996,206,99734,206,99997,206,99670,206,100022,100,99632,100,100040,100,99606,206,100072,100,99416,100,100108,100,99322,100,100109,100,99304,100,100113,100,99232,100
2019-06-28 10:02:00.000000000,99950,626,99844,526,99951,100,99843,100,99996,100,99734,100,99997,100,99670,100,100022,100,99632,100,100040,100,99606,100,100072,100,99416,100,100108,100,99322,100,100109,100,99304,100,100113,100,99232,100
2019-06-28 10:02:07.927496215,99950,626,99844,526,99951,100,99843,100,99996,100,99734,100,99997,100,99670,100,100022,100,99632,100,100040,100,99606,100,100072,100,99416,100,100108,100,99402,100,100109,100,99322,100,100113,100,99304,100
2019-06-28 10:02:10.000000000,99950,626,99844,526,99951,100,99843,100,99996,100,99734,100,99997,100,99670,100,100022,100,99632,100,100040,100,99606,100,100072,100,99416,100,100108,100,99402,100,100109,100,99322,100,100113,100,99304,100
2019-06-28 10:02:16.088515457,99950,626,99844,426,99951,100,99843,100,99996,100,99734,100,99997,100,99670,100,100022,100,99632,100,100040,100,99606,100,100072,100,99416,100,100108,100,99402,100,100109,100,99322,100,100113,100,99304,100
2019-06-28 10:02:20.000000000,99950,285,99843,185,99951,185,99734,185,99996,185,99670,185,99997,185,99632,185,100022,185,99606,185,100040,100,99416,100,100072,100,99402,100,100108,100,99322,100,100109,100,99304,100,100113,100,99232,100
2019-06-28 10:02:23.866956045,99950,285,99843,185,99951,185,99734,185,99996,185,99670,185,99997,185,99646,100,100022,185,99632,185,100040,100,99606,185,100072,100,99416,100,100109,100,99402,100,100113,100,99322,100,100227,100,99304,100
2019-06-28 10:02:26.649410703,99870,100,99843,185,99950,285,99734,185,99951,185,99670,185,99996,185,99646,100,99997,185,99632,185,100022,185,99606,185,100040,100,99416,100,100072,100,99402,100,100109,100,99322,100,100113,100,99304,100
2019-06-28 10:02:30.000000000,99870,206,99843,206,99950,306,99734,206,99951,206,99670,206,99996,206,99646,206,99997,100,99632,100,100022,100,99606,100,100040,100,99416,100,100072,100,99402,100,100109,100,99322,100,100113,100,99304,100
2019-06-28 10:02:40.000000000,99870,313,99843,313,99950,413,99734,313,99951,100,99670,100,99996,100,99646,100,99997,100,99632,100,100022,100,99606,100,100040,100,99416,100,100072,100,99402,100,100109,100,99322,100,100113,100,99304,100
2019-06-28 10:02:50.000000000,99870,206,99843,206,99950,306,99734,206,99951,206,99670,206,99996,206,99646,206,99997,100,99632,100,100022,100,99606,100,100040,100,99416,100,100072,100,99402,100,100109,100,99322,100,100113,100,99304,100
2019-06-28 10:03:00.000000000,99870,526,99843,526,99950,200,99734,100,99951,100,99670,100,99996,100,99646,100,99997,100,99632,100,100022,100,99606,100,100040,100,99416,100,100072,100,99402,100,100109,100,99322,100,100113,100,99304,100
2019-06-28 10:03:01.808485619,99870,526,99843,526,99950,200,99734,100,99951,100,99670,100,99996,100,99646,100,99997,100,99632,100,100022,100,99606,100,100040,100,99416,100,100072,100,99402,100,100109,100,99322,100,100113,100,99304,100
2019-06-28 10:03:02.393682763,99870,526,99843,526,99950,200,99734,100,99951,100,99646,100,99996,100,99632,100,99997,100,99606,100,100022,100,99416,100,100040,100,99402,100,100072,100,99322,100,100109,100,99304,100,100113,100,99232,100
2019-06-28 10:03:10.000000000,99870,526,99843,526,99950,200,99734,100,99951,100,99646,100,99996,100,99632,100,99997,100,99606,100,100022,100,99416,100,100040,100,99402,100,100072,100,99322,100,100109,100,99304,100,100113,100,99232,100
2019-06-28 10:03:20.000000000,99870,206,99843,206,99950,306,99734,206,99951,206,99646,206,99996,206,99632,206,99997,100,99606,100,100022,100,99416,100,100040,100,99402,100,100072,100,99322,100,100109,100,99304,100,100113,100,99232,100
2019-06-28 10:03:24.244594012,99870,206,99843,106,99950,306,99734,206,99951,206,99646,206,99996,206,99632,206,99997,100,99606,100,100022,100,99416,100,100040,100,99402,100,100072,100,99322,100,100109,100,99304,100,100113,100,99232,100
2019-06-28 10:03:25.603962199,99870,206,99843,106,99950,306,99734,206,99951,206,99646,206,99996,206,99632,206,99997,100,99606,100,100022,100,99465,100,100040,100,99416,100,100072,100,99402,100,100109,100,99322,100,100113,100,99304,100
2019-06-28 10:03:30.000000000,99870,245,99734,245,99950,341,99646,241,99951,241,99632,241,99996,100,99606,100,99997,100,99465,100,100022,100,99416,100,100040,100,99402,100,100072,100,99322,100,100109,100,99304,100,100113,100,99232,100
2019-06-28 10:03:33.805115725,99870,245,99734,145,99950,341,99646,241,99951,241,99632,241,99996,100,99606,100,99997,100,99465,100,100022,100,99416,100,100040,100,99402,100,100072,100,99322,100,100109,100,99304,100,100113,100,99232,100
2019-06-28 10:03:40.000000000,99870,313,99646,313,99950,413,99632,313,99951,100,99606,100,99996,100,99465,100,99997,100,99416,100,100022,100,99402,100,100040,100,99322,100,100072,100,99304,100,100109,100,99232,100,100113,100,99186,100
2019-06-28 10:03:44.029062772,99843,100,99646,313,99870,313,99632,313,99950,413,99606,100,99951,100,99465,100,99996,100,99416,100,99997,100,99402,100,100022,100,99322,100,100040,100,99304,100,100072,100,99232,100,100109,100,99186,100
2019-06-28 10:03:50.000000000,99843,206,99646,206,99870,206,99632,206,99950,306,99606,206,99951,206,99465,206,99996,100,99416,100,99997,100,99402,100,100022,100,99322,100,100040,100,99304,100,100072,100,99232,100,100109,100,99186,100
2019-06-28 10:04:00.000000000,99843,313,99646,313,99870,313,99632,313,99950,200,99606,100,99951,100,99465,100,99996,100,99416,100,99997,100,99402,100,100022,100,99322,100,100040,100,99304,100,100072,100,99232,100,100109,100,99186,100
2019-06-28 10:04:10.000000000,99843,206,99646,206,99870,206,99632,206,99950,306,99606,206,99951,206,99465,206,99996,100,99416,100,99997,100,99402,100,100022,100,99322,100,100040,100,99304,100,100072,100,99232,100,100109,100,99186,100
2019-06-28 10:04:20.000000000,99843,245,99646,245,99870,241,99632,241,99950,341,99606,241,99951,100,99465,100,99996,100,99416,100,99997,100,99402,100,100022,100,99322,100,100040,100,99304,100,100072,100,99232,100,100109,100,99186,100
2019-06-28 10:04:30.000000000,99843,526,99646,526,99870,100,99632,100,99950,200,99606,100,99951,100,99465,100,99996,100,99416,100,99997,100,99402,100,100022,100,99322,100,100040,100,99304,100,100072,100,99232,100,100109,100,99186,100
2019-06-28 10:04:30.727067440,99843,526,99646,526,99870,100,99632,100,99950,200,99606,100,99951,100,99465,100,99996,100,99416,100,99997,100,99402,100,100022,100,99322,100,100040,100,99304,100,100072,100,99232,100,100109,100,99186,100
2019-06-28 10:04:40.000000000,99843,206,99646,206,99870,206,99632,206,99950,306,99606,206,99951,206,99465,206,99996,100,99416,100,99997,100,99402,100,100022,100,99322,100,100040,100,99304,100,100072,100,99232,100,100109,100,99186,100
2019-06-28 10:04:50.000000000,99843,245,99646,245,99870,241,99632,241,99950,341,99606,241,99951,100,99465,100,99996,100,99416,100,99997,100,99402,100,100022,100,99322,100,100040,100,99304,100,100072,100,99232,100,100109,100,99186,100
2019-06-28 10:05:00.000000000,99843,313,99646,313,99870,313,99632,313,99950,200,99606,100,99951,100,99465,100,99996,100,99416,100,99997,100,99402,100,100022,100,99322,100,100040,100,99304,100,100072,100,99232,100,100109,100,99186,100
2019-06-28 10:05:10.000000000,99843,313,99646,313,99870,313,99632,313,99950,200,99606,100,99951,100,99465,100,99996,100,99416,100,99997,100,99402,100,100022,100,99322,100,100040,100,99304,100,100072,100,99232,100,100109,100,99186,100
2019-06-28 10:05:15.512841551,99843,313,99646,213,99870,313,99632,313,99950,200,99606,100,99951,100,99465,100,99996,100,99416,100,99997,100,99402,100,100022,100,99322,100,100040,100,99304,100,100072,100,99186,100,100109,100,99079,100
2019-06-28 10:05:20.000000000,99843,313,99632,313,99870,313,99606,313,99950,200,99465,100,99951,100,99416,100,99996,100,99402,100,99997,100,99322,100,100022,100,99304,100,100040,100,99186,100,100072,100,99079,100,100109,100,98802,100
2019-06-28 10:05:30.000000000,99843,526,99632,526,99870,100,99606,100,99950,200,99465,100,99951,100,99416,100,99996,100,99402,100,99997,100,99322,100,100022,100,99304,100,100040,100,99186,100,100072,100,99079,100,100109,100,98802,100
2019-06-28 10:05:40.000000000,99843,206,99632,206,99870,206,99606,206,99950,306,99465,206,99951,206,99416,206,99996,100,99402,100,99997,100,99322,100,100022,100,99304,100,100040,100,99186,100,100072,100,99079,100,100109,100,98802,100
2019-06-28 10:05:50.000000000,99843,526,99632,526,99870,100,99606,100,99950,200,99465,100,99951,100,99416,100,99996,100,99402,100,99997,100,99322,100,100022,100,99304,100,100040,100,99186,100,100072,100,99079,100,100109,100,98802,100
2019-06-28 10:05:53.690003025,99843,526,99632,426,99870,100,99606,100,99950,200,99465,100,99951,100,99416,100,99996,100,99402,100,99997,100,99322,100,100022,100,99304,100,100040,100,99186,100,100072,100,99079,100,100109,100,98802,100
2019-06-28 10:06:00.000000000,99843,526,99606,526,99870,100,99465,100,99950,200,99416,100,99951,100,99402,100,99996,100,99322,100,99997,100,99304,100,100022,100,99186,100,100040,100,99079,100,100072,100,98802,100,100109,100,,
2019-06-28 10:06:10.000000000,99843,313,99606,313,99870,313,99465,313,99950,200,99416,100,99951,100,99402,100,99996,100,99322,100,99997,100,99304,100,100022,100,99186,100,100040,100,99079,100,100072,100,98802,100,100109,100,,
2019-06-28 10:06:14.183909890,99646,100,99606,313,99843,313,99465,313,99870,213,99416,100,99950,200,99402,100,99951,100,99322,100,99996,100,99304,100,99997,100,99186,100,100022,100,99079,100,100040,100,98802,100,100072,100,,
2019-06-28 10:06:20.000000000,99646,245,99606,245,99843,241,99465,241,99950,341,99416,241,99951,100,99402,100,99996,100,99322,100,99997,100,99304,100,100022,100,99186,100,100040,100,99079,100,100072,100,98802,100,100109,100,,
2019-06-28 10:06:30.000000000,99646,313,99606,313,99843,313,99465,313,99950,200,99416,100,99951,100,99402,100,99996,100,99322,100,99997,100,99304,100,100022,100,99186,100,100040,100,99079,100,100072,100,98802,100,100109,100,,
2019-06-28 10:06:40.000000000,99646,245,99606,245,99843,241,99465,241,99950,341,99416,241,99951,100,99402,100,99996,100,99322,100,99997,100,99304,100,100022,100,99186,100,100040,100,99079,100,100072,100,98802,100,100109,100,,
2019-06-28 10:06:50.000000000,99646,245,99606,245,99843,241,99465,241,99950,341,99416,241,99951,100,99402,100,99996,100,99322,100,99997,100,99304,100,100022,100,99186,100,100040,100,99079,100,100072,100,98802,100,100109,100,,
2019-06-28 10:07:00.000000000,99646,206,99606,206,99843,206,99465,206,99950,306,99416,206,99951,206,99402,206,99996,100,99322,100,99997,100,99304,100,100022,100,99186,100,100040,100,99079,100,100072,100,98802,100,100109,100,,
2019-06-28 10:07:04.506124596,99646,206,99606,106,99843,206,99465,206,99950,306,99416,206,99951,206,99402,206,99996,100,99322,100,99997,100,99304,100,100022,100,99186,100,100040,100,99079,100,100072,100,98802,100,100109,100,,
2019-06-28 10:07:09.896054539,99632,100,99606,106,99646,206,99465,206,99843,206,99416,206,99950,306,99402,206,99951,106,99322,100,99996,100,99304,100,99997,100,99186,100,100022,100,99079,100,100040,100,98802,100,100072,100,,
2019-06-28 10:07:10.000000000,99632,526,99465,526,99646,100,99416,100,99843,100,99402,100,99950,200,99322,100,99996,100,99304,100,99997,100,99186,100,100022,100,99079,100,100040,100,98802,100,100072,100,,,100109,100,,
2019-06-28 10:07:10.670799053,99632,526,99465,526,99646,100,99416,100,99843,100,99402,100,99950,200,99322,100,99996,100,99304,100,99997,100,99186,100,100022,100,99079,100,100040,100,98802,100,100072,100,98339,100,100109,100,,
2019-06-28 10:07:19.451113439,99632,526,99465,526,99646,100,99416,100,99843,100,99402,100,99950,200,99322,100,99996,100,99304,100,99997,100,99079,100,100022,100,98802,100,100040,100,98359,100,100072,100,98339,100,100109,100,,
2019-06-28 10:07:20.000000000,99632,185,99465,185,99646,185,99416,185,99843,185,99402,185,99950,285,99322,185,99996,185,99304,185,99997,100,99079,100,100022,100,98802,100,100040,100,98359,100,100072,100,98339,100,100109,100,,
2019-06-28 10:07:30.000000000,99632,206,99465,206,99646,206,99416,206,99843,206,99402,206,99950,306,99322,206,99996,100,99304,100,99997,100,99079,100,100022,100,98802,100,100040,100,98359,100,100072,100,98339,100,100109,100,,
2019-06-28 10:07:37.523641292,99632,206,99465,206,99646,206,99416,206,99843,206,99402,206,99950,306,99322,206,99996,100,99304,100,99997,100,99079,100,100022,100,98802,100,100040,100,98359,100,100072,100,98339,100,100109,100,98270,100
2019-06-28 10:07:40.000000000,99632,206,99465,206,99646,206,99416,206,99843,206,99402,206,99950,306,99322,206,99996,100,99304,100,99997,100,99079,100,100022,100,98802,100,100040,100,98359,100,100072,100,98339,100,100109,100,98270,100
2019-06-28 10:07:47.256910299,99632,206,99465,106,99646,206,99416,206,99843,206,99402,206,99950,306,99322,206,99996,100,99304,100,99997,100,99079,100,100022,100,98802,100,100040,100,98359,100,100072,100,98339,100,100109,100,98270,100
2019-06-28 10:07:50.000000000,99632,245,99416,245,99646,241,99402,241,99843,241,99322,241,99950,200,99304,100,99996,100,99079,100,99997,100,98802,100,100022,100,98359,100,100040,100,98339,100,100072,100,98270,100,100109,100,,
2019-06-28 10:07:56.170040971,99632,245,99416,245,99646,241,99402,241,99843,241,99322,241,99950,200,99304,100,99996,100,99079,100,99997,100,98802,100,100022,100,98359,100,100040,100,98339,100,100072,100,98270,100,100109,100,97999,100
2019-06-28 10:08:00.000000000,99632,526,99416,526,99646,100,99402,100,99843,100,99322,100,99950,200,99304,100,99996,100,99079,100,99997,100,98802,100,100022,100,98359,100,100040,100,98339,100,100072,100,98270,100,100109,100,97999,100
2019-06-28 10:08:01.236894363,99632,526,99416,426,99646,100,99402,100,99843,100,99322,100,99950,200,99304,100,99996,100,98802,100,99997,100,98359,100,100022,100,98339,100,100040,100,98270,100,100072,100,97999,100,100109,100,,
2019-06-28 10:08:10.000000000,99632,526,99402,526,99646,100,99322,100,99843,100,99304,100,99950,200,98802,100,99996,100,98359,100,99997,100,98339,100,100022,100,98270,100,100040,100,97999,100,100072,100,,,100109,100,,
2019-06-28 10:08:15.346903597,99465,100,99402,526,99632,526,99322,100,99646,100,99304,100,99843,100,98802,100,99950,200,98359,100,99996,100,98339,100,99997,100,98270,100,100022,100,97999,100,100040,100,,,100072,100,,
2019-06-28 10:08:20.000000000,99465,526,99402,526,99632,100,99322,100,99646,100,99304,100,99843,100,98802,100,99950,200,98359,100,99996,100,98339,100,99997,100,98270,100,100022,100,97999,100,100040,100,,,100072,100,,
2019-06-28 10:08:22.021199652,99465,526,99402,526,99632,100,99322,100,99646,100,99304,100,99843,100,98802,100,99950,200,98359,100,99997,100,98339,100,100022,100,98270,100,100040,100,97999,100,100072,100,,,100109,100,,
2019-06-28 10:08:30.000000000,99465,185,99402,185,99632,185,99322,185,99646,185,99304,185,99843,185,98802,185,99950,285,98359,185,99997,100,98339,100,100022,100,98270,100,100040,100,97999,100,100072,100,,,100109,100,,
2019-06-28 10:08:40.000000000,99465,526,99402,526,99632,100,99322,100,99646,100,99304,100,99843,100,98802,100,99950,200,98359,100,99997,100,98339,100,100022,100,98270,100,100040,100,97999,100,100072,100,,,100109,100,,
2019-06-28 10:08:50.000000000,99465,185,99402,185,99632,185,99322,185,99646,185,99304,185,99843,185,98802,185,99950,285,98359,185,99997,100,98339,100,100022,100,98270,100,100040,100,97999,100,100072,100,,,100109,100,,
2019-06-28 10:08:50.134661805,99465,185,99402,185,99632,185,99322,185,99646,185,99304,185,99843,185,98802,185,99950,285,98359,185,99997,100,98339,100,100022,100,98270,100,100072,100,97999,100,100109,100,,,100227,100,,
