,ask_price_1,ask_size_1,bid_price_1,bid_size_1,ask_price_2,ask_size_2,bid_price_2,bid_size_2,ask_price_3,ask_size_3,bid_price_3,bid_size_3,ask_price_4,ask_size_4,bid_price_4,bid_size_4,ask_price_5,ask_size_5,bid_price_5,bid_size_5,ask_price_6,ask_size_6,bid_price_6,bid_size_6,ask_price_7,ask_size_7,bid_price_7,bid_size_7,ask_price_8,ask_size_8,bid_price_8,bid_size_8,ask_price_9,ask_size_9,bid_price_9,bid_size_9,ask_price_10,ask_size_10,bid_price_10,bid_size_10
2019-06-28 09:30:00.000000000,100076,100,99964,100,100084,100,,,,,,,,,,,,,,,,,,,,,,,,,,,,,,,,,,
2019-06-28 09:30:00.000000002,100072,100,99964,100,100076,100,,,100084,100,,,,,,,,,,,,,,,,,,,,,,,,,,,,,,
2019-06-28 09:30:00.000000006,100072,100,100034,100,100076,100,99964,100,100084,100,,,,,,,,,,,,,,,,,,,,,,,,,,,,,,
2019-06-28 09:30:00.000000010,100072,100,99964,100,100076,200,99901,100,100084,100,99857,100,,,,,,,,,,,,,,,,,,,,,,,,,,,,
2019-06-28 09:30:00.000000011,100015,100,99901,100,100034,100,99857,100,100072,100,,,100076,200,,,100084,100,,,,,,,,,,,,,,,,,,,,,,
2019-06-28 09:30:00.000000012,100034,100,99901,100,100072,100,99857,100,100076,200,,,100084,100,,,,,,,,,,,,,,,,,,,,,,,,,,
2019-06-28 09:30:00.000000015,100034,100,99901,100,100072,100,99857,100,100076,200,,,100084,100,,,100117,100,,,,,,,,,,,,,,,,,,,,,,
2019-06-28 09:30:00.000000017,100034,100,99964,100,100072,100,99901,100,100076,200,99857,100,100084,100,,,100117,100,,,,,,,,,,,,,,,,,,,,,,
2019-06-28 09:30:00.000000020,100034,100,99964,100,100072,100,99901,100,100076,200,99857,100,100084,100,,,100108,100,,,100117,100,,,,,,,,,,,,,,,,,,
2019-06-28 09:30:00.000000022,100034,100,99989,100,100072,100,99964,100,100076,200,99901,100,100084,100,99857,100,100108,100,,,100117,100,,,,,,,,,,,,,,,,,,
2019-06-28 09:30:00.000000024,100015,100,99989,100,100034,100,99964,100,100072,100,99901,100,100076,200,99857,100,100084,100,,,100108,100,,,100117,100,,,,,,,,,,,,,,
2019-06-28 09:30:00.000000028,100015,100,99989,100,100034,100,99964,100,100072,100,99955,100,100076,200,99917,100,100084,100,99901,100,100108,100,99857,100,100117,100,,,,,,,,,,,,,,
2019-06-28 09:30:00.000000031,100015,100,99989,100,100034,100,99964,100,100072,100,99955,100,100076,200,99917,100,100084,100,99901,100,100108,100,99868,100,100117,100,99857,100,,,,,,,,,,,,
2019-06-28 09:30:00.000000034,100015,100,99989,100,100034,100,99964,100,100072,100,99955,100,100076,200,99917,100,100084,100,99901,100,100108,100,99878,100,100117,100,99868,100,,,99857,100,,,,,,,,
2019-06-28 09:30:00.000000036,100015,100,99990,100,100034,100,99989,100,100072,100,99964,100,100076,200,99955,100,100084,100,99917,100,100108,100,99901,100,100117,100,99878,100,,,99868,100,,,99857,100,,,,
2019-06-28 09:30:00.000000037,100015,100,99990,100,100034,100,99989,100,100072,100,99964,100,100076,200,99955,100,100084,100,99917,100,100108,100,99901,100,100117,100,99878,100,100177,100,99868,100,,,99857,100,,,,
2019-06-28 09:30:00.000000038,100015,100,99990,100,100034,100,99989,100,100072,100,99964,200,100076,200,99955,100,100084,100,99917,100,100108,100,99901,100,100117,100,99878,100,100177,100,99868,100,,,99857,100,,,,
2019-06-28 09:30:00.000000039,100015,100,99990,100,100034,100,99989,100,100072,100,99964,200,100076,200,99955,100,100084,100,99917,100,100108,100,99901,100,100117,100,99878,100,100135,100,99868,100,100177,100,99857,100,,,,
2019-06-28 09:30:00.000000040,100015,100,99990,100,100034,100,99989,100,100072,100,99987,100,100076,200,99964,200,100084,100,99955,100,100108,100,99917,100,100117,100,99901,100,100135,100,99878,100,100177,100,99868,100,,,99857,100
2019-06-28 09:30:00.000000042,100015,100,99990,100,100034,100,99989,100,100072,100,99987,100,100076,200,99964,300,100084,100,99955,100,100108,100,99917,100,100117,100,99901,100,100135,100,99878,100,100177,100,99868,100,,,99857,100
2019-06-28 09:30:00.000000043,100015,100,99989,100,100034,100,99987,100,100072,100,99964,300,100076,200,99955,100,100084,100,99917,100,100108,100,99901,100,100117,100,99878,100,100135,100,99868,100,100177,100,99857,100,,,,
2019-06-28 09:30:00.000000044,100015,100,99987,100,100034,100,99964,300,100072,100,99955,100,100076,200,99917,100,100084,100,99901,100,100108,100,99878,100,100117,100,99868,100,100135,100,99857,100,100177,100,,,,,,
2019-06-28 09:30:00.000000045,99989,100,99987,100,100015,100,99964,300,100034,100,99955,100,100072,100,99917,100,100076,200,99901,100,100084,100,99878,100,100108,100,99868,100,100117,100,99857,100,100135,100,,,100177,100,,
2019-06-28 09:30:00.000000049,99989,100,99964,300,100015,100,99960,100,100034,100,99955,100,100072,100,99917,100,100076,200,99901,100,100084,100,99878,100,100108,100,99868,100,100117,100,99857,100,100135,100,99839,100,100177,100,,
2019-06-28 09:30:00.000000050,99988,100,99964,300,99989,100,99960,100,100015,100,99955,100,100034,100,99917,100,100072,100,99901,100,100076,200,99878,100,100084,100,99868,100,100095,100,99857,100,100108,100,99839,100,100117,100,,
2019-06-28 09:30:00.000000051,99988,200,99964,300,99989,100,99960,100,100015,100,99955,100,100034,100,99917,100,100069,100,99901,100,100072,100,99878,100,100076,200,99868,100,100084,100,99857,100,100095,100,99839,100,100108,100,,
2019-06-28 09:30:00.000000056,99988,200,99964,200,99989,100,99960,100,100015,100,99959,100,100034,100,99955,100,100069,100,99917,100,100072,100,99901,100,100076,200,99878,100,100084,100,99868,100,100095,100,99857,100,100108,100,99839,100
2019-06-28 09:30:00.000000058,99988,200,99964,200,99989,100,99960,100,100015,100,99959,100,100034,100,99955,100,100069,100,99917,100,100072,100,99901,100,100076,200,99878,100,100084,100,99868,100,100095,100,99857,100,100108,100,99839,100
2019-06-28 09:30:00.000000061,99988,200,99964,200,99989,100,99960,100,100015,100,99959,100,100034,100,99955,100,100069,100,99917,100,100072,100,99901,100,100076,200,99878,100,100084,100,99868,100,100095,100,99857,100,100108,100,99839,100
2019-06-28 09:30:00.000000064,99988,200,99964,200,99989,100,99960,100,100015,100,99959,100,100019,100,99955,100,100034,100,99917,100,100069,100,99901,100,100072,100,99878,100,100076,200,99868,100,100084,100,99857,100,100095,100,99839,100
2019-06-28 09:30:00.000000065,99988,100,99964,200,99989,100,99960,100,100015,100,99959,100,100019,100,99955,100,100034,100,99917,100,100069,100,99901,100,100072,100,99878,100,100076,200,99868,100,100084,100,99857,100,100095,100,99839,100
2019-06-28 09:30:00.000000067,99988,100,99964,200,99989,100,99960,100,100015,100,99959,100,100019,100,99955,100,100034,100,99920,100,100069,100,99917,100,100072,100,99901,100,100076,200,99878,100,100084,100,99868,100,100095,100,99857,100
2019-06-28 09:30:00.000000068,99987,100,99964,200,99988,100,99960,100,99989,100,99959,100,100015,100,99955,100,100019,100,99920,100,100034,100,99917,100,100069,100,99901,100,100072,100,99878,100,100076,200,99868,100,100084,100,99857,100
2019-06-28 09:30:00.000000073,99988,100,99964,200,99989,100,99960,100,100015,100,99959,100,100019,100,99955,100,100034,100,99920,100,100069,100,99917,100,100072,100,99901,100,100076,200,99878,100,100084,100,99868,100,100095,100,99857,100
2019-06-28 09:30:00.000000075,99988,100,99964,200,99989,100,99960,100,100015,100,99959,100,100019,100,99955,100,100034,100,99920,100,100069,100,99917,100,100072,100,99901,100,100076,200,99878,100,100084,100,99868,100,100095,100,99857,100
2019-06-28 09:30:00.000000076,99988,100,99964,200,99989,100,99960,100,100015,100,99959,100,100019,100,99955,100,100034,100,99920,100,100069,100,99917,100,100072,100,99901,100,100076,200,99878,100,100078,100,99868,100,100084,100,99857,100
2019-06-28 09:30:00.000000077,99988,100,99964,100,99989,100,99960,100,100015,100,99959,100,100019,100,99955,100,100034,100,99920,100,100069,100,99917,100,100072,100,99901,100,100076,200,99878,100,100078,100,99868,100,100084,100,99857,100
2019-06-28 09:30:00.000000079,99988,100,99964,100,99989,100,99960,100,100015,100,99959,100,100019,100,99955,100,100034,100,99947,100,100069,100,99920,100,100072,100,99917,100,100076,200,99901,100,100078,100,99878,100,100084,100,99868,100
2019-06-28 09:30:00.000000082,99987,100,99964,100,99988,100,99960,100,99989,100,99959,100,100015,100,99955,100,100019,100,99947,100,100034,100,99920,100,100069,100,99917,100,100072,100,99901,100,100076,200,99878,100,100078,100,99868,100
2019-06-28 09:30:00.000000084,99987,100,99964,100,99988,100,99960,100,99989,100,99959,100,100015,100,99955,100,100019,100,99947,100,100034,100,99920,100,100069,100,99917,100,100072,100,99901,100,100076,200,99878,100,100078,100,99875,100
2019-06-28 09:30:00.000000087,99987,100,99977,100,99988,100,99964,100,99989,100,99960,100,100015,100,99959,100,100019,100,99955,100,100034,100,99947,100,100069,100,99920,100,100072,100,99917,100,100076,200,99906,100,100078,100,99901,100
2019-06-28 09:30:00.000000088,99987,100,99977,100,99988,100,99964,100,99989,100,99960,100,100015,100,99959,100,100019,100,99955,100,100034,100,99947,100,100069,100,99920,100,100072,100,99917,100,100076,200,99906,100,100078,100,99901,200
2019-06-28 09:30:00.000000091,99982,100,99977,100,99987,100,99964,100,99988,100,99960,100,99989,100,99959,100,100015,100,99955,100,100019,100,99947,100,100034,100,99920,100,100069,100,99917,100,100072,100,99906,100,100076,200,99901,200
2019-06-28 09:30:00.000000092,99982,100,99977,100,99987,100,99964,100,99988,100,99960,100,99989,100,99959,100,100015,100,99955,100,100019,100,99947,200,100034,100,99920,100,100069,100,99917,100,100072,100,99906,100,100076,200,99901,200
2019-06-28 09:30:00.000000098,99982,100,99977,100,99987,100,99964,100,99988,100,99960,100,99989,100,99959,100,100015,100,99955,100,100019,100,99947,200,100034,100,99931,100,100069,100,99920,100,100072,100,99917,100,100076,200,99906,100
2019-06-28 09:30:00.000000099,99982,100,99977,100,99987,100,99964,200,99988,100,99960,100,99989,100,99959,100,100015,100,99955,100,100019,100,99947,200,100034,100,99931,100,100069,100,99920,100,100072,100,99917,100,100076,200,99906,100
2019-06-28 09:30:10.000000000,99982,154,99977,154,99987,154,99964,254,99988,154,99960,154,99989,154,99959,154,100015,154,99955,154,100019,100,99947,200,100034,100,99931,100,100069,100,99920,100,100072,100,99917,100,100076,200,99906,100
2019-06-28 09:30:20.000000000,99982,191,99977,191,99987,188,99964,288,99988,188,99960,188,99989,100,99959,100,100015,100,99955,100,100019,100,99947,200,100034,100,99931,100,100069,100,99920,100,100072,100,99917,100,100076,200,99906,100
2019-06-28 09:30:30.000000000,99982,154,99977,154,99987,154,99964,254,99988,154,99960,154,99989,154,99959,154,100015,154,99955,154,100019,100,99947,200,100034,100,99931,100,100069,100,99920,100,100072,100,99917,100,100076,200,99906,100
2019-06-28 09:30:38.559380316,99982,154,99977,54,99987,154,99964,254,99988,154,99960,154,99989,154,99959,154,100015,154,99955,54,100019,100,99947,200,100034,100,99931,100,100069,100,99920,100,100072,100,99917,100,100076,200,99906,100
2019-06-28 09:30:40.000000000,99982,368,99964,468,99987,100,99960,100,99988,100,99959,100,99989,100,99947,200,100015,100,99931,100,100019,100,99920,100,100034,100,99917,100,100069,100,99906,100,100072,100,99901,200,100076,200,99878,100
2019-06-28 09:30:50.000000000,99982,234,99964,334,99987,234,99960,234,99988,100,99959,100,99989,100,99947,200,100015,100,99931,100,100019,100,99920,100,100034,100,99917,100,100069,100,99906,100,100072,100,99901,200,100076,200,99878,100
2019-06-28 09:31:00.000000000,99982,167,99964,267,99987,167,99960,167,99988,167,99959,167,99989,167,99947,267,100015,100,99931,100,100019,100,99920,100,100034,100,99917,100,100069,100,99906,100,100072,100,99901,200,100076,200,99878,100
2019-06-28 09:31:08.756129033,99982,167,99964,267,99987,167,99960,167,99988,167,99959,167,99989,167,99947,267,100015,100,99931,100,100034,100,99920,100,100069,100,99917,100,100072,100,99906,100,100076,200,99901,200,100078,100,99878,100
2019-06-28 09:31:10.000000000,99982,167,99964,267,99987,167,99960,167,99988,167,99959,167,99989,167,99947,267,100015,100,99931,100,100034,100,99920,100,100069,100,99917,100,100072,100,99906,100,100076,200,99901,200,100078,100,99878,100
2019-06-28 09:31:20.000000000,99982,154,99964,254,99987,154,99960,154,99988,154,99959,154,99989,154,99947,254,100015,154,99931,154,100034,100,99920,100,100069,100,99917,100,100072,100,99906,100,100076,200,99901,200,100078,100,99878,100
2019-06-28 09:31:28.519767009,99982,154,99964,254,99987,154,99960,154,99988,154,99959,154,99989,154,99947,254,100015,154,99931,154,100034,100,99920,100,100069,100,99917,100,100072,100,99906,100,100076,200,99901,200,100078,100,99878,100
2019-06-28 09:31:30.000000000,99982,154,99964,254,99987,154,99960,154,99988,154,99959,154,99989,154,99947,254,100015,154,99931,154,100034,100,99920,100,100069,100,99917,100,100072,100,99906,100,100076,200,99901,200,100078,100,99878,100
2019-06-28 09:31:40.000000000,99982,167,99964,267,99987,167,99960,167,99988,167,99959,167,99989,167,99947,267,100015,100,99931,100,100034,100,99920,100,100069,100,99917,100,100072,100,99906,100,100076,200,99901,200,100078,100,99878,100
2019-06-28 09:31:42.962554781,99982,167,99964,267,99987,167,99960,167,99988,167,99959,167,99989,167,99947,267,100015,100,99931,100,100034,100,99920,100,100069,100,99917,100,100072,100,99906,100,100076,200,99901,200,100078,100,99878,100
2019-06-28 09:31:50.000000000,99982,234,99964,334,99987,234,99960,234,99988,100,99959,100,99989,100,99947,200,100015,100,99931,100,100034,100,99920,100,100069,100,99917,100,100072,100,99906,100,100076,200,99901,200,100078,100,99878,100
2019-06-28 09:31:59.769742941,99982,234,99964,334,99987,234,99960,234,99988,100,99959,100,99989,100,99947,200,100015,100,99931,100,100034,100,99920,100,100069,100,99917,100,100072,100,99906,100,100076,200,99901,200,100078,100,99878,100
2019-06-28 09:32:00.000000000,99982,368,99964,468,99987,100,99960,100,99988,100,99959,100,99989,100,99947,200,100015,100,99931,100,100034,100,99920,100,100069,100,99917,100,100072,100,99906,100,100076,200,99901,200,100078,100,99878,100
2019-06-28 09:32:03.636628971,99982,368,99964,468,99987,100,99960,100,99988,100,99959,100,99989,100,99947,200,100015,100,99931,100,100034,100,99920,100,100069,100,99917,100,100072,100,99906,100,100076,200,99901,200,100078,100,99878,100
2019-06-28 09:32:10.000000000,99982,234,99964,334,99987,234,99960,234,99988,100,99959,100,99989,100,99947,200,100015,100,99931,100,100034,100,99920,100,100069,100,99917,100,100072,100,99906,100,100076,200,99901,200,100078,100,99878,100
2019-06-28 09:32:12.533789255,99982,234,99964,234,99987,234,99960,234,99988,100,99959,100,99989,100,99947,200,100015,100,99931,100,100034,100,99920,100,100069,100,99917,100,100072,100,99906,100,100076,200,99901,200,100078,100,99878,100
2019-06-28 09:32:20.000000000,99982,167,99964,167,99987,167,99960,167,99988,167,99959,167,99989,167,99947,267,100015,100,99931,100,100034,100,99920,100,100069,100,99917,100,100072,100,99906,100,100076,200,99901,200,100078,100,99878,100
2019-06-28 09:32:24.220851922,99977,100,99964,167,99982,167,99960,167,99987,167,99959,167,99988,167,99947,267,99989,167,99931,100,100015,100,99920,100,100034,100,99917,100,100069,100,99906,100,100072,100,99901,200,100076,200,99878,100
2019-06-28 09:32:30.000000000,99977,191,99964,191,99982,188,99960,188,99987,188,99959,188,99988,100,99947,200,99989,100,99931,100,100015,100,99920,100,100034,100,99917,100,100069,100,99906,100,100072,100,99901,200,100076,200,99878,100
2019-06-28 09:32:40.000000000,99977,191,99964,191,99982,188,99960,188,99987,188,99959,188,99988,100,99947,200,99989,100,99931,100,100015,100,99920,100,100034,100,99917,100,100069,100,99906,100,100072,100,99901,200,100076,200,99878,100
2019-06-28 09:32:50.000000000,99977,167,99964,167,99982,167,99960,167,99987,167,99959,167,99988,167,99947,267,99989,100,99931,100,100015,100,99920,100,100034,100,99917,100,100069,100,99906,100,100072,100,99901,200,100076,200,99878,100
2019-06-28 09:32:51.182649106,99977,267,99964,167,99982,167,99960,167,99987,167,99959,167,99988,67,99947,267,99989,100,99931,100,100015,100,99920,100,100034,100,99917,100,100069,100,99906,100,100072,100,99901,200,100076,200,99878,100
2019-06-28 09:33:00.000000000,99977,334,99964,234,99982,234,99960,234,99987,100,99959,100,99989,100,99947,200,100015,100,99931,100,100034,100,99920,100,100069,100,99917,100,100072,100,99906,100,100076,200,99901,200,100078,100,99878,100
2019-06-28 09:33:10.000000000,99977,267,99964,167,99982,167,99960,167,99987,167,99959,167,99989,167,99947,267,100015,100,99931,100,100034,100,99920,100,100069,100,99917,100,100072,100,99906,100,100076,200,99901,200,100078,100,99878,100
2019-06-28 09:33:20.000000000,99977,468,99964,368,99982,100,99960,100,99987,100,99959,100,99989,100,99947,200,100015,100,99931,100,100034,100,99920,100,100069,100,99917,100,100072,100,99906,100,100076,200,99901,200,100078,100,99878,100
2019-06-28 09:33:30.000000000,99977,267,99964,167,99982,167,99960,167,99987,167,99959,167,99989,167,99947,267,100015,100,99931,100,100034,100,99920,100,100069,100,99917,100,100072,100,99906,100,100076,200,99901,200,100078,100,99878,100
2019-06-28 09:33:31.280687763,99977,267,99964,167,99982,167,99960,167,99987,167,99959,167,99989,167,99947,267,100015,100,99931,100,100034,100,99920,100,100069,100,99917,100,100072,100,99906,100,100076,200,99901,200,100078,100,99878,100
2019-06-28 09:33:40.000000000,99977,267,99964,167,99982,167,99960,167,99987,167,99959,167,99989,167,99947,267,100015,100,99931,100,100034,100,99920,100,100069,100,99917,100,100072,100,99906,100,100076,200,99901,200,100078,100,99878,100
2019-06-28 09:33:46.886608574,99977,367,99964,167,99982,167,99960,167,99987,167,99959,167,99989,167,99947,267,100015,100,99931,100,100034,100,99920,100,100069,100,99917,100,100072,100,99906,100,100076,100,99901,200,100078,100,99878,100
2019-06-28 09:33:50.000000000,99977,568,99964,368,99982,100,99960,100,99987,100,99959,100,99989,100,99947,200,100015,100,99931,100,100034,100,99920,100,100069,100,99917,100,100072,100,99906,100,100076,100,99901,200,100078,100,99878,100
2019-06-28 09:34:00.000000000,99977,367,99964,167,99982,167,99960,167,99987,167,99959,167,99989,167,99947,267,100015,100,99931,100,100034,100,99920,100,100069,100,99917,100,100072,100,99906,100,100076,100,99901,200,100078,100,99878,100
2019-06-28 09:34:03.529111682,99977,367,99964,167,99982,167,99960,167,99987,167,99959,167,99989,167,99947,267,100015,100,99931,100,100034,100,99920,100,100069,100,99917,100,100072,100,99906,100,100076,100,99901,200,100078,100,99878,100
2019-06-28 09:34:08.266657859,99977,367,99964,67,99982,167,99960,167,99987,167,99959,167,99989,167,99947,267,100015,100,99931,100,100034,100,99920,100,100069,100,99917,100,100072,100,99906,100,100076,100,99901,200,100078,100,99878,100
2019-06-28 09:34:10.000000000,99977,367,99960,167,99982,167,99959,167,99987,167,99947,267,99989,167,99931,167,100015,100,99920,100,100034,100,99917,100,100069,100,99906,100,100072,100,99901,200,100076,100,99878,100,100078,100,99875,100
2019-06-28 09:34:13.918854888,99964,100,99960,167,99977,367,99959,167,99982,167,99947,267,99987,167,99931,167,99989,167,99920,100,100015,100,99917,100,100034,100,99906,100,100069,100,99901,200,100072,100,99878,100,100076,100,99875,100
2019-06-28 09:34:16.514593192,99964,100,99960,67,99977,367,99959,167,99982,167,99947,267,99987,167,99931,167,99989,167,99920,100,100015,100,99917,100,100034,100,99906,100,100069,100,99901,200,100072,100,99878,100,100076,100,99875,100
2019-06-28 09:34:20.000000000,99964,167,99959,167,99977,367,99947,267,99982,167,99931,167,99987,167,99920,167,99989,100,99917,100,100015,100,99906,100,100034,100,99901,200,100069,100,99878,100,100072,100,99875,100,100076,100,99857,100
2019-06-28 09:34:30.000000000,99964,234,99959,234,99977,434,99947,334,99982,100,99931,100,99987,100,99920,100,99989,100,99917,100,100015,100,99906,100,100034,100,99901,200,100069,100,99878,100,100072,100,99875,100,100076,100,99857,100
2019-06-28 09:34:37.294735768,99964,234,99959,234,99977,434,99947,334,99982,100,99931,100,99987,100,99920,100,99989,100,99917,100,100015,100,99906,100,100034,100,99901,200,100069,100,99878,100,100076,100,99875,100,100078,100,99857,100
2019-06-28 09:34:40.000000000,99964,368,99959,368,99977,300,99947,200,99982,100,99931,100,99987,100,99920,100,99989,100,99917,100,100015,100,99906,100,100034,100,99901,200,100069,100,99878,100,100076,100,99875,100,100078,100,99857,100
2019-06-28 09:34:50.000000000,99964,368,99959,368,99977,300,99947,200,99982,100,99931,100,99987,100,99920,100,99989,100,99917,100,100015,100,99906,100,100034,100,99901,200,100069,100,99878,100,100076,100,99875,100,100078,100,99857,100
2019-06-28 09:35:00.000000000,99964,368,99959,368,99977,300,99947,200,99982,100,99931,100,99987,100,99920,100,99989,100,99917,100,100015,100,99906,100,100034,100,99901,200,100069,100,99878,100,100076,100,99875,100,100078,100,99857,100
2019-06-28 09:35:10.000000000,99964,368,99959,368,99977,300,99947,200,99982,100,99931,100,99987,100,99920,100,99989,100,99917,100,100015,100,99906,100,100034,100,99901,200,100069,100,99878,100,100076,100,99875,100,100078,100,99857,100
2019-06-28 09:35:20.000000000,99964,234,99959,234,99977,434,99947,334,99982,100,99931,100,99987,100,99920,100,99989,100,99917,100,100015,100,99906,100,100034,100,99901,200,100069,100,99878,100,100076,100,99875,100,100078,100,99857,100
2019-06-28 09:35:20.523289471,99964,234,99959,234,99977,434,99947,334,99982,100,99931,100,99987,100,99920,100,99989,100,99917,100,100015,100,99906,100,100034,100,99901,200,100069,100,99878,100,100076,100,99875,100,100078,100,99857,100
2019-06-28 09:35:30.000000000,99964,191,99959,191,99977,388,99947,288,99982,188,99931,188,99987,100,99920,100,99989,100,99917,100,100015,100,99906,100,100034,100,99901,200,100069,100,99878,100,100076,100,99875,100,100078,100,99857,100
2019-06-28 09:35:40.000000000,99964,368,99959,368,99977,300,99947,200,99982,100,99931,100,99987,100,99920,100,99989,100,99917,100,100015,100,99906,100,100034,100,99901,200,100069,100,99878,100,100076,100,99875,100,100078,100,99857,100
2019-06-28 09:35:48.338163930,99964,368,99959,368,99977,300,99947,200,99982,100,99931,100,99987,100,99920,100,99989,100,99917,100,100015,100,99906,100,100034,100,99901,200,100069,100,99878,100,100076,100,99875,100,100078,100,99857,100
2019-06-28 09:35:50.000000000,99964,234,99959,234,99977,434,99947,334,99982,100,99931,100,99987,100,99920,100,99989,100,99917,100,100015,100,99906,100,100034,100,99901,200,100069,100,99878,100,100076,100,99875,100,100078,100,99857,100
2019-06-28 09:36:00.000000000,99964,368,99959,368,99977,300,99947,200,99982,100,99931,100,99987,100,99920,100,99989,100,99917,100,100015,100,99906,100,100034,100,99901,200,100069,100,99878,100,100076,100,99875,100,100078,100,99857,100
2019-06-28 09:36:10.000000000,99964,154,99959,154,99977,354,99947,254,99982,154,99931,154,99987,154,99920,154,99989,154,99917,154,100015,100,99906,100,100034,100,99901,200,100069,100,99878,100,100076,100,99875,100,100078,100,99857,100
2019-06-28 09:36:20.000000000,99964,234,99959,234,99977,434,99947,334,99982,100,99931,100,99987,100,99920,100,99989,100,99917,100,100015,100,99906,100,100034,100,99901,200,100069,100,99878,100,100076,100,99875,100,100078,100,99857,100
2019-06-28 09:36:21.063224498,99964,234,99959,234,99977,434,99947,334,99982,100,99931,100,99987,100,99920,100,99989,100,99917,100,100015,100,99906,100,100034,100,99901,200,100069,100,99878,100,100076,100,99875,100,100078,100,99857,100
2019-06-28 09:36:30.000000000,99964,368,99959,368,99977,300,99947,200,99982,100,99931,100,99987,100,99920,100,99989,100,99917,100,100015,100,99906,100,100034,100,99901,200,100069,100,99878,100,100076,100,99875,100,100078,100,99857,100
2019-06-28 09:36:40.000000000,99964,167,99959,167,99977,367,99947,267,99982,167,99931,167,99987,167,99920,167,99989,100,99917,100,100015,100,99906,100,100034,100,99901,200,100069,100,99878,100,100076,100,99875,100,100078,100,99857,100
2019-06-28 09:36:50.000000000,99964,368,99959,368,99977,300,99947,200,99982,100,99931,100,99987,100,99920,100,99989,100,99917,100,100015,100,99906,100,100034,100,99901,200,100069,100,99878,100,100076,100,99875,100,100078,100,99857,100
2019-06-28 09:36:56.560474144,99963,100,99959,368,99964,368,99947,200,99977,300,99931,100,99982,100,99920,100,99987,100,99917,100,99989,100,99906,100,100015,100,99901,200,100034,100,99878,100,100069,100,99875,100,100076,100,99857,100
2019-06-28 09:36:57.639472970,99964,368,99959,368,99977,300,99947,200,99982,100,99931,100,99987,100,99920,100,99989,100,99917,100,100015,100,99906,100,100034,100,99901,200,100069,100,99878,100,100076,100,99875,100,100078,100,99857,100
2019-06-28 09:37:00.000000000,99964,167,99959,167,99977,367,99947,267,99982,167,99931,167,99987,167,99920,167,99989,100,99917,100,100015,100,99906,100,100034,100,99901,200,100069,100,99878,100,100076,100,99875,100,100078,100,99857,100
2019-06-28 09:37:10.000000000,99964,191,99959,191,99977,388,99947,288,99982,188,99931,188,99987,100,99920,100,99989,100,99917,100,100015,100,99906,100,100034,100,99901,200,100069,100,99878,100,100076,100,99875,100,100078,100,99857,100
2019-06-28 09:37:20.000000000,99964,154,99959,154,99977,354,99947,254,99982,154,99931,154,99987,154,99920,154,99989,154,99917,154,100015,100,99906,100,100034,100,99901,200,100069,100,99878,100,100076,100,99875,100,100078,100,99857,100
2019-06-28 09:37:26.513107143,99964,154,99959,154,99977,354,99947,254,99982,154,99931,154,99987,154,99920,154,99989,154,99917,154,100015,100,99906,100,100034,100,99901,200,100069,100,99878,100,100076,100,99875,100,100078,100,99857,100
2019-06-28 09:37:29.603387816,99964,154,99959,154,99977,354,99947,254,99982,154,99931,154,99987,154,99920,154,99989,154,99917,154,100015,100,99906,100,100034,100,99901,200,100069,100,99878,100,100076,100,99875,100,100078,100,99857,100
2019-06-28 09:37:30.000000000,99964,368,99959,368,99977,300,99947,200,99982,100,99931,100,99987,100,99920,100,99989,100,99917,100,100015,100,99906,100,100034,100,99901,200,100069,100,99878,100,100076,100,99875,100,100078,100,99857,100
2019-06-28 09:37:34.109943979,99963,100,99959,368,99964,368,99947,200,99977,300,99931,100,99982,100,99920,100,99987,100,99917,100,99989,100,99906,100,100015,100,99901,200,100034,100,99878,100,100069,100,99875,100,100076,100,99857,100
2019-06-28 09:37:37.959527411,99963,200,99959,368,99964,368,99947,200,99977,300,99931,100,99982,100,99920,100,99987,100,99917,100,99989,100,99906,100,100015,100,99901,200,100034,100,99878,100,100069,100,99875,100,100076,100,99857,100
2019-06-28 09:37:40.000000000,99963,468,99959,368,99964,100,99947,200,99977,300,99931,100,99982,100,99920,100,99987,100,99917,100,99989,100,99906,100,100015,100,99901,200,100034,100,99878,100,100069,100,99875,100,100076,100,99857,100
2019-06-28 09:37:50.000000000,99963,468,99959,368,99964,100,99947,200,99977,300,99931,100,99982,100,99920,100,99987,100,99917,100,99989,100,99906,100,100015,100,99901,200,100034,100,99878,100,100069,100,99875,100,100076,100,99857,100
2019-06-28 09:38:00.000000000,99963,334,99959,234,99964,234,99947,334,99977,300,99931,100,99982,100,99920,100,99987,100,99917,100,99989,100,99906,100,100015,100,99901,200,100034,100,99878,100,100069,100,99875,100,100076,100,99857,100
2019-06-28 09:38:10.000000000,99963,291,99959,191,99964,188,99947,288,99977,388,99931,188,99982,100,99920,100,99987,100,99917,100,99989,100,99906,100,100015,100,99901,200,100034,100,99878,100,100069,100,99875,100,100076,100,99857,100
2019-06-28 09:38:12.897633113,99963,291,99959,91,99964,188,99947,288,99977,388,99931,188,99982,100,99920,100,99987,100,99917,100,99989,100,99906,100,100015,100,99901,200,100034,100,99878,100,100069,100,99875,100,100076,100,99857,100
2019-06-28 09:38:16.506087407,99959,9,99947,288,99963,291,99931,188,99964,188,99920,100,99977,388,99917,100,99982,100,99906,100,99987,100,99901,200,99989,100,99878,100,100015,100,99875,100,100034,100,99857,100,100069,100,99786,100
2019-06-28 09:38:20.000000000,99959,63,99947,254,99963,254,99931,154,99964,154,99920,154,99977,354,99917,154,99982,154,99906,154,99987,100,99901,200,99989,100,99878,100,100015,100,99875,100,100034,100,99857,100,100069,100,99786,100
2019-06-28 09:38:24.611842933,99959,163,99947,254,99963,254,99931,154,99964,154,99920,154,99977,354,99917,154,99982,154,99906,154,99987,100,99901,100,99989,100,99878,100,100015,100,99875,100,100034,100,99857,100,100069,100,99786,100
2019-06-28 09:38:30.000000000,99959,377,99947,468,99963,200,99931,100,99964,100,99920,100,99977,300,99917,100,99982,100,99906,100,99987,100,99901,100,99989,100,99878,100,100015,100,99875,100,100034,100,99857,100,100069,100,99786,100
2019-06-28 09:38:32.101595397,99959,368,99947,468,99963,200,99931,100,99964,100,99920,100,99977,300,99917,100,99982,100,99906,100,99987,100,99901,100,99989,100,99878,100,100015,100,99875,100,100034,100,99857,100,100069,100,99786,100
2019-06-28 09:38:40.000000000,99959,234,99947,334,99963,334,99931,234,99964,100,99920,100,99977,300,99917,100,99982,100,99906,100,99987,100,99901,100,99989,100,99878,100,100015,100,99875,100,100034,100,99857,100,100069,100,99786,100
2019-06-28 09:38:50.000000000,99959,234,99947,334,99963,334,99931,234,99964,100,99920,100,99977,300,99917,100,99982,100,99906,100,99987,100,99901,100,99989,100,99878,100,100015,100,99875,100,100034,100,99857,100,100069,100,99786,100
2019-06-28 09:39:00.000000000,99959,191,99947,291,99963,288,99931,188,99964,188,99920,188,99977,300,99917,100,99982,100,99906,100,99987,100,99901,100,99989,100,99878,100,100015,100,99875,100,100034,100,99857,100,100069,100,99786,100
2019-06-28 09:39:03.231948526,99959,191,99947,291,99963,288,99931,188,99964,188,99920,188,99977,300,99917,100,99982,100,99906,100,99987,100,99901,100,99989,100,99878,100,100015,100,99875,100,100034,100,99857,100,100069,100,99786,100
2019-06-28 09:39:06.119079176,99959,191,99947,291,99963,288,99931,188,99964,188,99920,188,99977,300,99917,100,99982,100,99906,100,99987,100,99901,100,99989,100,99878,100,100015,100,99875,100,100034,100,99857,100,100069,100,99786,100
2019-06-28 09:39:10.000000000,99959,154,99947,254,99963,254,99931,154,99964,154,99920,154,99977,354,99917,154,99982,154,99906,154,99987,100,99901,100,99989,100,99878,100,100015,100,99875,100,100034,100,99857,100,100069,100,99786,100
2019-06-28 09:39:20.000000000,99959,234,99947,334,99963,334,99931,234,99964,100,99920,100,99977,300,99917,100,99982,100,99906,100,99987,100,99901,100,99989,100,99878,100,100015,100,99875,100,100034,100,99857,100,100069,100,99786,100
2019-06-28 09:39:30.000000000,99959,368,99947,468,99963,200,99931,100,99964,100,99920,100,99977,300,99917,100,99982,100,99906,100,99987,100,99901,100,99989,100,99878,100,100015,100,99875,100,100034,100,99857,100,100069,100,99786,100
2019-06-28 09:39:34.774285981,99959,368,99947,468,99963,200,99931,100,99964,100,99920,100,99977,300,99917,100,99982,100,99906,100,99987,100,99901,100,99989,100,99878,100,100015,100,99875,100,100034,100,99857,100,100069,100,99786,100
2019-06-28 09:39:36.005882686,99959,368,99947,468,99963,200,99931,100,99964,100,99920,100,99977,300,99917,100,99982,100,99906,100,99987,100,99901,100,99989,100,99878,100,100015,100,99875,100,100034,100,99857,100,100069,100,99786,100
2019-06-28 09:39:40.000000000,99959,191,99947,291,99963,288,99931,188,99964,188,99920,188,99977,300,99917,100,99982,100,99906,100,99987,100,99901,100,99989,100,99878,100,100015,100,99875,100,100034,100,99857,100,100069,100,99786,100
2019-06-28 09:39:50.000000000,99959,368,99947,468,99963,200,99931,100,99964,100,99920,100,99977,300,99917,100,99982,100,99906,100,99987,100,99901,100,99989,100,99878,100,100015,100,99875,100,100034,100,99857,100,100069,100,99786,100
2019-06-28 09:39:52.532825596,99959,468,99947,468,99963,200,99931,100,99964,100,99920,100,99977,300,99917,100,99982,100,99906,100,99987,100,99901,100,99989,100,99878,100,100015,100,99875,100,100034,100,99857,100,100069,100,99786,100
2019-06-28 09:40:00.000000000,99959,334,99947,334,99963,334,99931,234,99964,100,99920,100,99977,300,99917,100,99982,100,99906,100,99987,100,99901,100,99989,100,99878,100,100015,100,99875,100,100034,100,99857,100,100069,100,99786,100
2019-06-28 09:40:10.000000000,99959,468,99947,468,99963,200,99931,100,99964,100,99920,100,99977,300,99917,100,99982,100,99906,100,99987,100,99901,100,99989,100,99878,100,100015,100,99875,100,100034,100,99857,100,100069,100,99786,100
2019-06-28 09:40:20.000000000,99959,468,99947,468,99963,200,99931,100,99964,100,99920,100,99977,300,99917,100,99982,100,99906,100,99987,100,99901,100,99989,100,99878,100,100015,100,99875,100,100034,100,99857,100,100069,100,99786,100
2019-06-28 09:40:29.627714481,99959,468,99952,100,99963,200,99947,468,99964,100,99931,100,99977,300,99920,100,99982,100,99917,100,99987,100,99906,100,99989,100,99901,100,100015,100,99878,100,100034,100,99875,100,100069,100,99857,100
2019-06-28 09:40:30.000000000,99959,468,99952,368,99963,200,99947,200,99964,100,99931,100,99977,300,99920,100,99982,100,99917,100,99987,100,99906,100,99989,100,99901,100,100015,100,99878,100,100034,100,99875,100,100069,100,99857,100
2019-06-28 09:40:40.000000000,99959,291,99952,191,99963,288,99947,288,99964,188,99931,188,99977,300,99920,100,99982,100,99917,100,99987,100,99906,100,99989,100,99901,100,100015,100,99878,100,100034,100,99875,100,100069,100,99857,100
2019-06-28 09:40:42.620039790,99959,291,99952,191,99963,288,99947,288,99964,188,99931,188,99977,300,99917,100,99982,100,99906,100,99987,100,99901,100,99989,100,99878,100,100015,100,99875,100,100034,100,99857,100,100069,100,99786,100
2019-06-28 09:40:45.785241093,99959,291,99952,191,99963,288,99947,288,99964,188,99931,188,99977,300,99906,100,99982,100,99901,100,99987,100,99878,100,99989,100,99875,100,100002,100,99857,100,100015,100,99786,100,100034,100,99748,100
2019-06-28 09:40:50.000000000,99959,468,99952,368,99963,200,99947,200,99964,100,99931,100,99977,300,99906,100,99982,100,99901,100,99987,100,99878,100,99989,100,99875,100,100002,100,99857,100,100015,100,99786,100,100034,100,99748,100
2019-06-28 09:41:00.000000000,99959,267,99952,167,99963,267,99947,267,99964,167,99931,167,99977,367,99906,167,99982,100,99901,100,99987,100,99878,100,99989,100,99875,100,100002,100,99857,100,100015,100,99786,100,100034,100,99748,100
2019-06-28 09:41:10.000000000,99959,291,99952,191,99963,288,99947,288,99964,188,99931,188,99977,300,99906,100,99982,100,99901,100,99987,100,99878,100,99989,100,99875,100,100002,100,99857,100,100015,100,99786,100,100034,100,99748,100
2019-06-28 09:41:20.000000000,99959,291,99952,191,99963,288,99947,288,99964,188,99931,188,99977,300,99906,100,99982,100,99901,100,99987,100,99878,100,99989,100,99875,100,100002,100,99857,100,100015,100,99786,100,100034,100,99748,100
2019-06-28 09:41:30.000000000,99959,468,99952,368,99963,200,99947,200,99964,100,99931,100,99977,300,99906,100,99982,100,99901,100,99987,100,99878,100,99989,100,99875,100,100002,100,99857,100,100015,100,99786,100,100034,100,99748,100
2019-06-28 09:41:40.000000000,99959,468,99952,368,99963,200,99947,200,99964,100,99931,100,99977,300,99906,100,99982,100,99901,100,99987,100,99878,100,99989,100,99875,100,100002,100,99857,100,100015,100,99786,100,100034,100,99748,100
2019-06-28 09:41:46.385216873,99959,568,99952,368,99963,100,99947,200,99964,100,99931,100,99977,300,99906,100,99982,100,99901,100,99987,100,99878,100,99989,100,99875,100,100002,100,99857,100,100015,100,99786,100,100034,100,99748,100
2019-06-28 09:41:50.000000000,99959,354,99952,154,99963,154,99947,254,99964,154,99931,154,99977,354,99906,154,99982,154,99901,154,99987,100,99878,100,99989,100,99875,100,100002,100,99857,100,100015,100,99786,100,100034,100,99748,100
2019-06-28 09:42:00.000000000,99959,391,99952,191,99963,188,99947,288,99964,188,99931,188,99977,300,99906,100,99982,100,99901,100,99987,100,99878,100,99989,100,99875,100,100002,100,99857,100,100015,100,99786,100,100034,100,99748,100
2019-06-28 09:42:01.982604419,99959,391,99952,191,99963,188,99947,288,99964,188,99931,188,99977,300,99906,100,99982,100,99901,100,99987,100,99878,100,99989,100,99875,100,100002,100,99857,100,100015,100,99748,100,100034,100,99723,100
2019-06-28 09:42:10.000000000,99959,367,99952,167,99963,167,99947,267,99964,167,99931,167,99977,367,99906,167,99982,100,99901,100,99987,100,99878,100,99989,100,99875,100,100002,100,99857,100,100015,100,99748,100,100034,100,99723,100
2019-06-28 09:42:20.000000000,99959,568,99952,368,99963,100,99947,200,99964,100,99931,100,99977,300,99906,100,99982,100,99901,100,99987,100,99878,100,99989,100,99875,100,100002,100,99857,100,100015,100,99748,100,100034,100,99723,100
2019-06-28 09:42:30.000000000,99959,568,99952,368,99963,100,99947,200,99964,100,99931,100,99977,300,99906,100,99982,100,99901,100,99987,100,99878,100,99989,100,99875,100,100002,100,99857,100,100015,100,99748,100,100034,100,99723,100
2019-06-28 09:42:39.800503979,99959,568,99952,368,99964,100,99947,200,99977,300,99931,100,99982,100,99906,100,99987,100,99901,100,99989,100,99878,100,100002,100,99875,100,100015,100,99857,100,100034,100,99748,100,100069,100,99723,100
2019-06-28 09:42:40.000000000,99959,354,99952,154,99964,154,99947,254,99977,354,99931,154,99982,154,99906,154,99987,154,99901,154,99989,100,99878,100,100002,100,99875,100,100015,100,99857,100,100034,100,99748,100,100069,100,99723,100
2019-06-28 09:42:50.000000000,99959,367,99952,167,99964,167,99947,267,99977,367,99931,167,99982,167,99906,167,99987,100,99901,100,99989,100,99878,100,100002,100,99875,100,100015,100,99857,100,100034,100,99748,100,100069,100,99723,100
2019-06-28 09:42:52.948438985,99959,367,99952,167,99964,167,99947,267,99977,367,99931,167,99982,167,99906,167,99987,100,99901,100,99989,100,99878,100,100002,100,99875,100,100015,100,99857,100,100034,100,99748,100,100069,100,99703,100
2019-06-28 09:42:59.335558256,99959,367,99952,167,99964,167,99947,267,99977,367,99931,67,99982,167,99906,167,99987,100,99901,100,99989,100,99878,100,100002,100,99875,100,100015,100,99857,100,100034,100,99748,100,100069,100,99703,100
2019-06-28 09:43:00.000000000,99959,434,99952,234,99964,234,99947,334,99977,300,99906,100,99982,100,99901,100,99987,100,99878,100,99989,100,99875,100,100002,100,99857,100,100015,100,99748,100,100034,100,99703,100,100069,100,99688,100
2019-06-28 09:43:01.144800519,99959,434,99952,234,99964,234,99947,334,99977,300,99906,100,99982,100,99901,100,99987,100,99878,100,99989,100,99875,100,100015,100,99857,100,100034,100,99748,100,100069,100,99703,100,100076,100,99688,100
2019-06-28 09:43:10.000000000,99959,367,99952,167,99964,167,99947,267,99977,367,99906,167,99982,167,99901,167,99987,100,99878,100,99989,100,99875,100,100015,100,99857,100,100034,100,99748,100,100069,100,99703,100,100076,100,99688,100
2019-06-28 09:43:20.000000000,99959,568,99952,368,99964,100,99947,200,99977,300,99906,100,99982,100,99901,100,99987,100,99878,100,99989,100,99875,100,100015,100,99857,100,100034,100,99748,100,100069,100,99703,100,100076,100,99688,100
2019-06-28 09:43:23.198461667,99959,468,99952,368,99964,100,99947,200,99977,300,99906,100,99982,100,99901,100,99987,100,99878,100,99989,100,99875,100,100015,100,99857,100,100034,100,99748,100,100069,100,99703,100,100076,100,99688,100
2019-06-28 09:43:23.525140277,99959,568,99952,368,99964,100,99947,200,99977,200,99906,100,99982,100,99901,100,99987,100,99878,100,99989,100,99875,100,100015,100,99857,100,100034,100,99748,100,100069,100,99703,100,100076,100,99688,100
2019-06-28 09:43:30.000000000,99959,367,99952,167,99964,167,99947,267,99977,267,99906,167,99982,167,99901,167,99987,100,99878,100,99989,100,99875,100,100015,100,99857,100,100034,100,99748,100,100069,100,99703,100,100076,100,99688,100
2019-06-28 09:43:38.701808286,99959,467,99952,167,99964,167,99947,267,99977,267,99906,167,99982,167,99901,167,99987,100,99878,100,99989,100,99875,100,100015,100,99857,100,100034,100,99748,100,100069,100,99703,100,100076,100,99688,100
2019-06-28 09:43:39.359683399,99959,467,99952,67,99964,167,99947,267,99977,267,99906,167,99982,167,99901,167,99987,100,99878,100,99989,100,99875,100,100015,100,99857,100,100034,100,99748,100,100069,100,99703,100,100076,100,99688,100
2019-06-28 09:43:40.000000000,99959,467,99947,267,99964,167,99906,167,99977,267,99901,167,99982,167,99878,167,99987,100,99875,100,99989,100,99857,100,100015,100,99748,100,100034,100,99703,100,100069,100,99688,100,100076,100,99650,100
2019-06-28 09:43:50.000000000,99959,467,99947,267,99964,167,99906,167,99977,267,99901,167,99982,167,99878,167,99987,100,99875,100,99989,100,99857,100,100015,100,99748,100,100034,100,99703,100,100069,100,99688,100,100076,100,99650,100
2019-06-28 09:43:52.414914620,99959,467,99947,167,99964,167,99906,167,99977,267,99901,167,99982,167,99878,167,99987,100,99875,100,99989,100,99857,100,100015,100,99748,100,100034,100,99703,100,100069,100,99688,100,100076,100,99650,100
2019-06-28 09:44:00.000000000,99959,534,99947,234,99964,234,99906,234,99977,200,99901,100,99982,100,99878,100,99987,100,99875,100,99989,100,99857,100,100015,100,99748,100,100034,100,99703,100,100069,100,99688,100,100076,100,99650,100
2019-06-28 09:44:10.000000000,99959,491,99947,191,99964,188,99906,188,99977,288,99901,188,99982,100,99878,100,99987,100,99875,100,99989,100,99857,100,100015,100,99748,100,100034,100,99703,100,100069,100,99688,100,100076,100,99650,100
2019-06-28 09:44:20.000000000,99959,534,99947,234,99964,234,99906,234,99977,200,99901,100,99982,100,99878,100,99987,100,99875,100,99989,100,99857,100,100015,100,99748,100,100034,100,99703,100,100069,100,99688,100,100076,100,99650,100
2019-06-28 09:44:30.000000000,99959,467,99947,167,99964,167,99906,167,99977,267,99901,167,99982,167,99878,167,99987,100,99875,100,99989,100,99857,100,100015,100,99748,100,100034,100,99703,100,100069,100,99688,100,100076,100,99650,100
2019-06-28 09:44:30.312228282,99959,467,99947,167,99964,167,99906,167,99977,267,99901,167,99982,167,99878,167,99987,100,99875,100,99989,100,99857,100,100015,100,99748,100,100034,100,99688,100,100069,100,99650,100,100076,100,99628,100
2019-06-28 09:44:40.000000000,99959,454,99947,154,99964,154,99906,154,99977,254,99901,154,99982,154,99878,154,99987,154,99875,154,99989,100,99857,100,100015,100,99748,100,100034,100,99688,100,100069,100,99650,100,100076,100,99628,100
2019-06-28 09:44:44.797010308,99959,454,99947,154,99964,154,99906,154,99977,254,99901,154,99982,154,99878,154,99987,154,99875,154,99989,100,99857,100,100015,100,99748,100,100034,100,99688,100,100069,100,99650,100,100076,100,99628,100
2019-06-28 09:44:45.846948336,99959,454,99947,154,99964,154,99906,154,99977,254,99901,154,99982,154,99878,154,99987,154,99875,154,99989,100,99857,100,100015,100,99748,100,100034,100,99688,100,100069,100,99650,100,100076,100,99628,100
2019-06-28 09:44:50.000000000,99959,491,99947,191,99964,188,99906,188,99977,288,99901,188,99982,100,99878,100,99987,100,99875,100,99989,100,99857,100,100015,100,99748,100,100034,100,99688,100,100069,100,99650,100,100076,100,99628,100
2019-06-28 09:45:00.000000000,99959,491,99947,191,99964,188,99906,188,99977,288,99901,188,99982,100,99878,100,99987,100,99875,100,99989,100,99857,100,100015,100,99748,100,100034,100,99688,100,100069,100,99650,100,100076,100,99628,100
2019-06-28 09:45:08.321271830,99952,100,99947,191,99959,391,99906,188,99964,188,99901,188,99977,288,99878,100,99982,100,99875,100,99987,100,99857,100,99989,100,99748,100,100015,100,99688,100,100034,100,99650,100,100069,100,99628,100
2019-06-28 09:45:08.664479896,99952,200,99947,191,99959,391,99906,188,99964,88,99901,188,99977,288,99878,100,99982,100,99875,100,99987,100,99857,100,99989,100,99748,100,100015,100,99688,100,100034,100,99650,100,100069,100,99628,100
2019-06-28 09:45:10.000000000,99952,291,99947,191,99959,388,99906,188,99977,288,99901,188,99982,100,99878,100,99987,100,99875,100,99989,100,99857,100,100015,100,99748,100,100034,100,99688,100,100069,100,99650,100,100076,100,99628,100
2019-06-28 09:45:10.838249580,99952,391,99947,191,99959,288,99906,188,99977,288,99901,188,99982,100,99878,100,99987,100,99875,100,99989,100,99857,100,100015,100,99748,100,100034,100,99688,100,100069,100,99650,100,100076,100,99628,100
2019-06-28 09:45:14.886191990,99952,391,99947,91,99959,288,99906,188,99977,288,99901,188,99982,100,99878,100,99987,100,99875,100,99989,100,99857,100,100015,100,99688,100,100034,100,99650,100,100069,100,99628,100,100076,100,99620,100
2019-06-28 09:45:18.564172548,99947,9,99906,188,99952,391,99901,188,99959,188,99878,100,99977,288,99875,100,99982,100,99857,100,99987,100,99688,100,99989,100,99650,100,100015,100,99628,100,100034,100,99620,100,100069,100,99566,100
2019-06-28 09:45:20.000000000,99947,277,99906,368,99952,300,99901,100,99959,100,99878,100,99977,200,99875,100,99982,100,99857,100,99987,100,99688,100,99989,100,99650,100,100015,100,99628,100,100034,100,99620,100,100069,100,99566,100
2019-06-28 09:45:30.000000000,99947,76,99906,167,99952,367,99901,167,99959,167,99878,167,99977,267,99875,167,99982,100,99857,100,99987,100,99688,100,99989,100,99650,100,100015,100,99628,100,100034,100,99620,100,100069,100,99566,100
2019-06-28 09:45:40.000000000,99947,100,99906,191,99952,388,99901,188,99959,188,99878,188,99977,200,99875,100,99982,100,99857,100,99987,100,99688,100,99989,100,99650,100,100015,100,99628,100,100034,100,99620,100,100069,100,99566,100
2019-06-28 09:45:50.000000000,99947,76,99906,167,99952,367,99901,167,99959,167,99878,167,99977,267,99875,167,99982,100,99857,100,99987,100,99688,100,99989,100,99650,100,100015,100,99628,100,100034,100,99620,100,100069,100,99566,100
2019-06-28 09:45:54.082421596,99947,76,99906,67,99952,367,99901,167,99959,167,99878,167,99977,267,99875,167,99982,100,99857,100,99987,100,99650,100,99989,100,99628,100,100015,100,99620,100,100034,100,99566,100,100069,100,99505,100
2019-06-28 09:45:58.622055973,99906,33,99901,167,99947,76,99878,167,99952,367,99875,167,99959,167,99857,100,99977,267,99650,100,99982,100,99628,100,99987,100,99620,100,99989,100,99566,100,100015,100,99505,100,100034,100,99426,100
2019-06-28 09:46:00.000000000,99906,301,99901,368,99947,9,99878,100,99952,300,99875,100,99959,100,99857,100,99977,200,99650,100,99982,100,99628,100,99987,100,99620,100,99989,100,99566,100,100015,100,99505,100,100034,100,99426,100
2019-06-28 09:46:10.000000000,99906,87,99901,154,99947,63,99878,154,99952,354,99875,154,99959,154,99857,154,99977,254,99650,154,99982,100,99628,100,99987,100,99620,100,99989,100,99566,100,100015,100,99505,100,100034,100,99426,100
2019-06-28 09:46:20.000000000,99906,301,99901,368,99947,9,99878,100,99952,300,99875,100,99959,100,99857,100,99977,200,99650,100,99982,100,99628,100,99987,100,99620,100,99989,100,99566,100,100015,100,99505,100,100034,100,99426,100
2019-06-28 09:46:20.979952031,99906,268,99901,268,99947,9,99878,100,99952,300,99875,100,99959,100,99857,100,99977,200,99650,100,99982,100,99628,100,99987,100,99620,100,99989,100,99566,100,100015,100,99505,100,100034,100,99426,100
2019-06-28 09:46:21.610823919,99905,100,99901,268,99906,268,99878,100,99952,300,99875,100,99959,100,99857,100,99977,200,99650,100,99982,100,99628,100,99987,100,99620,100,99989,100,99566,100,100015,100,99505,100,100034,100,99426,100
2019-06-28 09:46:30.000000000,99905,234,99878,234,99952,434,99875,234,99959,100,99857,100,99977,200,99650,100,99982,100,99628,100,99987,100,99620,100,99989,100,99566,100,100015,100,99505,100,100034,100,99426,100,100069,100,99403,100
2019-06-28 09:46:31.420369403,99905,234,99878,134,99952,434,99875,234,99959,100,99857,100,99977,200,99650,100,99982,100,99628,100,99987,100,99620,100,99989,100,99566,100,100015,100,99505,100,100034,100,99426,100,100069,100,99403,100
2019-06-28 09:46:40.000000000,99905,167,99875,167,99952,367,99857,167,99959,167,99650,167,99977,267,99628,167,99982,100,99620,100,99987,100,99566,100,99989,100,99505,100,100015,100,99426,100,100034,100,99403,100,100069,100,99265,100
2019-06-28 09:46:44.177321861,99905,167,99875,67,99952,367,99857,167,99959,167,99650,167,99977,267,99628,167,99982,100,99620,100,99987,100,99566,100,99989,100,99505,100,100015,100,99426,100,100034,100,99403,100,100069,100,99265,100
2019-06-28 09:46:49.612612545,99878,100,99875,67,99905,167,99857,167,99952,367,99650,167,99959,167,99628,167,99977,267,99620,100,99982,100,99566,100,99987,100,99505,100,99989,100,99426,100,100015,100,99403,100,100034,100,99265,100
2019-06-28 09:46:50.000000000,99878,191,99857,191,99905,188,99650,188,99952,388,99628,188,99959,100,99620,100,99977,200,99566,100,99982,100,99505,100,99987,100,99426,100,99989,100,99403,100,100015,100,99265,100,100034,100,99129,100
2019-06-28 09:46:54.673763517,99878,191,99857,91,99905,188,99650,188,99952,388,99628,188,99959,100,99620,100,99977,200,99566,100,99982,100,99505,100,99987,100,99426,100,99989,100,99403,100,100015,100,99265,100,100034,100,99129,100
2019-06-28 09:47:00.000000000,99878,368,99650,368,99905,100,99628,100,99952,300,99620,100,99959,100,99566,100,99977,200,99505,100,99982,100,99426,100,99987,100,99403,100,99989,100,99265,100,100015,100,99129,100,100034,100,99052,100
2019-06-28 09:47:10.000000000,99878,234,99650,234,99905,234,99628,234,99952,300,99620,100,99959,100,99566,100,99977,200,99505,100,99982,100,99426,100,99987,100,99403,100,99989,100,99265,100,100015,100,99129,100,100034,100,99052,100
2019-06-28 09:47:13.922011040,99878,234,99650,134,99905,234,99628,234,99952,300,99620,100,99959,100,99566,100,99977,200,99505,100,99982,100,99426,100,99987,100,99403,100,99989,100,99265,100,100015,100,99129,100,100034,100,99052,100
2019-06-28 09:47:20.000000000,99878,191,99628,191,99905,188,99620,188,99952,388,99566,188,99959,100,99505,100,99977,200,99426,100,99982,100,99403,100,99987,100,99265,100,99989,100,99129,100,100015,100,99052,100,100034,100,98870,100
2019-06-28 09:47:26.450949509,99878,191,99628,91,99905,188,99620,188,99952,388,99566,188,99959,100,99505,100,99977,200,99426,100,99982,100,99265,100,99987,100,99129,100,99989,100,99052,100,100015,100,98870,100,100034,100,98542,100
2019-06-28 09:47:26.892191746,99628,9,99620,188,99878,191,99566,188,99905,188,99505,100,99952,388,99426,100,99959,100,99265,100,99977,200,99129,100,99982,100,99052,100,99987,100,98870,100,99989,100,98542,100,100015,100,98505,100
2019-06-28 09:47:30.000000000,99628,76,99620,167,99878,167,99566,167,99905,167,99505,167,99952,367,99426,167,99959,100,99265,100,99977,200,99129,100,99982,100,99052,100,99987,100,98870,100,99989,100,98542,100,100015,100,98505,100
2019-06-28 09:47:40.000000000,99628,63,99620,154,99878,154,99566,154,99905,154,99505,154,99952,354,99426,154,99959,154,99265,154,99977,200,99129,100,99982,100,99052,100,99987,100,98870,100,99989,100,98542,100,100015,100,98505,100
2019-06-28 09:47:43.329466382,99628,63,99620,154,99878,154,99566,154,99905,154,99505,154,99952,354,99426,154,99959,154,99265,154,99977,200,99129,100,99982,100,99052,100,99987,100,98870,100,99989,100,98542,100,100015,100,98505,100
2019-06-28 09:47:45.846582865,99628,63,99620,54,99878,154,99566,154,99905,154,99505,154,99952,354,99426,154,99959,154,99265,154,99977,200,99129,100,99982,100,99052,100,99987,100,98870,100,99989,100,98542,100,100015,100,98505,100
2019-06-28 09:47:50.000000000,99628,76,99566,167,99878,167,99505,167,99905,167,99426,167,99952,367,99265,167,99959,100,99129,100,99977,200,99052,100,99982,100,98870,100,99987,100,98542,100,99989,100,98505,100,100015,100,98103,100
2019-06-28 09:48:00.000000000,99628,143,99566,234,99878,234,99505,234,99905,100,99426,100,99952,300,99265,100,99959,100,99129,100,99977,200,99052,100,99982,100,98870,100,99987,100,98542,100,99989,100,98505,100,100015,100,98103,100
2019-06-28 09:48:10.000000000,99628,100,99566,191,99878,188,99505,188,99905,188,99426,188,99952,300,99265,100,99959,100,99129,100,99977,200,99052,100,99982,100,98870,100,99987,100,98542,100,99989,100,98505,100,100015,100,98103,100
2019-06-28 09:48:20.000000000,99628,76,99566,167,99878,167,99505,167,99905,167,99426,167,99952,367,99265,167,99959,100,99129,100,99977,200,99052,100,99982,100,98870,100,99987,100,98542,100,99989,100,98505,100,100015,100,98103,100
2019-06-28 09:48:30.000000000,99628,143,99566,234,99878,234,99505,234,99905,100,99426,100,99952,300,99265,100,99959,100,99129,100,99977,200,99052,100,99982,100,98870,100,99987,100,98542,100,99989,100,98505,100,100015,100,98103,100
2019-06-28 09:48:36.328240261,99628,143,99566,134,99878,234,99505,234,99905,100,99426,100,99952,300,99265,100,99959,100,99129,100,99977,200,99052,100,99982,100,98870,100,99987,100,98542,100,100015,100,98505,100,100034,100,98103,100
2019-06-28 09:48:36.362031629,99628,143,99566,34,99878,234,99505,234,99905,100,99426,100,99952,300,99265,100,99959,100,99129,100,99977,200,99052,100,99982,100,98870,100,99987,100,98542,100,100015,100,98505,100,100034,100,98103,100
2019-06-28 09:48:40.000000000,99628,100,99505,191,99878,188,99426,188,99905,188,99265,188,99952,300,99129,100,99959,100,99052,100,99977,200,98870,100,99982,100,98542,100,99987,100,98505,100,100015,100,98103,100,100034,100,,
2019-06-28 09:48:50.000000000,99628,100,99505,191,99878,188,99426,188,99905,188,99265,188,99952,300,99129,100,99959,100,99052,100,99977,200,98870,100,99982,100,98542,100,99987,100,98505,100,100015,100,98103,100,100034,100,,
2019-06-28 09:49:00.000000000,99628,277,99505,368,99878,100,99426,100,99905,100,99265,100,99952,300,99129,100,99959,100,99052,100,99977,200,98870,100,99982,100,98542,100,99987,100,98505,100,100015,100,98103,100,100034,100,,
2019-06-28 09:49:10.000000000,99628,76,99505,167,99878,167,99426,167,99905,167,99265,167,99952,367,99129,167,99959,100,99052,100,99977,200,98870,100,99982,100,98542,100,99987,100,98505,100,100015,100,98103,100,100034,100,,
2019-06-28 09:49:20.000000000,99628,76,99505,167,99878,167,99426,167,99905,167,99265,167,99952,367,99129,167,99959,100,99052,100,99977,200,98870,100,99982,100,98542,100,99987,100,98505,100,100015,100,98103,100,100034,100,,
2019-06-28 09:49:25.605127073,99628,76,99505,167,99878,167,99426,167,99905,167,99265,167,99952,367,99129,167,99959,100,99052,100,99977,200,98870,100,99982,100,98542,100,99987,100,98505,100,100015,100,98103,100,100034,100,98078,100
2019-06-28 09:49:30.000000000,99628,100,99505,191,99878,188,99426,188,99905,188,99265,188,99952,300,99129,100,99959,100,99052,100,99977,200,98870,100,99982,100,98542,100,99987,100,98505,100,100015,100,98103,100,100034,100,98078,100
2019-06-28 09:49:30.826022069,99628,100,99505,191,99878,188,99426,188,99905,188,99265,188,99952,300,99129,100,99959,100,99052,100,99977,200,98870,100,99982,100,98542,100,99987,100,98505,100,100015,100,98078,100,100034,100,97941,100
2019-06-28 09:49:40.000000000,99628,143,99505,234,99878,234,99426,234,99905,100,99265,100,99952,300,99129,100,99959,100,99052,100,99977,200,98870,100,99982,100,98542,100,99987,100,98505,100,100015,100,98078,100,100034,100,97941,100
2019-06-28 09:49:50.000000000,99628,277,99505,368,99878,100,99426,100,99905,100,99265,100,99952,300,99129,100,99959,100,99052,100,99977,200,98870,100,99982,100,98542,100,99987,100,98505,100,100015,100,98078,100,100034,100,97941,100
2019-06-28 09:50:00.000000000,99628,277,99505,368,99878,100,99426,100,99905,100,99265,100,99952,300,99129,100,99959,100,99052,100,99977,200,98870,100,99982,100,98542,100,99987,100,98505,100,100015,100,98078,100,100034,100,97941,100
2019-06-28 09:50:10.000000000,99628,76,99505,167,99878,167,99426,167,99905,167,99265,167,99952,367,99129,167,99959,100,99052,100,99977,200,98870,100,99982,100,98542,100,99987,100,98505,100,100015,100,98078,100,100034,100,97941,100
2019-06-28 09:50:12.941902936,99628,76,99505,167,99878,167,99426,167,99905,167,99265,167,99952,367,99129,167,99959,100,99052,100,99977,100,98870,100,99982,100,98542,100,99987,100,98505,100,100015,100,98078,100,100034,100,97941,100
2019-06-28 09:50:13.467442911,99628,76,99505,67,99878,167,99426,167,99905,167,99265,167,99952,367,99129,167,99959,100,99052,100,99977,100,98870,100,99982,100,98542,100,99987,100,98505,100,100015,100,98078,100,100034,100,97941,100
2019-06-28 09:50:20.000000000,99628,143,99426,234,99878,234,99265,234,99905,100,99129,100,99952,300,99052,100,99959,100,98870,100,99977,100,98542,100,99982,100,98505,100,99987,100,98078,100,100015,100,97941,100,100034,100,,
2019-06-28 09:50:30.000000000,99628,63,99426,154,99878,154,99265,154,99905,154,99129,154,99952,354,99052,154,99959,154,98870,154,99977,100,98542,100,99982,100,98505,100,99987,100,98078,100,100015,100,97941,100,100034,100,,
2019-06-28 09:50:31.103004458,99628,63,99426,54,99878,154,99265,154,99905,154,99129,154,99952,354,99052,154,99959,154,98870,154,99977,100,98542,100,99982,100,98505,100,99987,100,98078,100,100015,100,97941,100,100034,100,,
2019-06-28 09:50:40.000000000,99628,100,99265,191,99878,188,99129,188,99905,188,99052,188,99952,300,98870,100,99959,100,98542,100,99977,100,98505,100,99982,100,98078,100,99987,100,97941,100,100015,100,,,100034,100,,
2019-06-28 09:50:50.000000000,99628,76,99265,167,99878,167,99129,167,99905,167,99052,167,99952,367,98870,167,99959,100,98542,100,99977,100,98505,100,99982,100,98078,100,99987,100,97941,100,100015,100,,,100034,100,,
2019-06-28 09:50:55.883176745,99628,76,99265,167,99878,167,99129,167,99905,167,99052,167,99952,367,98870,167,99959,100,98542,100,99977,100,98505,100,99982,100,98391,100,99987,100,98078,100,100015,100,97941,100,100034,100,,
2019-06-28 09:51:00.000000000,99628,63,99265,154,99878,154,99129,154,99905,154,99052,154,99952,354,98870,154,99959,154,98542,154,99977,100,98505,100,99982,100,98391,100,99987,100,98078,100,100015,100,97941,100,100034,100,,
2019-06-28 09:51:10.000000000,99628,143,99265,234,99878,234,99129,234,99905,100,99052,100,99952,300,98870,100,99959,100,98542,100,99977,100,98505,100,99982,100,98391,100,99987,100,98078,100,100015,100,97941,100,100034,100,,
2019-06-28 09:51:20.000000000,99628,143,99265,234,99878,234,99129,234,99905,100,99052,100,99952,300,98870,100,99959,100,98542,100,99977,100,98505,100,99982,100,98391,100,99987,100,98078,100,100015,100,97941,100,100034,100,,
2019-06-28 09:51:20.216519369,99628,143,99265,34,99878,234,99129,234,99905,100,99052,100,99952,300,98870,100,99959,100,98542,100,99977,100,98505,100,99982,100,98391,100,99987,100,98078,100,100015,100,97941,100,100034,100,,
2019-06-28 09:51:21.685104141,99628,143,99265,34,99878,234,99129,234,99905,100,99052,100,99952,300,98870,100,99959,100,98720,100,99977,100,98542,100,99982,100,98505,100,99987,100,98391,100,100015,100,98078,100,100034,100,97941,100
2019-06-28 09:51:30.000000000,99628,63,99129,154,99878,154,99052,154,99905,154,98870,154,99952,354,98720,154,99959,154,98542,154,99977,100,98505,100,99982,100,98391,100,99987,100,98078,100,100015,100,97941,100,100034,100,,
2019-06-28 09:51:40.000000000,99628,143,99129,234,99878,234,99052,234,99905,100,98870,100,99952,300,98720,100,99959,100,98542,100,99977,100,98505,100,99982,100,98391,100,99987,100,98078,100,100015,100,97941,100,100034,100,,
2019-06-28 09:51:50.000000000,99628,100,99129,191,99878,188,99052,188,99905,188,98870,188,99952,300,98720,100,99959,100,98542,100,99977,100,98505,100,99982,100,98391,100,99987,100,98078,100,100015,100,97941,100,100034,100,,
2019-06-28 09:52:00.000000000,99628,63,99129,154,99878,154,99052,154,99905,154,98870,154,99952,354,98720,154,99959,154,98542,154,99977,100,98505,100,99982,100,98391,100,99987,100,98078,100,100015,100,97941,100,100034,100,,
2019-06-28 09:52:09.108238282,99628,63,99129,154,99878,154,99052,154,99905,154,98870,154,99952,354,98831,100,99959,154,98720,154,99977,100,98542,154,99982,100,98505,100,99987,100,98391,100,100015,100,98078,100,100034,100,97941,100
2019-06-28 09:52:10.000000000,99628,277,99129,368,99878,100,99052,100,99905,100,98870,100,99952,300,98831,100,99959,100,98720,100,99977,100,98542,100,99982,100,98505,100,99987,100,98391,100,100015,100,98078,100,100034,100,97941,100
2019-06-28 09:52:18.881693282,99628,277,99129,268,99878,100,99052,100,99905,100,98870,100,99952,300,98831,100,99959,100,98720,100,99977,100,98542,100,99982,100,98505,100,99987,100,98391,100,100015,100,98078,100,100034,100,97941,100
2019-06-28 09:52:20.000000000,99628,143,99052,234,99878,234,98870,234,99905,100,98831,100,99952,300,98720,100,99959,100,98542,100,99977,100,98505,100,99982,100,98391,100,99987,100,98078,100,100015,100,97941,100,100034,100,,
2019-06-28 09:52:30.000000000,99628,63,99052,154,99878,154,98870,154,99905,154,98831,154,99952,354,98720,154,99959,154,98542,154,99977,100,98505,100,99982,100,98391,100,99987,100,98078,100,100015,100,97941,100,100034,100,,
2019-06-28 09:52:31.835044403,99265,100,99052,154,99628,63,98870,154,99878,154,98831,154,99905,154,98720,154,99952,254,98542,154,99959,154,98505,100,99977,100,98391,100,99982,100,98078,100,99987,100,97941,100,100015,100,,
2019-06-28 09:52:40.000000000,99265,368,99052,368,99628,9,98870,100,99878,100,98831,100,99905,100,98720,100,99952,200,98542,100,99959,100,98505,100,99977,100,98391,100,99982,100,98078,100,99987,100,97941,100,100015,100,,
2019-06-28 09:52:42.209264667,99265,368,99052,368,99307,100,98870,100,99628,9,98831,100,99878,100,98542,100,99905,100,98505,100,99952,200,98391,100,99959,100,98078,100,99977,100,97941,100,99982,100,,,99987,100,,
2019-06-28 09:52:49.150879664,99166,100,99052,368,99265,368,98870,100,99307,100,98831,100,99628,9,98542,100,99878,100,98505,100,99905,100,98078,100,99952,200,97941,100,99959,100,,,99977,100,,,99982,100,,
2019-06-28 09:52:50.000000000,99166,234,99052,234,99265,234,98870,234,99307,100,98831,100,99628,9,98542,100,99878,100,98505,100,99905,100,98078,100,99952,200,97941,100,99959,100,,,99977,100,,,99982,100,,
2019-06-28 09:52:54.086595853,99166,134,99052,234,99265,234,98870,234,99307,100,98831,100,99628,9,98542,100,99878,100,98505,100,99905,100,98078,100,99952,200,97941,100,99959,100,,,99977,100,,,99982,100,,
2019-06-28 09:52:58.160511906,99166,134,99130,100,99265,234,99052,234,99307,100,98870,234,99628,9,98831,100,99878,100,98542,100,99905,100,98505,100,99952,100,98078,100,99959,100,97941,100,99977,100,,,99982,100,,
2019-06-28 09:53:00.000000000,99265,167,99130,167,99307,167,99052,167,99628,76,98870,167,99878,167,98831,167,99905,100,98542,100,99952,100,98505,100,99959,100,98078,100,99977,100,97941,100,99982,100,,,99987,100,,
2019-06-28 09:53:00.214019262,99265,167,99130,167,99307,167,99052,167,99392,100,98870,167,99628,76,98831,167,99878,167,98542,100,99905,100,98505,100,99952,100,98078,100,99959,100,97941,100,99977,100,,,99982,100,,
2019-06-28 09:53:10.000000000,99265,154,99130,154,99307,154,99052,154,99392,154,98870,154,99628,63,98831,154,99878,154,98542,154,99905,100,98505,100,99952,100,98078,100,99959,100,97941,100,99977,100,,,99982,100,,
2019-06-28 09:53:20.000000000,99265,154,99130,154,99307,154,99052,154,99392,154,98870,154,99628,63,98831,154,99878,154,98542,154,99905,100,98505,100,99952,100,98078,100,99959,100,97941,100,99977,100,,,99982,100,,
2019-06-28 09:53:22.843924080,99265,154,99130,154,99307,154,99052,154,99392,154,98939,100,99628,63,98870,154,99878,154,98831,154,99905,100,98542,154,99952,100,98505,100,99959,100,98078,100,99977,100,97941,100,99982,100,,
2019-06-28 09:53:30.000000000,99265,368,99130,368,99307,100,99052,100,99392,100,98939,100,99628,9,98870,100,99878,100,98831,100,99905,100,98542,100,99952,100,98505,100,99959,100,98078,100,99977,100,97941,100,99982,100,,
2019-06-28 09:53:37.796363766,99265,268,99130,368,99307,100,99052,100,99392,100,98939,100,99628,9,98870,100,99878,100,98831,100,99905,100,98542,100,99952,100,98505,100,99959,100,98078,100,99977,100,97941,100,99982,100,,
2019-06-28 09:53:39.976324401,99265,268,99130,368,99307,100,99052,100,99392,100,98939,100,99628,9,98870,100,99878,100,98831,100,99905,100,98542,100,99952,100,98505,100,99959,100,98078,100,99977,100,97941,100,99982,100,,
2019-06-28 09:53:40.000000000,99307,167,99130,167,99392,167,99052,167,99628,76,98939,167,99878,167,98870,167,99905,100,98831,100,99952,100,98542,100,99959,100,98505,100,99977,100,98078,100,99982,100,97941,100,100015,100,,
2019-06-28 09:53:47.872062652,99252,100,99130,167,99307,167,99052,167,99392,167,98939,167,99628,76,98870,167,99878,167,98831,100,99905,100,98542,100,99952,100,98505,100,99959,100,98078,100,99977,100,97941,100,99982,100,,
2019-06-28 09:53:50.000000000,99252,154,99130,154,99307,154,99052,154,99392,154,98939,154,99628,63,98870,154,99878,154,98831,154,99905,100,98542,100,99952,100,98505,100,99959,100,98078,100,99977,100,97941,100,99982,100,,
2019-06-28 09:54:00.000000000,99252,167,99130,167,99307,167,99052,167,99392,167,98939,167,99628,76,98870,167,99878,100,98831,100,99905,100,98542,100,99952,100,98505,100,99959,100,98078,100,99977,100,97941,100,99982,100,,
2019-06-28 09:54:10.000000000,99252,191,99130,191,99307,188,99052,188,99392,188,98939,188,99628,9,98870,100,99878,100,98831,100,99905,100,98542,100,99952,100,98505,100,99959,100,98078,100,99977,100,97941,100,99982,100,,
2019-06-28 09:54:16.927787403,99252,191,99130,91,99307,188,99052,188,99392,188,98939,188,99628,9,98870,100,99878,100,98831,100,99905,100,98542,100,99952,100,98505,100,99959,100,98078,100,99977,100,97941,100,99982,100,,
2019-06-28 09:54:18.687993767,99251,100,99130,91,99252,191,99052,188,99307,188,98939,188,99392,188,98870,100,99628,9,98831,100,99878,100,98542,100,99905,100,98505,100,99952,100,98078,100,99959,100,97941,100,99977,100,,
2019-06-28 09:54:20.000000000,99251,234,99052,234,99252,234,98939,234,99307,100,98870,100,99392,100,98831,100,99628,9,98542,100,99878,100,98505,100,99905,100,98078,100,99952,100,97941,100,99959,100,,,99977,100,,
2019-06-28 09:54:22.584839525,99251,334,99052,234,99252,234,98939,234,99307,100,98870,100,99392,100,98831,100,99628,9,98542,100,99878,100,98505,100,99905,100,98078,100,99952,100,97941,100,99959,100,,,99977,100,,
2019-06-28 09:54:30.000000000,99251,254,99052,154,99252,154,98939,154,99307,154,98870,154,99392,154,98831,154,99628,63,98542,154,99878,100,98505,100,99905,100,98078,100,99952,100,97941,100,99959,100,,,99977,100,,
2019-06-28 09:54:34.717818989,99251,254,99052,154,99252,154,98939,154,99307,154,98870,154,99392,154,98831,154,99628,63,98542,154,99878,100,98505,100,99905,100,98078,100,99952,100,97941,100,99977,100,,,99982,100,,
2019-06-28 09:54:40.000000000,99251,254,99052,154,99252,154,98939,154,99307,154,98870,154,99392,154,98831,154,99628,63,98542,154,99878,100,98505,100,99905,100,98078,100,99952,100,97941,100,99977,100,,,99982,100,,
2019-06-28 09:54:48.165794119,99251,254,99052,54,99252,154,98939,154,99307,154,98870,154,99392,154,98831,54,99628,63,98542,154,99878,100,98505,100,99905,100,98078,100,99952,100,97941,100,99977,100,,,99982,100,,
2019-06-28 09:54:50.000000000,99251,291,98939,191,99252,188,98870,188,99307,188,98542,188,99392,100,98505,100,99628,9,98078,100,99878,100,97941,100,99905,100,,,99952,100,,,99977,100,,,99982,100,,
2019-06-28 09:55:00.000000000,99251,334,98939,234,99252,234,98870,234,99307,100,98542,100,99392,100,98505,100,99628,9,98078,100,99878,100,97941,100,99905,100,,,99952,100,,,99977,100,,,99982,100,,
2019-06-28 09:55:10.000000000,99251,468,98939,368,99252,100,98870,100,99307,100,98542,100,99392,100,98505,100,99628,9,98078,100,99878,100,97941,100,99905,100,,,99952,100,,,99977,100,,,99982,100,,
2019-06-28 09:55:20.000000000,99251,254,98939,154,99252,154,98870,154,99307,154,98542,154,99392,154,98505,154,99628,63,98078,154,99878,100,97941,100,99905,100,,,99952,100,,,99977,100,,,99982,100,,
2019-06-28 09:55:30.000000000,99251,468,98939,368,99252,100,98870,100,99307,100,98542,100,99392,100,98505,100,99628,9,98078,100,99878,100,97941,100,99905,100,,,99952,100,,,99977,100,,,99982,100,,
2019-06-28 09:55:38.186986562,99251,468,98939,368,99252,100,98870,100,99307,100,98600,100,99392,100,98542,100,99628,9,98505,100,99878,100,98078,100,99905,100,97941,100,99952,100,,,99977,100,,,99982,100,,
2019-06-28 09:55:40.000000000,99251,267,98939,167,99252,167,98870,167,99307,167,98600,167,99392,167,98542,167,99628,9,98505,100,99878,100,98078,100,99905,100,97941,100,99952,100,,,99977,100,,,99982,100,,
2019-06-28 09:55:46.042345820,99130,100,98939,167,99251,267,98870,167,99252,167,98600,167,99307,167,98542,167,99392,167,98505,100,99628,9,98078,100,99878,100,97941,100,99905,100,,,99952,100,,,99977,100,,
2019-06-28 09:55:50.000000000,99130,191,98939,191,99251,288,98870,188,99252,188,98600,188,99307,100,98542,100,99392,100,98505,100,99628,9,98078,100,99878,100,97941,100,99905,100,,,99952,100,,,99977,100,,
2019-06-28 09:56:00.000000000,99130,191,98939,191,99251,288,98870,188,99252,188,98600,188,99307,100,98542,100,99392,100,98505,100,99628,9,98078,100,99878,100,97941,100,99905,100,,,99952,100,,,99977,100,,
2019-06-28 09:56:10.000000000,99130,191,98939,191,99251,288,98870,188,99252,188,98600,188,99307,100,98542,100,99392,100,98505,100,99628,9,98078,100,99878,100,97941,100,99905,100,,,99952,100,,,99977,100,,
2019-06-28 09:56:20.000000000,99130,191,98939,191,99251,288,98870,188,99252,188,98600,188,99307,100,98542,100,99392,100,98505,100,99628,9,98078,100,99878,100,97941,100,99905,100,,,99952,100,,,99977,100,,
2019-06-28 09:56:29.608447969,99130,191,98939,91,99251,288,98870,188,99252,188,98600,188,99307,100,98505,100,99392,100,98078,100,99628,9,97941,100,99878,100,,,99905,100,,,99952,100,,,99977,100,,
2019-06-28 09:56:30.000000000,99130,154,98870,154,99251,254,98600,154,99252,154,98505,154,99307,154,98078,154,99392,154,97941,154,99628,9,,,99878,100,,,99905,100,,,99952,100,,,99977,100,,
2019-06-28 09:56:40.000000000,99130,368,98870,368,99251,200,98600,100,99252,100,98505,100,99307,100,98078,100,99392,100,97941,100,99628,9,,,99878,100,,,99905,100,,,99952,100,,,99977,100,,
2019-06-28 09:56:50.000000000,99130,234,98870,234,99251,334,98600,234,99252,100,98505,100,99307,100,98078,100,99392,100,97941,100,99628,9,,,99878,100,,,99905,100,,,99952,100,,,99977,100,,
2019-06-28 09:57:00.000000000,99130,368,98870,368,99251,200,98600,100,99252,100,98505,100,99307,100,98078,100,99392,100,97941,100,99628,9,,,99878,100,,,99905,100,,,99952,100,,,99977,100,,
2019-06-28 09:57:09.423955872,99130,368,98870,368,99134,100,98600,100,99251,200,98505,100,99252,100,98078,100,99307,100,97941,100,99628,9,,,99878,100,,,99905,100,,,99952,100,,,99977,100,,
2019-06-28 09:57:10.000000000,99130,167,98870,167,99134,167,98600,167,99251,267,98505,167,99252,167,98078,167,99307,100,97941,100,99628,9,,,99878,100,,,99905,100,,,99952,100,,,99977,100,,
2019-06-28 09:57:20.000000000,99130,167,98870,167,99134,167,98600,167,99251,267,98505,167,99252,167,98078,167,99307,100,97941,100,99628,9,,,99878,100,,,99905,100,,,99952,100,,,99977,100,,
2019-06-28 09:57:30.000000000,99130,368,98870,368,99134,100,98600,100,99251,200,98505,100,99252,100,98078,100,99307,100,97941,100,99628,9,,,99878,100,,,99905,100,,,99952,100,,,99977,100,,
2019-06-28 09:57:38.733066459,99040,100,98870,368,99130,368,98600,100,99134,100,98505,100,99251,200,98078,100,99307,100,97941,100,99628,9,,,99878,100,,,99905,100,,,99952,100,,,99977,100,,
2019-06-28 09:57:40.000000000,99040,167,98870,167,99130,167,98600,167,99134,167,98505,167,99251,267,98078,167,99307,100,97941,100,99628,9,,,99878,100,,,99905,100,,,99952,100,,,99977,100,,
2019-06-28 09:57:50.000000000,99040,191,98870,191,99130,188,98600,188,99134,188,98505,188,99251,200,98078,100,99307,100,97941,100,99628,9,,,99878,100,,,99905,100,,,99952,100,,,99977,100,,
2019-06-28 09:58:00.000000000,99040,191,98870,191,99130,188,98600,188,99134,188,98505,188,99251,200,98078,100,99307,100,97941,100,99628,9,,,99878,100,,,99905,100,,,99952,100,,,99977,100,,
2019-06-28 09:58:08.820518820,99040,191,98870,191,99130,188,98840,100,99134,188,98600,188,99251,200,98505,188,99307,100,98078,100,99628,9,97941,100,99878,100,,,99905,100,,,99952,100,,,99977,100,,
2019-06-28 09:58:10.000000000,99040,234,98870,234,99130,234,98840,234,99134,100,98600,100,99251,200,98505,100,99307,100,98078,100,99628,9,97941,100,99878,100,,,99905,100,,,99952,100,,,99977,100,,
2019-06-28 09:58:17.252369315,99040,234,98870,234,99130,234,98840,234,99134,100,98600,100,99251,200,98505,100,99307,100,98078,100,99628,9,97941,100,99905,100,,,99952,100,,,99977,100,,,99982,100,,
2019-06-28 09:58:20.000000000,99040,368,98870,368,99130,100,98840,100,99134,100,98600,100,99251,200,98505,100,99307,100,98078,100,99628,9,97941,100,99905,100,,,99952,100,,,99977,100,,,99982,100,,
2019-06-28 09:58:22.574442671,99040,368,98870,368,99130,100,98840,100,99134,100,98600,100,99251,200,98592,100,99307,100,98505,100,99628,9,98078,100,99905,100,97941,100,99952,100,,,99977,100,,,99982,100,,
2019-06-28 09:58:30.000000000,99040,234,98870,234,99130,234,98840,234,99134,100,98600,100,99251,200,98592,100,99307,100,98505,100,99628,9,98078,100,99905,100,97941,100,99952,100,,,99977,100,,,99982,100,,
2019-06-28 09:58:40.000000000,99040,234,98870,234,99130,234,98840,234,99134,100,98600,100,99251,200,98592,100,99307,100,98505,100,99628,9,98078,100,99905,100,97941,100,99952,100,,,99977,100,,,99982,100,,
2019-06-28 09:58:46.117946026,99040,234,98870,234,99052,100,98840,234,99130,234,98600,100,99134,100,98592,100,99251,200,98505,100,99307,100,98078,100,99628,9,97941,100,99905,100,,,99952,100,,,99977,100,,
2019-06-28 09:58:50.000000000,99040,234,98870,234,99052,234,98840,234,99130,100,98600,100,99134,100,98592,100,99251,200,98505,100,99307,100,98078,100,99628,9,97941,100,99905,100,,,99952,100,,,99977,100,,
2019-06-28 09:58:57.513045511,99040,234,98870,234,99052,234,98840,234,99130,100,98600,100,99134,100,98592,100,99251,200,98505,100,99307,100,98078,100,99628,9,97948,100,99905,100,97941,100,99952,100,,,99977,100,,
2019-06-28 09:59:00.000000000,99040,167,98870,167,99052,167,98840,167,99130,167,98600,167,99134,167,98592,167,99251,200,98505,100,99307,100,98078,100,99628,9,97948,100,99905,100,97941,100,99952,100,,,99977,100,,
2019-06-28 09:59:08.009530340,99040,167,98870,167,99052,267,98840,167,99130,167,98600,167,99134,167,98592,167,99251,200,98505,100,99307,100,98078,100,99628,9,97948,100,99905,100,97941,100,99952,100,,,99977,100,,
2019-06-28 09:59:10.000000000,99040,167,98870,167,99052,267,98840,167,99130,167,98600,167,99134,167,98592,167,99251,200,98505,100,99307,100,98078,100,99628,9,97948,100,99905,100,97941,100,99952,100,,,99977,100,,
2019-06-28 09:59:10.866718452,99040,167,98870,67,99052,267,98840,167,99130,167,98600,167,99134,167,98592,167,99251,200,98505,100,99307,100,98078,100,99628,9,97948,100,99905,100,97941,100,99952,100,,,99977,100,,
2019-06-28 09:59:14.517516536,99040,167,98870,67,99052,167,98840,167,99130,167,98600,167,99134,167,98592,167,99251,200,98505,100,99307,100,98078,100,99628,9,97948,100,99905,100,97941,100,99952,100,,,99977,100,,
2019-06-28 09:59:20.000000000,99040,167,98840,167,99052,167,98600,167,99130,167,98592,167,99134,167,98505,167,99251,200,98078,100,99307,100,97948,100,99628,9,97941,100,99905,100,,,99952,100,,,99977,100,,
2019-06-28 09:59:25.938620631,98939,100,98840,167,99040,167,98600,167,99052,167,98592,167,99130,167,98505,167,99134,167,98078,100,99251,200,97948,100,99307,100,97941,100,99628,9,,,99905,100,,,99952,100,,
2019-06-28 09:59:30.000000000,98939,191,98840,191,99040,188,98600,188,99052,188,98592,188,99130,100,98505,100,99134,100,98078,100,99251,200,97948,100,99307,100,97941,100,99628,9,,,99905,100,,,99952,100,,
2019-06-28 09:59:33.135065472,98939,291,98840,191,99040,188,98600,188,99052,188,98592,188,99130,100,98505,100,99134,100,98078,100,99251,200,97948,100,99307,100,97941,100,99628,9,,,99905,100,,,99952,100,,
2019-06-28 09:59:35.025050278,98939,291,98840,191,99040,188,98600,188,99052,188,98592,188,99130,100,98505,100,99134,100,98078,100,99251,200,97948,100,99307,100,97941,100,99628,9,97696,100,99905,100,,,99952,100,,
2019-06-28 09:59:40.000000000,98939,267,98840,167,99040,167,98600,167,99052,167,98592,167,99130,167,98505,167,99134,100,98078,100,99251,200,97948,100,99307,100,97941,100,99628,9,97696,100,99905,100,,,99952,100,,
2019-06-28 09:59:50.000000000,98939,267,98840,167,99040,167,98600,167,99052,167,98592,167,99130,167,98505,167,99134,100,98078,100,99251,200,97948,100,99307,100,97941,100,99628,9,97696,100,99905,100,,,99952,100,,
2019-06-28 09:59:56.485310183,98939,267,98840,167,99040,167,98600,167,99052,167,98592,167,99130,167,98505,167,99134,100,98078,100,99251,200,97948,100,99307,100,97941,100,99628,9,97760,100,99905,100,97696,100,99952,100,,
2019-06-28 10:00:00.000000000,98939,254,98840,154,99040,154,98600,154,99052,154,98592,154,99130,154,98505,154,99134,154,98078,154,99251,200,97948,100,99307,100,97941,100,99628,9,97760,100,99905,100,97696,100,99952,100,,
2019-06-28 10:00:04.729949451,98939,254,98840,154,99040,154,98600,154,99052,154,98592,154,99130,154,98505,154,99134,154,98078,154,99251,200,98072,100,99307,100,97948,100,99628,9,97941,100,99905,100,97760,100,99952,100,97696,100
2019-06-28 10:00:10.000000000,98939,267,98840,167,99040,167,98600,167,99052,167,98592,167,99130,167,98505,167,99134,100,98078,100,99251,200,98072,100,99307,100,97948,100,99628,9,97941,100,99905,100,97760,100,99952,100,97696,100
2019-06-28 10:00:19.643129860,98939,267,98840,167,99040,167,98600,167,99052,167,98592,167,99130,167,98505,167,99134,100,98078,100,99251,200,98072,100,99307,100,97948,100,99628,9,97941,100,99905,100,97771,100,99952,100,97760,100
2019-06-28 10:00:20.000000000,98939,254,98840,154,99040,154,98600,154,99052,154,98592,154,99130,154,98505,154,99134,154,98078,154,99251,200,98072,100,99307,100,97948,100,99628,9,97941,100,99905,100,97771,100,99952,100,97760,100
2019-06-28 10:00:29.553881286,98939,254,98840,54,99040,154,98600,154,99052,154,98592,154,99130,154,98505,154,99134,154,98078,154,99251,200,98072,100,99307,100,97948,100,99628,9,97941,100,99905,100,97771,100,99952,100,97760,100
2019-06-28 10:00:30.000000000,98939,267,98600,167,99040,167,98592,167,99052,167,98505,167,99130,167,98078,167,99134,100,98072,100,99251,200,97948,100,99307,100,97941,100,99628,9,97771,100,99905,100,97760,100,99952,100,97696,100
2019-06-28 10:00:40.000000000,98939,267,98600,167,99040,167,98592,167,99052,167,98505,167,99130,167,98078,167,99134,100,98072,100,99251,200,97948,100,99307,100,97941,100,99628,9,97771,100,99905,100,97760,100,99952,100,97696,100
2019-06-28 10:00:50.000000000,98939,468,98600,368,99040,100,98592,100,99052,100,98505,100,99130,100,98078,100,99134,100,98072,100,99251,200,97948,100,99307,100,97941,100,99628,9,97771,100,99905,100,97760,100,99952,100,97696,100
2019-06-28 10:01:00.000000000,98939,334,98600,234,99040,234,98592,234,99052,100,98505,100,99130,100,98078,100,99134,100,98072,100,99251,200,97948,100,99307,100,97941,100,99628,9,97771,100,99905,100,97760,100,99952,100,97696,100
2019-06-28 10:01:02.328611313,98939,334,98600,134,99040,234,98592,234,99052,100,98505,100,99130,100,98078,100,99134,100,98072,100,99251,200,97948,100,99307,100,97941,100,99628,9,97771,100,99905,100,97760,100,99952,100,97696,100
2019-06-28 10:01:04.235293641,98840,100,98600,134,98939,334,98592,234,99040,234,98505,100,99052,100,98078,100,99130,100,98072,100,99134,100,97948,100,99251,200,97941,100,99307,100,97771,100,99628,9,97760,100,99905,100,97696,100
2019-06-28 10:01:10.000000000,98840,368,98592,368,98939,200,98505,100,99040,100,98078,100,99052,100,98072,100,99130,100,97948,100,99134,100,97941,100,99251,200,97771,100,99307,100,97760,100,99628,9,97696,100,99905,100,,
2019-06-28 10:01:10.230604952,98840,468,98592,368,98939,200,98505,100,99040,100,98078,100,99052,100,98072,100,99130,100,97948,100,99134,100,97941,100,99251,200,97771,100,99307,100,97760,100,99628,9,97696,100,99905,100,,
2019-06-28 10:01:20.000000000,98840,468,98592,368,98939,200,98505,100,99040,100,98078,100,99052,100,98072,100,99130,100,97948,100,99134,100,97941,100,99251,200,97771,100,99307,100,97760,100,99628,9,97696,100,99905,100,,
2019-06-28 10:01:25.785821353,98840,568,98592,368,98939,200,98505,100,99040,100,98078,100,99052,100,98072,100,99130,100,97948,100,99134,100,97941,100,99251,100,97771,100,99307,100,97760,100,99628,9,97696,100,99905,100,,
2019-06-28 10:01:30.000000000,98840,434,98592,234,98939,334,98505,234,99040,100,98078,100,99052,100,98072,100,99130,100,97948,100,99134,100,97941,100,99251,100,97771,100,99307,100,97760,100,99628,9,97696,100,99905,100,,
2019-06-28 10:01:40.000000000,98840,434,98592,234,98939,334,98505,234,99040,100,98078,100,99052,100,98072,100,99130,100,97948,100,99134,100,97941,100,99251,100,97771,100,99307,100,97760,100,99628,9,97696,100,99905,100,,
2019-06-28 10:01:48.814729529,98840,534,98592,234,98939,334,98505,234,99040,100,98078,100,99052,100,98072,100,99130,100,97948,100,99134,100,97941,100,99251,100,97771,100,99307,100,97760,100,99628,9,97696,100,99905,100,,
2019-06-28 10:01:50.000000000,98840,534,98592,234,98939,334,98505,234,99040,100,98078,100,99052,100,98072,100,99130,100,97948,100,99134,100,97941,100,99251,100,97771,100,99307,100,97760,100,99628,9,97696,100,99905,100,,
2019-06-28 10:02:00.000000000,98840,668,98592,368,98939,200,98505,100,99040,100,98078,100,99052,100,98072,100,99130,100,97948,100,99134,100,97941,100,99251,100,97771,100,99307,100,97760,100,99628,9,97696,100,99905,100,,
2019-06-28 10:02:10.000000000,98840,491,98592,191,98939,288,98505,188,99040,188,98078,188,99052,100,98072,100,99130,100,97948,100,99134,100,97941,100,99251,100,97771,100,99307,100,97760,100,99628,9,97696,100,99905,100,,
2019-06-28 10:02:12.654434120,98694,100,98592,191,98840,491,98505,188,98939,288,98078,188,99040,188,98072,100,99052,100,97948,100,99130,100,97941,100,99134,100,97771,100,99251,100,97760,100,99307,100,97696,100,99628,9,,
2019-06-28 10:02:12.998655841,98694,100,98592,191,98840,491,98505,188,98939,288,98436,100,99040,188,98078,188,99052,100,98072,100,99130,100,97948,100,99134,100,97941,100,99251,100,97771,100,99307,100,97760,100,99628,9,97696,100
2019-06-28 10:02:17.365463117,98694,100,98615,100,98840,491,98592,191,98939,288,98505,188,99040,188,98436,100,99052,100,98078,188,99130,100,98072,100,99134,100,97948,100,99251,100,97941,100,99307,100,97771,100,99628,9,97760,100
2019-06-28 10:02:20.000000000,98694,154,98615,154,98840,454,98592,154,98939,254,98505,154,99040,154,98436,154,99052,154,98078,154,99130,100,98072,100,99134,100,97948,100,99251,100,97941,100,99307,100,97771,100,99628,9,97760,100
2019-06-28 10:02:21.688902349,98694,154,98615,54,98840,454,98592,154,98939,254,98505,154,99040,154,98436,154,99052,154,98078,154,99130,100,98072,100,99134,100,97948,100,99251,100,97941,100,99628,9,97771,100,99905,100,97760,100
2019-06-28 10:02:30.000000000,98694,368,98592,368,98840,400,98505,100,98939,200,98436,100,99040,100,98078,100,99052,100,98072,100,99130,100,97948,100,99134,100,97941,100,99251,100,97771,100,99628,9,97760,100,99905,100,97696,100
2019-06-28 10:02:40.000000000,98694,167,98592,167,98840,467,98505,167,98939,267,98436,167,99040,167,98078,167,99052,100,98072,100,99130,100,97948,100,99134,100,97941,100,99251,100,97771,100,99628,9,97760,100,99905,100,97696,100
2019-06-28 10:02:50.000000000,98694,154,98592,154,98840,454,98505,154,98939,254,98436,154,99040,154,98078,154,99052,154,98072,154,99130,100,97948,100,99134,100,97941,100,99251,100,97771,100,99628,9,97760,100,99905,100,97696,100
2019-06-28 10:03:00.000000000,98694,154,98592,154,98840,454,98505,154,98939,254,98436,154,99040,154,98078,154,99052,154,98072,154,99130,100,97948,100,99134,100,97941,100,99251,100,97771,100,99628,9,97760,100,99905,100,97696,100
2019-06-28 10:03:10.000000000,98694,191,98592,191,98840,488,98505,188,98939,288,98436,188,99040,100,98078,100,99052,100,98072,100,99130,100,97948,100,99134,100,97941,100,99251,100,97771,100,99628,9,97760,100,99905,100,97696,100
2019-06-28 10:03:16.464503325,98694,191,98592,191,98840,488,98505,188,98939,288,98436,188,98940,100,98078,100,99040,100,98072,100,99052,100,97948,100,99130,100,97941,100,99134,100,97771,100,99251,100,97760,100,99628,9,97696,100
2019-06-28 10:03:20.000000000,98694,167,98592,167,98840,467,98505,167,98939,267,98436,167,98940,167,98078,167,99040,100,98072,100,99052,100,97948,100,99130,100,97941,100,99134,100,97771,100,99251,100,97760,100,99628,9,97696,100
2019-06-28 10:03:30.000000000,98694,167,98592,167,98840,467,98505,167,98939,267,98436,167,98940,167,98078,167,99040,100,98072,100,99052,100,97948,100,99130,100,97941,100,99134,100,97771,100,99251,100,97760,100,99628,9,97696,100
2019-06-28 10:03:35.849992893,98694,167,98592,167,98840,467,98505,167,98939,367,98436,167,98940,167,98078,167,99040,100,98072,100,99052,100,97948,100,99130,100,97941,100,99134,100,97771,100,99251,100,97760,100,99628,9,97696,100
2019-06-28 10:03:35.863719727,98694,167,98592,167,98840,467,98505,167,98939,367,98436,167,98940,167,98078,167,99040,100,98072,100,99052,100,97948,100,99130,100,97941,100,99134,100,97771,100,99251,100,97760,100,99628,9,97696,100
2019-06-28 10:03:40.000000000,98694,154,98592,154,98840,454,98505,154,98939,354,98436,154,98940,154,98078,154,99040,154,98072,154,99052,100,97948,100,99130,100,97941,100,99134,100,97771,100,99251,100,97760,100,99628,9,97696,100
2019-06-28 10:03:46.766686074,98694,54,98592,154,98840,454,98505,154,98939,354,98436,154,98940,154,98078,154,99040,154,98072,154,99052,100,97948,100,99130,100,97941,100,99134,100,97771,100,99251,100,97760,100,99628,9,97696,100
2019-06-28 10:03:50.000000000,98840,491,98592,191,98939,388,98505,188,98940,188,98436,188,99040,100,98078,100,99052,100,98072,100,99130,100,97948,100,99134,100,97941,100,99251,100,97771,100,99628,9,97760,100,99952,100,97696,100
2019-06-28 10:03:55.649304979,98840,491,98592,191,98939,388,98505,188,98940,188,98436,188,99040,100,98078,100,99052,100,98072,100,99130,100,97941,100,99134,100,97771,100,99155,100,97760,100,99251,100,97696,100,99628,9,,
2019-06-28 10:04:00.000000000,98840,454,98592,154,98939,354,98505,154,98940,154,98436,154,99040,154,98078,154,99052,154,98072,154,99130,100,97941,100,99134,100,97771,100,99155,100,97760,100,99251,100,97696,100,99628,9,,
2019-06-28 10:04:01.366295005,98840,454,98822,100,98939,354,98592,154,98940,154,98505,154,99040,154,98436,154,99052,154,98078,154,99130,100,98072,154,99155,100,97941,100,99251,100,97771,100,99628,9,97760,100,99952,100,97696,100
2019-06-28 10:04:10.000000000,98840,467,98822,167,98939,367,98592,167,98940,167,98505,167,99040,167,98436,167,99052,100,98078,100,99130,100,98072,100,99155,100,97941,100,99251,100,97771,100,99628,9,97760,100,99952,100,97696,100
2019-06-28 10:04:20.000000000,98840,467,98822,167,98939,367,98592,167,98940,167,98505,167,99040,167,98436,167,99052,100,98078,100,99130,100,98072,100,99155,100,97941,100,99251,100,97771,100,99628,9,97760,100,99952,100,97696,100
2019-06-28 10:04:30.000000000,98840,454,98822,154,98939,354,98592,154,98940,154,98505,154,99040,154,98436,154,99052,154,98078,154,99130,100,98072,100,99155,100,97941,100,99251,100,97771,100,99628,9,97760,100,99952,100,97696,100
2019-06-28 10:04:40.000000000,98840,668,98822,368,98939,300,98592,100,98940,100,98505,100,99040,100,98436,100,99052,100,98078,100,99130,100,98072,100,99155,100,97941,100,99251,100,97771,100,99628,9,97760,100,99952,100,97696,100
2019-06-28 10:04:50.000000000,98840,491,98822,191,98939,388,98592,188,98940,188,98505,188,99040,100,98436,100,99052,100,98078,100,99130,100,98072,100,99155,100,97941,100,99251,100,97771,100,99628,9,97760,100,99952,100,97696,100
2019-06-28 10:04:58.965517280,98840,491,98822,191,98939,388,98592,188,98940,188,98505,188,99040,100,98436,100,99051,100,98078,100,99052,100,98072,100,99130,100,97941,100,99155,100,97771,100,99251,100,97760,100,99628,9,97696,100
2019-06-28 10:04:59.116711245,98840,491,98822,191,98939,388,98616,100,98940,188,98592,188,99040,100,98505,188,99051,100,98436,100,99052,100,98078,100,99130,100,98072,100,99155,100,97941,100,99251,100,97771,100,99628,9,97760,100
2019-06-28 10:05:00.000000000,98840,668,98822,368,98939,300,98616,100,98940,100,98592,100,99040,100,98505,100,99051,100,98436,100,99052,100,98078,100,99130,100,98072,100,99155,100,97941,100,99251,100,97771,100,99628,9,97760,100
2019-06-28 10:05:00.234662863,98840,568,98822,368,98939,300,98616,200,98940,100,98592,100,99040,100,98505,100,99051,100,98436,100,99052,100,98078,100,99130,100,98072,100,99155,100,97941,100,99251,100,97771,100,99628,9,97760,100
2019-06-28 10:05:10.000000000,98840,391,98822,191,98939,388,98616,288,98940,188,98592,188,99040,100,98505,100,99051,100,98436,100,99052,100,98078,100,99130,100,98072,100,99155,100,97941,100,99251,100,97771,100,99628,9,97760,100
2019-06-28 10:05:10.786057137,98840,391,98822,91,98939,388,98616,288,98940,188,98592,188,99040,100,98505,100,99051,100,98436,100,99052,100,98078,100,99130,100,98072,100,99155,100,97941,100,99251,100,97771,100,99628,9,97760,100
2019-06-28 10:05:18.247299574,98840,391,98822,91,98939,388,98694,100,98940,188,98616,288,99040,100,98592,188,99051,100,98505,100,99052,100,98436,100,99155,100,98078,100,99251,100,98072,100,99628,9,97941,100,99952,100,97771,100
2019-06-28 10:05:20.000000000,98840,391,98694,191,98939,388,98616,288,98940,188,98592,188,99040,100,98505,100,99051,100,98436,100,99052,100,98078,100,99155,100,98072,100,99251,100,97941,100,99628,9,97771,100,99952,100,97760,100
2019-06-28 10:05:27.072081636,98840,391,98694,191,98939,388,98616,288,98940,188,98592,188,99019,100,98505,100,99040,100,98436,100,99052,100,98078,100,99155,100,98072,100,99251,100,97941,100,99628,9,97771,100,99952,100,97760,100
2019-06-28 10:05:28.427158111,98840,291,98694,191,98939,388,98616,288,98940,188,98592,188,99019,100,98505,100,99040,100,98436,100,99052,100,98078,100,99155,100,98072,100,99251,100,97941,100,99628,9,97771,100,99952,100,97760,100
2019-06-28 10:05:30.000000000,98840,291,98694,191,98939,388,98616,288,98940,188,98592,188,99019,100,98505,100,99040,100,98436,100,99052,100,98078,100,99155,100,98072,100,99251,100,97941,100,99628,9,97771,100,99952,100,97760,100
2019-06-28 10:05:40.000000000,98840,468,98694,368,98939,300,98616,200,98940,100,98592,100,99019,100,98505,100,99040,100,98436,100,99052,100,98078,100,99155,100,98072,100,99251,100,97941,100,99628,9,97771,100,99952,100,97760,100
2019-06-28 10:05:50.000000000,98840,468,98694,368,98939,300,98616,200,98940,100,98592,100,99019,100,98505,100,99040,100,98436,100,99052,100,98078,100,99155,100,98072,100,99251,100,97941,100,99628,9,97771,100,99952,100,97760,100
2019-06-28 10:05:51.898322620,98840,468,98823,100,98939,300,98694,268,98940,100,98616,200,99019,100,98592,100,99040,100,98505,100,99052,100,98436,100,99155,100,98078,100,99251,100,98072,100,99628,9,97941,100,99952,100,97771,100
2019-06-28 10:05:53.277831513,98840,468,98823,100,98939,300,98694,268,98940,100,98616,200,99019,100,98592,100,99040,100,98505,100,99052,100,98078,100,99155,100,98072,100,99251,100,97941,100,99270,100,97771,100,99628,9,97760,100
2019-06-28 10:06:00.000000000,98840,334,98823,234,98939,434,98616,334,98940,100,98592,100,99019,100,98505,100,99040,100,98078,100,99052,100,98072,100,99155,100,97941,100,99251,100,97771,100,99270,100,97760,100,99628,9,97696,100
2019-06-28 10:06:10.000000000,98840,291,98823,191,98939,388,98616,288,98940,188,98592,188,99019,100,98505,100,99040,100,98078,100,99052,100,98072,100,99155,100,97941,100,99251,100,97771,100,99270,100,97760,100,99628,9,97696,100
2019-06-28 10:06:16.520005320,98840,291,98823,191,98939,388,98616,288,98940,188,98592,188,99019,100,98505,100,99040,100,98072,100,99052,100,97941,100,99155,100,97771,100,99247,100,97760,100,99251,100,97696,100,99270,100,,
2019-06-28 10:06:20.000000000,98840,267,98823,167,98939,367,98616,267,98940,167,98592,167,99019,167,98505,167,99040,100,98072,100,99052,100,97941,100,99155,100,97771,100,99247,100,97760,100,99251,100,97696,100,99270,100,,
2019-06-28 10:06:20.074024948,98840,267,98823,167,98939,367,98616,267,98940,167,98592,167,99019,167,98505,167,99040,100,98072,100,99052,100,97941,100,99155,100,97771,100,99247,100,97760,100,99251,200,97696,100,99270,100,,
2019-06-28 10:06:30.000000000,98840,291,98823,191,98939,388,98616,288,98940,188,98592,188,99019,100,98505,100,99040,100,98072,100,99052,100,97941,100,99155,100,97771,100,99247,100,97760,100,99251,200,97696,100,99270,100,,
2019-06-28 10:06:34.423685081,98840,291,98823,291,98939,388,98616,288,98940,188,98592,188,99019,100,98505,100,99040,100,98072,100,99052,100,97941,100,99155,100,97771,100,99247,100,97760,100,99251,200,97696,100,99270,100,,
2019-06-28 10:06:40.000000000,98840,291,98823,291,98939,388,98616,288,98940,188,98592,188,99019,100,98505,100,99040,100,98072,100,99052,100,97941,100,99155,100,97771,100,99247,100,97760,100,99251,200,97696,100,99270,100,,
2019-06-28 10:06:50.000000000,98840,254,98823,254,98939,354,98616,254,98940,154,98592,154,99019,154,98505,154,99040,154,98072,154,99052,100,97941,100,99155,100,97771,100,99247,100,97760,100,99251,200,97696,100,99270,100,,
2019-06-28 10:06:59.614377285,98840,254,98823,254,98939,254,98616,254,98940,154,98592,154,99019,154,98505,154,99040,154,98072,154,99052,100,97941,100,99155,100,97771,100,99247,100,97760,100,99251,200,97696,100,99270,100,,
2019-06-28 10:07:00.000000000,98840,334,98823,334,98939,334,98616,334,98940,100,98592,100,99019,100,98505,100,99040,100,98072,100,99052,100,97941,100,99155,100,97771,100,99247,100,97760,100,99251,200,97696,100,99270,100,,
2019-06-28 10:07:01.921562580,98840,234,98823,334,98939,334,98616,334,98940,100,98592,100,99019,100,98505,100,99040,100,98072,100,99052,100,97941,100,99155,100,97771,100,99247,100,97760,100,99251,200,97696,100,99628,9,,
2019-06-28 10:07:10.000000000,98840,154,98823,254,98939,254,98616,254,98940,154,98592,154,99019,154,98505,154,99040,154,98072,154,99052,100,97941,100,99155,100,97771,100,99247,100,97760,100,99251,200,97696,100,99628,9,,
2019-06-28 10:07:11.392107460,98840,154,98823,254,98939,254,98616,254,98940,154,98592,154,99019,154,98505,154,99040,154,98072,154,99052,100,97941,100,99155,100,97771,100,99194,100,97760,100,99247,100,97696,100,99251,100,,
2019-06-28 10:07:20.000000000,98840,154,98823,254,98939,254,98616,254,98940,154,98592,154,99019,154,98505,154,99040,154,98072,154,99052,100,97941,100,99155,100,97771,100,99194,100,97760,100,99247,100,97696,100,99251,100,,
2019-06-28 10:07:30.000000000,98840,368,98823,468,98939,200,98616,200,98940,100,98592,100,99019,100,98505,100,99040,100,98072,100,99052,100,97941,100,99155,100,97771,100,99194,100,97760,100,99247,100,97696,100,99251,100,,
2019-06-28 10:07:40.000000000,98840,167,98823,267,98939,267,98616,267,98940,167,98592,167,99019,167,98505,167,99040,100,98072,100,99052,100,97941,100,99155,100,97771,100,99194,100,97760,100,99247,100,97696,100,99251,100,,
2019-06-28 10:07:40.134360016,98840,167,98823,267,98939,267,98616,267,98940,67,98592,167,99019,167,98505,167,99040,100,98072,100,99052,100,97941,100,99155,100,97771,100,99194,100,97760,100,99247,100,97696,100,99251,100,,
2019-06-28 10:07:43.505768562,98840,67,98823,267,98939,267,98616,267,98940,67,98592,167,99019,167,98505,167,99040,100,98072,100,99052,100,97941,100,99155,100,97771,100,99194,100,97760,100,99247,100,97696,100,99251,100,,
2019-06-28 10:07:44.784797754,98939,267,98840,33,98940,67,98823,267,99019,167,98616,267,99040,100,98592,167,99052,100,98505,167,99155,100,98072,100,99194,100,97941,100,99247,100,97771,100,99251,100,97760,100,99373,100,97696,100
2019-06-28 10:07:50.000000000,98939,267,98840,100,99019,167,98823,267,99040,167,98616,267,99052,167,98592,167,99155,100,98505,100,99194,100,98072,100,99247,100,97941,100,99251,100,97771,100,99373,100,97760,100,99628,9,97696,100
2019-06-28 10:08:00.000000000,98939,334,98840,167,99019,234,98823,334,99040,100,98616,200,99052,100,98592,100,99155,100,98505,100,99194,100,98072,100,99247,100,97941,100,99251,100,97771,100,99373,100,97760,100,99628,9,97696,100
2019-06-28 10:08:10.000000000,98939,267,98840,100,99019,167,98823,267,99040,167,98616,267,99052,167,98592,167,99155,100,98505,100,99194,100,98072,100,99247,100,97941,100,99251,100,97771,100,99373,100,97760,100,99628,9,97696,100
2019-06-28 10:08:15.645549693,98939,167,98840,100,99019,167,98823,267,99040,167,98616,267,99052,167,98592,167,99155,100,98505,100,99194,100,98072,100,99247,100,97941,100,99251,100,97771,100,99373,100,97760,100,99628,9,97696,100
2019-06-28 10:08:17.265104716,98939,167,98841,100,99019,167,98840,100,99040,167,98823,267,99052,167,98616,267,99155,100,98592,167,99194,100,98505,100,99247,100,98072,100,99251,100,97941,100,99373,100,97771,100,99628,9,97760,100
2019-06-28 10:08:20.000000000,98939,368,98841,368,99019,100,98840,33,99040,100,98823,200,99052,100,98616,200,99155,100,98592,100,99194,100,98505,100,99247,100,98072,100,99251,100,97941,100,99373,100,97771,100,99628,9,97760,100
2019-06-28 10:08:30.000000000,98939,167,98841,167,99019,167,98840,100,99040,167,98823,267,99052,167,98616,267,99155,100,98592,100,99194,100,98505,100,99247,100,98072,100,99251,100,97941,100,99373,100,97771,100,99628,9,97760,100
2019-06-28 10:08:31.198983639,98939,67,98841,167,99019,167,98840,100,99040,167,98823,267,99052,167,98616,267,99155,100,98592,100,99194,100,98505,100,99247,100,98072,100,99251,100,97941,100,99373,100,97771,100,99628,9,97760,100
2019-06-28 10:08:40.000000000,99019,234,98841,234,99040,234,98840,167,99052,100,98823,200,99155,100,98616,200,99194,100,98592,100,99247,100,98505,100,99251,100,98072,100,99373,100,97941,100,99628,9,97771,100,99952,100,97760,100
2019-06-28 10:08:42.991919166,98897,100,98841,234,99019,234,98840,167,99040,234,98823,200,99052,100,98616,200,99194,100,98592,100,99247,100,98505,100,99251,100,98072,100,99373,100,97941,100,99628,9,97771,100,99952,100,97760,100
2019-06-28 10:08:48.448404275,98897,100,98841,234,99019,234,98840,167,99040,234,98823,200,99052,100,98760,100,99194,100,98616,200,99247,100,98592,100,99251,100,98505,100,99373,100,98072,100,99628,9,97941,100,99952,100,97771,100
2019-06-28 10:08:50.000000000,98897,167,98841,167,99019,167,98840,100,99040,167,98823,267,99052,167,98760,167,99194,100,98616,200,99247,100,98592,100,99251,100,98505,100,99373,100,98072,100,99628,9,97941,100,99952,100,97771,100
2019-06-28 10:09:00.000000000,98897,234,98841,234,99019,234,98840,167,99040,100,98823,200,99052,100,98760,100,99194,100,98616,200,99247,100,98592,100,99251,100,98505,100,99373,100,98072,100,99628,9,97941,100,99952,100,97771,100
2019-06-28 10:09:06.860516692,98897,234,98841,234,98938,100,98840,167,99019,234,98823,200,99040,100,98760,100,99052,100,98616,200,99194,100,98592,100,99247,100,98505,100,99251,100,98072,100,99373,100,97941,100,99628,9,97771,100
2019-06-28 10:09:10.000000000,98897,368,98841,368,98938,100,98840,33,99019,100,98823,200,99040,100,98760,100,99052,100,98616,200,99194,100,98592,100,99247,100,98505,100,99251,100,98072,100,99373,100,97941,100,99628,9,97771,100
2019-06-28 10:09:11.943261665,98897,268,98841,368,98938,100,98840,33,99019,100,98823,200,99040,100,98760,100,99052,100,98616,200,99194,100,98592,100,99247,100,98505,100,99251,100,98072,100,99373,100,97941,100,99628,9,97771,100
2019-06-28 10:09:20.000000000,98938,167,98841,167,99019,167,98840,100,99040,167,98823,267,99052,167,98760,167,99194,100,98616,200,99247,100,98592,100,99251,100,98505,100,99373,100,98072,100,99628,9,97941,100,99952,100,97771,100
2019-06-28 10:09:30.000000000,98938,154,98841,154,99019,154,98840,87,99040,154,98823,254,99052,154,98760,154,99194,154,98616,254,99247,100,98592,100,99251,100,98505,100,99373,100,98072,100,99628,9,97941,100,99952,100,97771,100
2019-06-28 10:09:40.000000000,98938,154,98841,154,99019,154,98840,87,99040,154,98823,254,99052,154,98760,154,99194,154,98616,254,99247,100,98592,100,99251,100,98505,100,99373,100,98072,100,99628,9,97941,100,99952,100,97771,100
2019-06-28 10:09:50.000000000,98938,234,98841,234,99019,234,98840,167,99040,100,98823,200,99052,100,98760,100,99194,100,98616,200,99247,100,98592,100,99251,100,98505,100,99373,100,98072,100,99628,9,97941,100,99952,100,97771,100
2019-06-28 10:10:00.000000000,98938,368,98841,368,99019,100,98840,33,99040,100,98823,200,99052,100,98760,100,99194,100,98616,200,99247,100,98592,100,99251,100,98505,100,99373,100,98072,100,99628,9,97941,100,99952,100,97771,100
2019-06-28 10:10:10.000000000,98938,368,98841,368,99019,100,98840,33,99040,100,98823,200,99052,100,98760,100,99194,100,98616,200,99247,100,98592,100,99251,100,98505,100,99373,100,98072,100,99628,9,97941,100,99952,100,97771,100
2019-06-28 10:10:17.243866604,98938,268,98841,368,99019,100,98840,33,99040,100,98823,200,99052,100,98760,100,99194,100,98616,200,99247,100,98592,100,99251,100,98505,100,99373,100,98072,100,99628,9,97941,100,99952,100,97771,100
2019-06-28 10:10:19.494528176,98938,268,98841,368,99019,100,98823,200,99040,100,98760,100,99052,100,98616,200,99194,100,98592,100,99247,100,98505,100,99251,100,98072,100,99373,100,97941,100,99591,100,97771,100,99628,9,97696,100
