,ask_price_1,ask_size_1,bid_price_1,bid_size_1,ask_price_2,ask_size_2,bid_price_2,bid_size_2,ask_price_3,ask_size_3,bid_price_3,bid_size_3,ask_price_4,ask_size_4,bid_price_4,bid_size_4,ask_price_5,ask_size_5,bid_price_5,bid_size_5,ask_price_6,ask_size_6,bid_price_6,bid_size_6,ask_price_7,ask_size_7,bid_price_7,bid_size_7,ask_price_8,ask_size_8,bid_price_8,bid_size_8,ask_price_9,ask_size_9,bid_price_9,bid_size_9,ask_price_10,ask_size_10,bid_price_10,bid_size_10
2019-06-28 09:30:00.000000007,,,99970,100,,,,,,,,,,,,,,,,,,,,,,,,,,,,,,,,,,,,
2019-06-28 09:30:00.000000008,100018,100,99970,100,,,,,,,,,,,,,,,,,,,,,,,,,,,,,,,,,,,,
2019-06-28 09:30:00.000000009,100018,100,99970,100,,,99941,100,,,,,,,,,,,,,,,,,,,,,,,,,,,,,,,,
2019-06-28 09:30:00.000000010,100018,100,99970,100,,,99954,100,,,99941,100,,,,,,,,,,,,,,,,,,,,,,,,,,,,
2019-06-28 09:30:00.000000011,100018,100,99970,100,100051,100,99954,100,,,99941,100,,,,,,,,,,,,,,,,,,,,,,,,,,,,
2019-06-28 09:30:00.000000012,100018,100,99970,100,100051,100,99954,100,100083,100,99941,100,,,99917,100,,,,,,,,,,,,,,,,,,,,,,,,
2019-06-28 09:30:00.000000016,100018,100,100014,100,100051,100,99970,100,100083,100,99954,100,,,99941,100,,,99917,100,,,99910,100,,,99901,100,,,,,,,,,,,,
2019-06-28 09:30:00.000000018,100018,100,100014,100,100051,100,99970,100,100083,100,99954,100,100179,100,99941,100,,,99917,100,,,99910,100,,,99901,100,,,99795,100,,,,,,,,
2019-06-28 09:30:00.000000019,100018,100,100014,100,100051,100,99970,100,100083,100,99954,100,100179,100,99945,100,,,99941,100,,,99917,100,,,99910,100,,,99901,100,,,99795,100,,,,
2019-06-28 09:30:00.000000020,100018,100,100014,200,100051,100,99970,100,100083,100,99954,100,100179,100,99945,100,,,99941,100,,,99917,100,,,99910,100,,,99901,100,,,99795,100,,,,
2019-06-28 09:30:00.000000022,100018,100,100014,200,100051,100,99970,100,100083,100,99954,100,100179,100,99945,100,,,99941,100,,,99917,100,,,99910,100,,,99901,100,,,99894,100,,,99795,100
2019-06-28 09:30:00.000000024,100018,100,100014,200,100051,100,99970,100,100083,100,99954,100,100179,100,99945,100,,,99941,100,,,99933,100,,,99917,100,,,99910,100,,,99901,100,,,99894,100
2019-06-28 09:30:00.000000025,100018,100,100014,200,100051,100,99970,100,100083,100,99954,100,100089,100,99945,100,100179,100,99941,100,,,99933,100,,,99917,100,,,99910,100,,,99901,100,,,99894,100
2019-06-28 09:30:00.000000026,100018,100,100014,200,100037,100,99970,100,100051,100,99954,100,100083,100,99945,100,100085,100,99941,100,100089,100,99933,100,100179,100,99917,100,,,99910,100,,,99901,100,,,99894,100
2019-06-28 09:30:00.000000027,100018,100,100014,200,100037,100,99970,100,100051,100,99954,100,100060,100,99945,100,100083,100,99941,100,100085,100,99933,100,100089,100,99917,100,100179,100,99910,100,,,99901,100,,,99894,100
2019-06-28 09:30:00.000000029,100018,100,100014,200,100037,100,99970,100,100051,100,99954,100,100060,100,99945,100,100083,100,99941,100,100085,100,99933,100,100089,100,99917,100,100160,100,99910,100,100179,100,99901,100,,,99894,100
2019-06-28 09:30:00.000000030,100018,100,100014,100,100037,100,99970,100,100051,100,99954,100,100060,100,99945,100,100083,100,99941,100,100085,100,99933,100,100089,100,99917,100,100160,100,99910,100,100179,100,99901,100,,,99894,100
2019-06-28 09:30:00.000000034,100018,100,99970,100,100037,100,99954,100,100051,100,99945,100,100060,100,99941,100,100083,100,99933,100,100085,100,99917,100,100089,100,99910,100,100160,100,99901,100,100179,100,99894,100,,,99891,100
2019-06-28 09:30:00.000000039,100018,100,99989,100,100037,100,99970,100,100051,100,99954,100,100060,100,99945,100,100075,100,99941,100,100083,100,99933,100,100085,100,99917,100,100089,100,99910,100,100160,100,99901,100,100179,100,99894,100
2019-06-28 09:30:00.000000046,100018,100,99989,100,100037,100,99984,100,100051,100,99970,100,100060,100,99954,100,100075,100,99945,100,100083,100,99941,100,100085,100,99933,100,100089,100,99917,100,100110,100,99910,100,100160,100,99901,100
2019-06-28 09:30:00.000000048,100037,100,99989,100,100051,100,99984,100,100060,100,99970,100,100075,100,99954,100,100083,100,99945,100,100085,100,99941,100,100089,100,99933,100,100110,100,99917,100,100160,100,99910,100,100179,100,99901,100
2019-06-28 09:30:00.000000051,99991,100,99989,100,100037,100,99984,100,100051,100,99970,100,100060,100,99954,100,100075,100,99945,100,100083,100,99941,100,100085,100,99933,100,100089,100,99917,100,100110,100,99910,100,100160,100,99901,100
2019-06-28 09:30:00.000000052,100037,100,99989,100,100051,100,99984,100,100060,100,99970,100,100075,100,99954,100,100083,100,99945,100,100085,100,99941,100,100089,100,99933,100,100110,100,99917,100,100160,100,99910,100,100179,100,99901,100
2019-06-28 09:30:00.000000055,100037,100,99989,100,100051,100,99984,100,100060,100,99970,100,100075,100,99954,100,100083,100,99945,100,100085,100,99941,100,100089,100,99933,100,100110,100,99917,100,100131,100,99910,100,100160,100,99901,100
2019-06-28 09:30:00.000000057,100003,100,99989,100,100037,100,99984,100,100051,100,99970,100,100060,100,99954,100,100075,100,99945,100,100083,100,99941,100,100085,100,99933,100,100089,100,99917,100,100110,100,99910,100,100131,100,99901,100
2019-06-28 09:30:00.000000059,100003,100,99989,100,100037,100,99984,100,100051,100,99970,100,100057,100,99954,100,100060,100,99945,100,100075,100,99941,100,100083,100,99933,100,100085,100,99917,100,100089,100,99910,100,100110,100,99901,100
2019-06-28 09:30:00.000000060,100003,100,99993,100,100037,100,99989,100,100051,100,99984,100,100057,100,99970,100,100060,100,99954,100,100075,100,99945,100,100083,100,99941,100,100085,100,99933,100,100089,100,99917,100,100110,100,99910,100
2019-06-28 09:30:00.000000061,100037,100,99993,100,100051,100,99989,100,100057,100,99984,100,100060,100,99970,100,100075,100,99954,100,100083,100,99945,100,100085,100,99941,100,100089,100,99933,100,100110,100,99917,100,100131,100,99910,100
2019-06-28 09:30:00.000000062,100037,100,99993,200,100051,100,99989,100,100057,100,99984,100,100060,100,99970,100,100075,100,99954,100,100083,100,99945,100,100085,100,99941,100,100089,100,99933,100,100110,100,99917,100,100131,100,99910,100
2019-06-28 09:30:00.000000063,100037,100,99993,200,100051,100,99989,100,100057,100,99984,100,100060,100,99970,100,100075,100,99954,100,100083,100,99945,100,100085,100,99941,100,100089,100,99933,100,100110,100,99917,100,100131,100,99910,100
2019-06-28 09:30:00.000000068,100037,100,99993,200,100051,100,99989,100,100057,100,99984,100,100060,100,99970,100,100075,100,99954,100,100083,100,99945,100,100085,100,99941,100,100089,100,99933,100,100110,100,99917,100,100131,100,99910,100
2019-06-28 09:30:00.000000069,100037,100,99993,200,100051,100,99989,100,100057,100,99987,100,100060,200,99984,100,100063,100,99970,100,100075,100,99954,100,100083,100,99945,100,100085,100,99941,100,100089,100,99933,100,100110,100,99917,100
2019-06-28 09:30:00.000000071,100003,100,99994,100,100037,100,99993,200,100051,100,99989,100,100057,100,99987,100,100060,200,99984,100,100063,100,99970,100,100075,100,99954,100,100083,100,99945,100,100085,100,99941,100,100089,100,99933,100
2019-06-28 09:30:00.000000073,100003,100,99993,200,100037,100,99989,100,100051,100,99987,100,100057,100,99984,100,100060,200,99970,100,100063,100,99954,100,100075,100,99945,100,100083,100,99941,100,100085,100,99933,100,100089,100,99917,100
2019-06-28 09:30:00.000000074,100003,100,99993,200,100037,100,99989,100,100051,100,99987,100,100057,100,99984,100,100058,100,99970,100,100060,200,99954,100,100063,100,99945,100,100075,100,99941,100,100083,100,99933,100,100085,100,99917,100
2019-06-28 09:30:00.000000075,100003,100,99993,200,100037,100,99989,100,100051,100,99987,100,100057,100,99984,100,100058,100,99970,100,100060,200,99954,100,100063,100,99945,100,100075,100,99941,100,100083,100,99933,100,100085,100,99931,100
2019-06-28 09:30:00.000000079,100003,100,99993,100,100037,100,99989,100,100051,100,99987,100,100057,100,99984,100,100058,100,99970,100,100060,200,99954,100,100063,100,99945,100,100075,100,99941,100,100083,100,99933,100,100085,100,99931,100
2019-06-28 09:30:00.000000083,100003,100,99993,100,100037,200,99989,100,100051,100,99987,100,100057,100,99984,100,100058,100,99970,100,100060,200,99954,100,100063,100,99945,100,100075,100,99941,100,100083,100,99933,100,100085,100,99931,100
2019-06-28 09:30:00.000000085,100003,100,99993,100,100036,100,99989,100,100037,200,99987,100,100051,100,99984,100,100057,100,99970,100,100058,100,99954,100,100060,200,99945,100,100063,100,99941,100,100075,100,99933,100,100083,100,99931,100
2019-06-28 09:30:00.000000086,100003,100,99993,100,100036,100,99989,100,100037,200,99987,100,100051,100,99984,100,100057,100,99970,100,100058,100,99954,100,100060,200,99945,100,100063,100,99941,100,100075,100,99933,100,100083,100,99931,100
2019-06-28 09:30:00.000000087,100003,100,99993,100,100036,100,99989,100,100037,200,99987,100,100051,100,99984,100,100057,100,99970,100,100058,100,99954,100,100060,200,99945,100,100063,100,99941,100,100075,100,99933,100,100083,100,99931,100
2019-06-28 09:30:00.000000091,99994,100,99993,100,100003,100,99989,100,100036,100,99987,100,100037,200,99984,100,100051,100,99970,100,100057,100,99954,100,100058,100,99945,100,100060,200,99941,100,100063,100,99933,100,100075,100,99931,100
2019-06-28 09:30:00.000000092,99994,100,99993,100,100003,100,99989,100,100036,100,99987,100,100037,200,99984,100,100051,100,99970,100,100057,100,99954,100,100058,100,99951,100,100060,200,99948,100,100063,100,99945,100,100075,100,99941,100
2019-06-28 09:30:00.000000093,99994,100,99993,100,100003,100,99989,100,100036,100,99987,100,100037,200,99984,100,100051,100,99970,100,100057,100,99954,100,100058,100,99951,100,100060,200,99948,100,100063,100,99945,100,100075,100,99941,100
2019-06-28 09:30:00.000000094,99994,100,99993,100,100003,100,99989,100,100036,100,99987,100,100037,200,99984,100,100051,100,99970,100,100057,100,99954,100,100058,100,99951,100,100060,200,99948,100,100063,100,99945,100,100075,100,99941,100
2019-06-28 09:30:00.000000096,99994,100,99993,100,100003,100,99989,100,100036,100,99987,100,100037,200,99984,100,100051,100,99970,100,100057,100,99954,100,100058,100,99951,100,100060,200,99948,100,100063,100,99945,100,100075,100,99941,100
2019-06-28 09:30:00.000000097,100003,100,99993,100,100036,100,99989,100,100037,200,99987,100,100051,100,99984,100,100057,100,99970,100,100058,100,99954,100,100060,200,99951,100,100063,100,99948,100,100075,100,99945,100,100077,100,99941,100
2019-06-28 09:30:10.000000000,100003,173,99993,173,100036,173,99989,173,100037,273,99987,173,100051,173,99984,173,100057,173,99970,173,100058,100,99954,100,100060,200,99951,100,100063,100,99948,100,100075,100,99945,100,100077,100,99941,100
2019-06-28 09:30:20.000000000,100003,283,99993,283,100036,283,99989,283,100037,200,99987,100,100051,100,99984,100,100057,100,99970,100,100058,100,99954,100,100060,200,99951,100,100063,100,99948,100,100075,100,99945,100,100077,100,99941,100
2019-06-28 09:30:30.000000000,100003,173,99993,173,100036,173,99989,173,100037,273,99987,173,100051,173,99984,173,100057,173,99970,173,100058,100,99954,100,100060,200,99951,100,100063,100,99948,100,100075,100,99945,100,100077,100,99941,100
2019-06-28 09:30:40.000000000,100003,192,99993,192,100036,192,99989,192,100037,292,99987,192,100051,192,99984,192,100057,100,99970,100,100058,100,99954,100,100060,200,99951,100,100063,100,99948,100,100075,100,99945,100,100077,100,99941,100
2019-06-28 09:30:47.627114946,100003,192,99993,192,100036,192,99989,192,100037,292,99987,192,100051,192,99984,192,100057,100,99970,100,100060,200,99954,100,100063,100,99951,100,100075,100,99948,100,100077,100,99945,100,100083,100,99941,100
2019-06-28 09:30:50.000000000,100003,173,99993,173,100036,173,99989,173,100037,273,99987,173,100051,173,99984,173,100057,173,99970,173,100060,200,99954,100,100063,100,99951,100,100075,100,99948,100,100077,100,99945,100,100083,100,99941,100
2019-06-28 09:31:00.000000000,100003,283,99993,283,100036,283,99989,283,100037,200,99987,100,100051,100,99984,100,100057,100,99970,100,100060,200,99954,100,100063,100,99951,100,100075,100,99948,100,100077,100,99945,100,100083,100,99941,100
2019-06-28 09:31:10.000000000,100003,283,99993,283,100036,283,99989,283,100037,200,99987,100,100051,100,99984,100,100057,100,99970,100,100060,200,99954,100,100063,100,99951,100,100075,100,99948,100,100077,100,99945,100,100083,100,99941,100
2019-06-28 09:31:12.324155462,100003,183,99993,283,100036,283,99989,283,100037,200,99987,100,100051,100,99984,100,100057,100,99970,100,100060,200,99954,100,100063,100,99951,100,100075,100,99948,100,100077,100,99945,100,100083,100,99941,100
2019-06-28 09:31:14.976381068,100003,183,99993,283,100036,283,99989,283,100037,200,99987,100,100051,100,99984,100,100057,100,99970,100,100060,200,99954,100,100063,100,99951,100,100075,100,99948,100,100077,100,99945,100,100083,100,99941,100
2019-06-28 09:31:20.000000000,100036,192,99993,192,100037,292,99989,192,100051,192,99987,192,100057,192,99984,192,100060,200,99970,100,100063,100,99954,100,100075,100,99951,100,100077,100,99948,100,100083,100,99945,100,100085,100,99941,100
2019-06-28 09:31:26.866260773,100036,192,100026,100,100037,292,99993,192,100051,192,99989,192,100057,192,99987,192,100060,200,99984,92,100063,100,99970,100,100075,100,99954,100,100077,100,99951,100,100083,100,99948,100,100085,100,99945,100
2019-06-28 09:31:30.000000000,100036,173,100026,173,100037,273,99993,173,100051,173,99989,173,100057,173,99987,173,100060,273,99970,173,100063,100,99954,100,100075,100,99951,100,100077,100,99948,100,100083,100,99945,100,100085,100,99941,100
2019-06-28 09:31:31.843408408,100036,173,100026,73,100037,273,99993,173,100051,173,99989,173,100057,173,99987,173,100060,273,99970,173,100063,100,99954,100,100075,100,99951,100,100077,100,99948,100,100083,100,99945,100,100085,100,99941,100
2019-06-28 09:31:40.000000000,100036,224,99993,224,100037,321,99989,221,100051,221,99987,221,100057,100,99970,100,100060,200,99954,100,100063,100,99951,100,100075,100,99948,100,100077,100,99945,100,100083,100,99941,100,100085,100,99933,100
2019-06-28 09:31:40.965767949,100036,224,100024,100,100037,321,99993,224,100051,221,99989,221,100057,100,99987,221,100060,200,99970,100,100063,100,99954,100,100075,100,99951,100,100077,100,99948,100,100083,100,99945,100,100085,100,99941,100
2019-06-28 09:31:50.000000000,100036,466,100024,466,100037,200,99993,100,100051,100,99989,100,100057,100,99987,100,100060,200,99970,100,100063,100,99954,100,100075,100,99951,100,100077,100,99948,100,100083,100,99945,100,100085,100,99941,100
2019-06-28 09:32:00.000000000,100036,283,100024,283,100037,383,99993,283,100051,100,99989,100,100057,100,99987,100,100060,200,99970,100,100063,100,99954,100,100075,100,99951,100,100077,100,99948,100,100083,100,99945,100,100085,100,99941,100
2019-06-28 09:32:10.000000000,100036,283,100024,283,100037,383,99993,283,100051,100,99989,100,100057,100,99987,100,100060,200,99970,100,100063,100,99954,100,100075,100,99951,100,100077,100,99948,100,100083,100,99945,100,100085,100,99941,100
2019-06-28 09:32:20.000000000,100036,283,100024,283,100037,383,99993,283,100051,100,99989,100,100057,100,99987,100,100060,200,99970,100,100063,100,99954,100,100075,100,99951,100,100077,100,99948,100,100083,100,99945,100,100085,100,99941,100
2019-06-28 09:32:29.285363633,100036,283,100024,283,100037,383,99993,283,100051,100,99989,100,100057,100,99987,100,100060,200,99970,100,100063,100,99954,100,100075,100,99951,100,100077,100,99948,100,100083,100,99945,100,100085,100,99941,100
2019-06-28 09:32:30.000000000,100036,283,100024,283,100037,383,99993,283,100051,100,99989,100,100057,100,99987,100,100060,200,99970,100,100063,100,99954,100,100075,100,99951,100,100077,100,99948,100,100083,100,99945,100,100085,100,99941,100
2019-06-28 09:32:40.000000000,100036,224,100024,224,100037,321,99993,221,100051,221,99989,221,100057,100,99987,100,100060,200,99970,100,100063,100,99954,100,100075,100,99951,100,100077,100,99948,100,100083,100,99945,100,100085,100,99941,100
2019-06-28 09:32:42.712970917,100036,224,100024,224,100037,321,99993,221,100051,221,99989,221,100057,100,99987,100,100060,200,99970,100,100063,100,99954,100,100075,100,99951,100,100077,100,99948,100,100083,100,99945,100,100085,100,99941,100
2019-06-28 09:32:50.000000000,100036,224,100024,224,100037,321,99993,221,100051,221,99989,221,100057,100,99987,100,100060,200,99970,100,100063,100,99954,100,100075,100,99951,100,100077,100,99948,100,100083,100,99945,100,100085,100,99941,100
2019-06-28 09:33:00.000000000,100036,224,100024,224,100037,321,99993,221,100051,221,99989,221,100057,100,99987,100,100060,200,99970,100,100063,100,99954,100,100075,100,99951,100,100077,100,99948,100,100083,100,99945,100,100085,100,99941,100
2019-06-28 09:33:10.000000000,100036,192,100024,192,100037,292,99993,192,100051,192,99989,192,100057,192,99987,192,100060,200,99970,100,100063,100,99954,100,100075,100,99951,100,100077,100,99948,100,100083,100,99945,100,100085,100,99941,100
2019-06-28 09:33:15.844489820,100036,192,100024,192,100037,292,99993,192,100051,192,99989,192,100057,192,99987,192,100060,200,99970,100,100063,100,99954,100,100075,100,99951,100,100077,100,99948,100,100083,100,99945,100,100085,100,99941,100
2019-06-28 09:33:20.000000000,100036,173,100024,173,100037,273,99993,173,100051,173,99989,173,100057,173,99987,173,100060,273,99970,173,100063,100,99954,100,100075,100,99951,100,100077,100,99948,100,100083,100,99945,100,100085,100,99941,100
2019-06-28 09:33:30.000000000,100036,173,100024,173,100037,273,99993,173,100051,173,99989,173,100057,173,99987,173,100060,273,99970,173,100063,100,99954,100,100075,100,99951,100,100077,100,99948,100,100083,100,99945,100,100085,100,99941,100
2019-06-28 09:33:34.142561341,100036,173,100024,173,100037,273,99993,173,100051,173,99989,173,100057,173,99987,173,100060,273,99970,173,100063,100,99954,100,100075,100,99951,100,100077,100,99948,100,100083,100,99945,100,100085,100,99941,100
2019-06-28 09:33:36.626630400,100035,100,100024,173,100036,173,99993,173,100037,273,99989,173,100051,173,99987,173,100057,173,99970,173,100060,173,99954,100,100063,100,99951,100,100075,100,99948,100,100077,100,99945,100,100083,100,99941,100
2019-06-28 09:33:40.000000000,100035,283,100024,283,100036,283,99993,283,100037,200,99989,100,100051,100,99987,100,100057,100,99970,100,100060,100,99954,100,100063,100,99951,100,100075,100,99948,100,100077,100,99945,100,100083,100,99941,100
2019-06-28 09:33:44.335476552,100035,283,100024,283,100036,283,100003,100,100037,200,99993,283,100051,100,99989,100,100057,100,99987,100,100060,100,99970,100,100063,100,99954,100,100075,100,99951,100,100077,100,99948,100,100083,100,99945,100
2019-06-28 09:33:44.496591996,100035,283,100024,283,100036,283,100003,100,100037,100,99993,283,100051,100,99989,100,100057,100,99987,100,100060,100,99970,100,100063,100,99954,100,100075,100,99951,100,100077,100,99948,100,100083,100,99945,100
2019-06-28 09:33:50.000000000,100035,173,100024,173,100036,173,100003,173,100037,173,99993,173,100051,173,99989,173,100057,173,99987,173,100060,100,99970,100,100063,100,99954,100,100075,100,99951,100,100077,100,99948,100,100083,100,99945,100
2019-06-28 09:33:56.642665842,100035,173,100024,73,100036,173,100003,173,100037,173,99993,173,100051,173,99989,173,100057,173,99987,173,100060,100,99970,100,100063,100,99954,100,100075,100,99951,100,100077,100,99948,100,100083,100,99945,100
2019-06-28 09:34:00.000000000,100035,192,100003,192,100036,192,99993,192,100037,192,99989,192,100051,192,99987,192,100057,100,99970,100,100060,100,99954,100,100063,100,99951,100,100075,100,99948,100,100077,100,99945,100,100083,100,99933,100
2019-06-28 09:34:02.804879210,100035,192,100003,192,100036,92,99993,192,100037,192,99989,192,100051,192,99987,192,100057,100,99970,100,100060,100,99954,100,100063,100,99951,100,100075,100,99948,100,100077,100,99945,100,100083,100,99933,100
2019-06-28 09:34:10.000000000,100035,173,100003,173,100037,173,99993,173,100051,173,99989,173,100057,173,99987,173,100060,173,99970,173,100063,100,99954,100,100075,100,99951,100,100077,100,99948,100,100083,100,99945,100,100085,100,99933,100
2019-06-28 09:34:20.000000000,100035,173,100003,173,100037,173,99993,173,100051,173,99989,173,100057,173,99987,173,100060,173,99970,173,100063,100,99954,100,100075,100,99951,100,100077,100,99948,100,100083,100,99945,100,100085,100,99933,100
2019-06-28 09:34:29.082578526,100035,173,100003,73,100037,173,99993,173,100051,173,99989,173,100057,173,99987,173,100060,173,99970,173,100063,100,99954,100,100075,100,99951,100,100077,100,99948,100,100083,100,99945,100,100085,100,99933,100
2019-06-28 09:34:30.000000000,100035,283,99993,283,100037,283,99989,283,100051,100,99987,100,100057,100,99970,100,100060,100,99954,100,100063,100,99951,100,100075,100,99948,100,100077,100,99945,100,100083,100,99933,100,100085,100,99931,100
2019-06-28 09:34:40.000000000,100035,192,99993,192,100037,192,99989,192,100051,192,99987,192,100057,192,99970,192,100060,100,99954,100,100063,100,99951,100,100075,100,99948,100,100077,100,99945,100,100083,100,99933,100,100085,100,99931,100
2019-06-28 09:34:50.000000000,100035,466,99993,466,100037,100,99989,100,100051,100,99987,100,100057,100,99970,100,100060,100,99954,100,100063,100,99951,100,100075,100,99948,100,100077,100,99945,100,100083,100,99933,100,100085,100,99931,100
2019-06-28 09:34:50.088112298,100035,466,99993,466,100037,100,99989,100,100051,100,99987,100,100057,100,99979,100,100060,100,99970,100,100063,100,99954,100,100075,100,99951,100,100077,100,99948,100,100083,100,99945,100,100085,100,99933,100
2019-06-28 09:34:56.949761197,100035,466,99993,466,100037,100,99989,100,100051,100,99987,100,100057,100,99979,100,100060,100,99970,100,100063,100,99954,100,100075,100,99951,100,100077,100,99948,100,100083,100,99945,100,100085,100,99933,100
2019-06-28 09:35:00.000000000,100035,283,99993,283,100037,283,99989,283,100051,100,99987,100,100057,100,99979,100,100060,100,99970,100,100063,100,99954,100,100075,100,99951,100,100077,100,99948,100,100083,100,99945,100,100085,100,99933,100
2019-06-28 09:35:10.000000000,100035,283,99993,283,100037,283,99989,283,100051,100,99987,100,100057,100,99979,100,100060,100,99970,100,100063,100,99954,100,100075,100,99951,100,100077,100,99948,100,100083,100,99945,100,100085,100,99933,100
2019-06-28 09:35:20.000000000,100035,466,99993,466,100037,100,99989,100,100051,100,99987,100,100057,100,99979,100,100060,100,99970,100,100063,100,99954,100,100075,100,99951,100,100077,100,99948,100,100083,100,99945,100,100085,100,99933,100
2019-06-28 09:35:30.000000000,100035,173,99993,173,100037,173,99989,173,100051,173,99987,173,100057,173,99979,173,100060,173,99970,173,100063,100,99954,100,100075,100,99951,100,100077,100,99948,100,100083,100,99945,100,100085,100,99933,100
2019-06-28 09:35:40.000000000,100035,173,99993,173,100037,173,99989,173,100051,173,99987,173,100057,173,99979,173,100060,173,99970,173,100063,100,99954,100,100075,100,99951,100,100077,100,99948,100,100083,100,99945,100,100085,100,99933,100
2019-06-28 09:35:50.000000000,100035,283,99993,283,100037,283,99989,283,100051,100,99987,100,100057,100,99979,100,100060,100,99970,100,100063,100,99954,100,100075,100,99951,100,100077,100,99948,100,100083,100,99945,100,100085,100,99933,100
2019-06-28 09:36:00.000000000,100035,224,99993,224,100037,221,99989,221,100051,221,99987,221,100057,100,99979,100,100060,100,99970,100,100063,100,99954,100,100075,100,99951,100,100077,100,99948,100,100083,100,99945,100,100085,100,99933,100
2019-06-28 09:36:06.154434813,100035,224,100025,100,100037,221,99993,224,100051,221,99989,221,100057,100,99987,221,100060,100,99979,100,100063,100,99970,100,100075,100,99954,100,100077,100,99951,100,100083,100,99948,100,100085,100,99945,100
2019-06-28 09:36:10.000000000,100035,224,100025,224,100037,221,99993,221,100051,221,99989,221,100057,100,99987,100,100060,100,99979,100,100063,100,99970,100,100075,100,99954,100,100077,100,99951,100,100083,100,99948,100,100085,100,99945,100
2019-06-28 09:36:20.000000000,100035,173,100025,173,100037,173,99993,173,100051,173,99989,173,100057,173,99987,173,100060,173,99979,173,100063,100,99970,100,100075,100,99954,100,100077,100,99951,100,100083,100,99948,100,100085,100,99945,100
2019-06-28 09:36:30.000000000,100035,192,100025,192,100037,192,99993,192,100051,192,99989,192,100057,192,99987,192,100060,100,99979,100,100063,100,99970,100,100075,100,99954,100,100077,100,99951,100,100083,100,99948,100,100085,100,99945,100
2019-06-28 09:36:40.000000000,100035,173,100025,173,100037,173,99993,173,100051,173,99989,173,100057,173,99987,173,100060,173,99979,173,100063,100,99970,100,100075,100,99954,100,100077,100,99951,100,100083,100,99948,100,100085,100,99945,100
2019-06-28 09:36:43.017689838,100035,173,100025,173,100037,173,99993,173,100051,173,99989,173,100057,173,99987,173,100060,173,99979,173,100063,100,99970,100,100075,100,99954,100,100077,100,99951,100,100083,100,99948,100,100085,100,99945,100
2019-06-28 09:36:50.000000000,100035,224,100025,224,100037,221,99993,221,100051,221,99989,221,100057,100,99987,100,100060,100,99979,100,100063,100,99970,100,100075,100,99954,100,100077,100,99951,100,100083,100,99948,100,100085,100,99945,100
2019-06-28 09:37:00.000000000,100035,192,100025,192,100037,192,99993,192,100051,192,99989,192,100057,192,99987,192,100060,100,99979,100,100063,100,99970,100,100075,100,99954,100,100077,100,99951,100,100083,100,99948,100,100085,100,99945,100
2019-06-28 09:37:01.992872018,100035,92,100025,192,100037,192,99993,192,100051,192,99989,192,100057,192,99987,192,100060,100,99979,100,100063,100,99970,100,100075,100,99954,100,100077,100,99951,100,100083,100,99948,100,100085,100,99945,100
2019-06-28 09:37:06.334231009,100035,92,100025,192,100037,192,99993,192,100051,192,99989,192,100057,192,99987,192,100060,100,99979,100,100063,100,99970,100,100075,100,99954,100,100077,100,99951,100,100083,100,99948,100,100085,100,99945,100
2019-06-28 09:37:10.000000000,100037,173,100025,173,100051,173,99993,173,100057,173,99989,173,100060,173,99987,173,100063,173,99979,173,100075,100,99970,100,100077,100,99954,100,100083,100,99951,100,100085,100,99948,100,100087,100,99945,100
2019-06-28 09:37:11.223784719,100037,173,100025,173,100051,173,99993,173,100057,173,99989,173,100060,173,99987,173,100063,173,99979,173,100075,100,99970,100,100077,100,99954,100,100083,100,99951,100,100085,100,99948,100,100087,100,99945,100
2019-06-28 09:37:18.989877590,100037,173,100025,173,100051,173,99993,173,100057,173,99989,173,100060,173,99987,173,100063,173,99979,173,100075,100,99970,100,100077,100,99954,100,100083,100,99951,100,100085,100,99948,100,100087,100,99945,100
2019-06-28 09:37:20.000000000,100037,466,100025,466,100051,100,99993,100,100057,100,99989,100,100060,100,99987,100,100063,100,99979,100,100075,100,99970,100,100077,100,99954,100,100083,100,99951,100,100085,100,99948,100,100087,100,99945,100
2019-06-28 09:37:30.000000000,100037,466,100025,466,100051,100,99993,100,100057,100,99989,100,100060,100,99987,100,100063,100,99979,100,100075,100,99970,100,100077,100,99954,100,100083,100,99951,100,100085,100,99948,100,100087,100,99945,100
2019-06-28 09:37:37.592683709,100037,366,100025,466,100051,100,99993,100,100057,100,99989,100,100060,100,99987,100,100063,100,99979,100,100075,100,99970,100,100077,100,99954,100,100083,100,99951,100,100085,100,99948,100,100087,100,99945,100
2019-06-28 09:37:40.000000000,100051,173,100025,173,100057,173,99993,173,100060,173,99989,173,100063,173,99987,173,100075,173,99979,173,100077,100,99970,100,100083,100,99954,100,100085,100,99951,100,100087,100,99948,100,100105,100,99945,100
2019-06-28 09:37:50.000000000,100051,192,100025,192,100057,192,99993,192,100060,192,99989,192,100063,192,99987,192,100075,100,99979,100,100077,100,99970,100,100083,100,99954,100,100085,100,99951,100,100087,100,99948,100,100105,100,99945,100
2019-06-28 09:37:58.466946171,100051,192,100025,192,100057,192,99993,192,100060,192,99989,192,100063,192,99987,192,100075,100,99979,100,100077,100,99970,100,100083,100,99954,100,100085,100,99951,100,100087,100,99948,100,100105,100,99945,100
2019-06-28 09:38:00.000000000,100051,224,100025,224,100057,221,99993,221,100060,221,99989,221,100063,100,99987,100,100075,100,99979,100,100077,100,99970,100,100083,100,99954,100,100085,100,99951,100,100087,100,99948,100,100105,100,99945,100
2019-06-28 09:38:03.258851863,100051,124,100025,224,100057,221,99993,221,100060,221,99989,221,100063,100,99987,100,100075,100,99979,100,100077,100,99954,100,100083,100,99951,100,100085,100,99948,100,100087,100,99945,100,100105,100,99933,100
2019-06-28 09:38:04.967843264,100051,24,100025,224,100057,221,99993,221,100060,221,99989,221,100063,100,99987,100,100075,100,99979,100,100077,100,99954,100,100083,100,99951,100,100085,100,99948,100,100087,100,99945,100,100105,100,99933,100
2019-06-28 09:38:07.469467692,100057,221,100051,76,100060,221,100025,224,100063,100,99993,221,100075,100,99989,221,100077,100,99987,100,100083,100,99979,100,100085,100,99954,100,100087,100,99951,100,100105,100,99948,100,100110,100,99945,100
2019-06-28 09:38:10.000000000,100057,224,100051,200,100060,221,100025,221,100063,221,99993,221,100075,100,99989,100,100077,100,99987,100,100083,100,99979,100,100085,100,99954,100,100087,100,99951,100,100105,100,99948,100,100110,100,99945,100
2019-06-28 09:38:17.854472800,100057,124,100051,200,100060,221,100025,221,100063,221,99993,221,100075,100,99989,100,100077,100,99987,100,100083,100,99979,100,100085,100,99954,100,100087,100,99951,100,100105,100,99948,100,100110,100,99945,100
2019-06-28 09:38:20.000000000,100060,192,100051,168,100063,192,100025,192,100075,192,99993,192,100077,192,99989,192,100083,100,99987,100,100085,100,99979,100,100087,100,99954,100,100105,100,99951,100,100110,100,99948,100,100131,100,99945,100
2019-06-28 09:38:25.431991689,100060,192,100051,168,100063,192,100025,192,100075,192,99993,192,100077,192,99989,192,100083,100,99987,100,100085,100,99979,100,100105,100,99954,100,100110,100,99951,100,100131,100,99948,100,100137,100,99945,100
2019-06-28 09:38:30.000000000,100060,283,100051,259,100063,283,100025,283,100075,100,99993,100,100077,100,99989,100,100083,100,99987,100,100085,100,99979,100,100105,100,99954,100,100110,100,99951,100,100131,100,99948,100,100137,100,99945,100
2019-06-28 09:38:40.000000000,100060,192,100051,168,100063,192,100025,192,100075,192,99993,192,100077,192,99989,192,100083,100,99987,100,100085,100,99979,100,100105,100,99954,100,100110,100,99951,100,100131,100,99948,100,100137,100,99945,100
2019-06-28 09:38:50.000000000,100060,466,100051,442,100063,100,100025,100,100075,100,99993,100,100077,100,99989,100,100083,100,99987,100,100085,100,99979,100,100105,100,99954,100,100110,100,99951,100,100131,100,99948,100,100137,100,99945,100
2019-06-28 09:39:00.000000000,100060,466,100051,442,100063,100,100025,100,100075,100,99993,100,100077,100,99989,100,100083,100,99987,100,100085,100,99979,100,100105,100,99954,100,100110,100,99951,100,100131,100,99948,100,100137,100,99945,100
2019-06-28 09:39:10.000000000,100060,224,100051,200,100063,221,100025,221,100075,221,99993,221,100077,100,99989,100,100083,100,99987,100,100085,100,99979,100,100105,100,99954,100,100110,100,99951,100,100131,100,99948,100,100137,100,99945,100
2019-06-28 09:39:20.000000000,100060,192,100051,168,100063,192,100025,192,100075,192,99993,192,100077,192,99989,192,100083,100,99987,100,100085,100,99979,100,100105,100,99954,100,100110,100,99951,100,100131,100,99948,100,100137,100,99945,100
2019-06-28 09:39:30.000000000,100060,224,100051,200,100063,221,100025,221,100075,221,99993,221,100077,100,99989,100,100083,100,99987,100,100085,100,99979,100,100105,100,99954,100,100110,100,99951,100,100131,100,99948,100,100137,100,99945,100
2019-06-28 09:39:31.790992005,100060,224,100051,200,100063,221,100025,221,100075,221,99993,221,100077,100,99989,100,100083,100,99987,100,100085,100,99979,100,100105,100,99954,100,100110,100,99951,100,100131,100,99948,100,100137,100,99945,100
2019-06-28 09:39:36.643898414,100060,124,100051,200,100063,221,100025,221,100075,221,99993,221,100077,100,99989,100,100083,100,99987,100,100085,100,99979,100,100105,100,99954,100,100110,100,99951,100,100131,100,99945,100,100137,100,99933,100
2019-06-28 09:39:37.739795404,100060,124,100051,200,100063,221,100025,221,100075,221,99993,221,100077,100,99989,100,100083,100,99987,100,100085,100,99979,100,100105,100,99954,100,100110,100,99951,100,100131,100,99933,100,100137,100,99931,100
2019-06-28 09:39:40.000000000,100063,283,100051,259,100075,283,100025,283,100077,100,99993,100,100083,100,99989,100,100085,100,99987,100,100105,100,99979,100,100110,100,99954,100,100131,100,99951,100,100137,100,99933,100,100154,100,99931,100
2019-06-28 09:39:50.000000000,100063,466,100051,442,100075,100,100025,100,100077,100,99993,100,100083,100,99989,100,100085,100,99987,100,100105,100,99979,100,100110,100,99954,100,100131,100,99951,100,100137,100,99933,100,100154,100,99931,100
2019-06-28 09:39:52.978007195,100063,466,100051,442,100075,100,100025,100,100077,100,99993,100,100083,100,99989,100,100085,100,99987,100,100110,100,99979,100,100131,100,99954,100,100137,100,99951,100,100154,100,99933,100,100179,100,99931,100
2019-06-28 09:40:00.000000000,100063,192,100051,168,100075,192,100025,192,100077,192,99993,192,100083,192,99989,192,100085,100,99987,100,100110,100,99979,100,100131,100,99954,100,100137,100,99951,100,100154,100,99933,100,100179,100,99931,100
2019-06-28 09:40:10.000000000,100063,173,100051,149,100075,173,100025,173,100077,173,99993,173,100083,173,99989,173,100085,173,99987,173,100110,100,99979,100,100131,100,99954,100,100137,100,99951,100,100154,100,99933,100,100179,100,99931,100
2019-06-28 09:40:16.250577176,100063,173,100057,100,100075,173,100051,149,100077,173,100025,173,100083,173,99993,173,100085,173,99989,173,100110,100,99987,173,100131,100,99979,100,100137,100,99954,100,100154,100,99951,100,100179,100,99933,100
2019-06-28 09:40:20.000000000,100063,224,100057,224,100075,221,100051,197,100077,221,100025,221,100083,100,99993,100,100085,100,99989,100,100110,100,99987,100,100131,100,99979,100,100137,100,99954,100,100154,100,99951,100,100179,100,99933,100
2019-06-28 09:40:23.198918026,100063,124,100057,224,100075,221,100051,197,100077,221,100025,221,100083,100,99993,100,100085,100,99989,100,100110,100,99987,100,100131,100,99979,100,100137,100,99954,100,100154,100,99951,100,100179,100,99933,100
2019-06-28 09:40:30.000000000,100075,283,100057,283,100077,283,100051,259,100083,100,100025,100,100085,100,99993,100,100110,100,99989,100,100131,100,99987,100,100137,100,99979,100,100154,100,99954,100,100179,100,99951,100,100183,100,99933,100
2019-06-28 09:40:40.000000000,100075,224,100057,224,100077,221,100051,197,100083,221,100025,221,100085,100,99993,100,100110,100,99989,100,100131,100,99987,100,100137,100,99979,100,100154,100,99954,100,100179,100,99951,100,100183,100,99933,100
2019-06-28 09:40:50.000000000,100075,192,100057,192,100077,192,100051,168,100083,192,100025,192,100085,192,99993,192,100110,100,99989,100,100131,100,99987,100,100137,100,99979,100,100154,100,99954,100,100179,100,99951,100,100183,100,99933,100
2019-06-28 09:41:00.000000000,100075,192,100057,192,100077,192,100051,168,100083,192,100025,192,100085,192,99993,192,100110,100,99989,100,100131,100,99987,100,100137,100,99979,100,100154,100,99954,100,100179,100,99951,100,100183,100,99933,100
2019-06-28 09:41:10.000000000,100075,224,100057,224,100077,221,100051,197,100083,221,100025,221,100085,100,99993,100,100110,100,99989,100,100131,100,99987,100,100137,100,99979,100,100154,100,99954,100,100179,100,99951,100,100183,100,99933,100
2019-06-28 09:41:20.000000000,100075,173,100057,173,100077,173,100051,149,100083,173,100025,173,100085,173,99993,173,100110,173,99989,173,100131,100,99987,100,100137,100,99979,100,100154,100,99954,100,100179,100,99951,100,100183,100,99933,100
2019-06-28 09:41:30.000000000,100075,173,100057,173,100077,173,100051,149,100083,173,100025,173,100085,173,99993,173,100110,173,99989,173,100131,100,99987,100,100137,100,99979,100,100154,100,99954,100,100179,100,99951,100,100183,100,99933,100
2019-06-28 09:41:36.413047637,100075,173,100057,173,100077,173,100051,149,100083,173,100025,173,100085,173,99993,173,100110,173,99989,173,100131,100,99987,100,100137,100,99979,100,100154,100,99954,100,100179,100,99951,100,100183,100,99933,100
2019-06-28 09:41:40.000000000,100075,466,100057,466,100077,100,100051,76,100083,100,100025,100,100085,100,99993,100,100110,100,99989,100,100131,100,99987,100,100137,100,99979,100,100154,100,99954,100,100179,100,99951,100,100183,100,99933,100
2019-06-28 09:41:41.174738910,100075,466,100057,466,100077,100,100051,76,100083,100,100025,100,100085,100,99993,100,100110,100,99989,100,100131,100,99987,100,100154,100,99979,100,100179,100,99954,100,100183,100,99951,100,100476,100,99933,100
2019-06-28 09:41:46.729764916,100075,466,100057,466,100077,100,100051,76,100083,100,100025,100,100085,100,99993,100,100110,100,99989,100,100131,100,99987,100,100179,100,99979,100,100183,100,99954,100,100476,100,99951,100,100540,100,99933,100
2019-06-28 09:41:46.746135963,100075,466,100057,466,100077,100,100051,76,100083,100,100025,100,100085,100,99993,100,100110,100,99989,100,100131,100,99987,100,100179,100,99979,100,100183,100,99954,100,100476,100,99951,100,100540,100,99933,100
2019-06-28 09:41:50.000000000,100075,224,100057,224,100077,221,100051,197,100083,221,100025,221,100085,100,99993,100,100110,100,99989,100,100131,100,99987,100,100179,100,99979,100,100183,100,99954,100,100476,100,99951,100,100540,100,99933,100
2019-06-28 09:42:00.000000000,100075,283,100057,283,100077,283,100051,259,100083,100,100025,100,100085,100,99993,100,100110,100,99989,100,100131,100,99987,100,100179,100,99979,100,100183,100,99954,100,100476,100,99951,100,100540,100,99933,100
2019-06-28 09:42:07.733994240,100075,283,100057,283,100077,283,100051,259,100083,100,100025,100,100085,100,99993,100,100110,100,99989,100,100131,100,99987,100,100179,100,99979,100,100183,100,99954,100,100476,100,99951,100,100540,100,99933,100
2019-06-28 09:42:10.000000000,100075,283,100057,283,100077,283,100051,259,100083,100,100025,100,100085,100,99993,100,100110,100,99989,100,100131,100,99987,100,100179,100,99979,100,100183,100,99954,100,100476,100,99951,100,100540,100,99933,100
2019-06-28 09:42:14.932021128,100075,183,100057,283,100077,283,100051,259,100083,100,100025,100,100085,100,99993,100,100110,100,99989,100,100131,100,99987,100,100179,100,99979,100,100183,100,99954,100,100476,100,99951,100,100540,100,99933,100
2019-06-28 09:42:17.791787532,100075,183,100063,100,100077,283,100057,283,100083,100,100051,259,100085,100,100025,100,100110,100,99993,100,100131,100,99989,100,100179,100,99987,100,100183,100,99979,100,100476,100,99954,100,100540,100,99951,100
2019-06-28 09:42:20.000000000,100077,224,100063,224,100083,221,100057,221,100085,221,100051,197,100110,100,100025,100,100131,100,99993,100,100179,100,99989,100,100183,100,99987,100,100476,100,99979,100,100540,100,99954,100,100568,100,99951,100
2019-06-28 09:42:23.721150436,100077,224,100063,324,100083,221,100057,221,100085,221,100051,197,100110,100,100025,100,100131,100,99993,100,100179,100,99989,100,100183,100,99987,100,100476,100,99979,100,100540,100,99954,100,100568,100,99951,100
2019-06-28 09:42:27.875425685,100077,224,100063,324,100083,221,100057,221,100085,221,100051,197,100110,100,100025,100,100131,100,99993,100,100179,100,99989,100,100183,100,99987,100,100239,100,99979,100,100476,100,99954,100,100540,100,99951,100
2019-06-28 09:42:29.143470886,100077,224,100063,424,100083,221,100057,221,100085,221,100051,197,100110,100,100025,100,100131,100,99993,100,100179,100,99989,100,100183,100,99987,100,100239,100,99979,100,100476,100,99954,100,100540,100,99951,100
2019-06-28 09:42:30.000000000,100077,173,100063,373,100083,173,100057,173,100085,173,100051,149,100110,173,100025,173,100131,173,99993,173,100179,100,99989,100,100183,100,99987,100,100239,100,99979,100,100476,100,99954,100,100540,100,99951,100
2019-06-28 09:42:40.000000000,100077,466,100063,666,100083,100,100057,100,100085,100,100051,76,100110,100,100025,100,100131,100,99993,100,100179,100,99989,100,100183,100,99987,100,100239,100,99979,100,100476,100,99954,100,100540,100,99951,100
2019-06-28 09:42:50.000000000,100077,466,100063,666,100083,100,100057,100,100085,100,100051,76,100110,100,100025,100,100131,100,99993,100,100179,100,99989,100,100183,100,99987,100,100239,100,99979,100,100476,100,99954,100,100540,100,99951,100
2019-06-28 09:43:00.000000000,100077,224,100063,424,100083,221,100057,221,100085,221,100051,197,100110,100,100025,100,100131,100,99993,100,100179,100,99989,100,100183,100,99987,100,100239,100,99979,100,100476,100,99954,100,100540,100,99951,100
2019-06-28 09:43:08.697423472,100077,124,100063,424,100083,221,100057,221,100085,221,100051,197,100110,100,100025,100,100131,100,99993,100,100179,100,99989,100,100183,100,99987,100,100239,100,99979,100,100476,100,99954,100,100540,100,99933,100
2019-06-28 09:43:08.722868643,100077,124,100063,424,100083,221,100057,221,100085,221,100051,197,100110,100,100025,100,100131,100,99993,100,100179,100,99989,100,100183,100,99987,100,100239,100,99979,100,100476,100,99954,100,100540,100,99933,100
2019-06-28 09:43:10.000000000,100083,192,100063,392,100085,192,100057,192,100110,192,100051,168,100131,192,100025,192,100179,100,99993,100,100183,100,99989,100,100239,100,99987,100,100476,100,99979,100,100540,100,99954,100,100568,100,99933,100
2019-06-28 09:43:12.132071074,100083,92,100063,392,100085,192,100057,192,100110,192,100051,168,100131,192,100025,192,100179,100,99993,100,100183,100,99989,100,100239,100,99979,100,100476,100,99954,100,100540,100,99933,100,100568,100,99931,100
2019-06-28 09:43:20.000000000,100085,224,100063,424,100110,221,100057,221,100131,221,100051,197,100179,100,100025,100,100183,100,99993,100,100239,100,99989,100,100476,100,99979,100,100540,100,99954,100,100568,100,99933,100,100672,100,99931,100
2019-06-28 09:43:30.000000000,100085,192,100063,392,100110,192,100057,192,100131,192,100051,168,100179,192,100025,192,100183,100,99993,100,100239,100,99989,100,100476,100,99979,100,100540,100,99954,100,100568,100,99933,100,100672,100,99931,100
2019-06-28 09:43:33.921341424,100085,192,100077,100,100110,192,100063,392,100131,192,100057,192,100179,192,100051,168,100183,100,100025,192,100239,100,99993,100,100476,100,99989,100,100540,100,99979,100,100568,100,99954,100,100672,100,99933,100
2019-06-28 09:43:40.000000000,100085,283,100077,283,100110,283,100063,483,100131,100,100057,100,100179,100,100051,76,100183,100,100025,100,100239,100,99993,100,100476,100,99989,100,100540,100,99979,100,100568,100,99954,100,100672,100,99933,100
2019-06-28 09:43:50.000000000,100085,192,100077,192,100110,192,100063,392,100131,192,100057,192,100179,192,100051,168,100183,100,100025,100,100239,100,99993,100,100476,100,99989,100,100540,100,99979,100,100568,100,99954,100,100672,100,99933,100
2019-06-28 09:43:53.823587740,100085,192,100077,192,100110,192,100063,392,100131,192,100057,192,100179,192,100051,168,100183,100,100025,100,100239,100,99993,100,100310,100,99989,100,100476,100,99979,100,100540,100,99954,100,100568,100,99933,100
2019-06-28 09:44:00.000000000,100085,466,100077,466,100110,100,100063,300,100131,100,100057,100,100179,100,100051,76,100183,100,100025,100,100239,100,99993,100,100310,100,99989,100,100476,100,99979,100,100540,100,99954,100,100568,100,99933,100
2019-06-28 09:44:10.000000000,100085,173,100077,173,100110,173,100063,373,100131,173,100057,173,100179,173,100051,149,100183,173,100025,173,100239,100,99993,100,100310,100,99989,100,100476,100,99979,100,100540,100,99954,100,100568,100,99933,100
2019-06-28 09:44:14.182646847,100085,173,100077,173,100110,173,100063,373,100131,173,100057,173,100179,173,100051,149,100183,173,100025,173,100239,100,100002,100,100310,100,99993,100,100476,100,99989,100,100540,100,99979,100,100568,100,99954,100
2019-06-28 09:44:20.000000000,100085,283,100077,283,100110,283,100063,483,100131,100,100057,100,100179,100,100051,76,100183,100,100025,100,100239,100,100002,100,100310,100,99993,100,100476,100,99989,100,100540,100,99979,100,100568,100,99954,100
2019-06-28 09:44:30.000000000,100085,173,100077,173,100110,173,100063,373,100131,173,100057,173,100179,173,100051,149,100183,173,100025,173,100239,100,100002,100,100310,100,99993,100,100476,100,99989,100,100540,100,99979,100,100568,100,99954,100
2019-06-28 09:44:40.000000000,100085,466,100077,466,100110,100,100063,300,100131,100,100057,100,100179,100,100051,76,100183,100,100025,100,100239,100,100002,100,100310,100,99993,100,100476,100,99989,100,100540,100,99979,100,100568,100,99954,100
2019-06-28 09:44:42.592853133,100085,466,100077,366,100110,100,100063,300,100131,100,100057,100,100179,100,100051,76,100183,100,100025,100,100239,100,100002,100,100310,100,99993,100,100476,100,99989,100,100540,100,99979,100,100568,100,99954,100
2019-06-28 09:44:45.847726642,100085,466,100078,100,100110,100,100077,366,100131,100,100063,300,100179,100,100057,100,100183,100,100051,76,100239,100,100025,100,100310,100,100002,100,100476,100,99993,100,100540,100,99989,100,100568,100,99979,100
2019-06-28 09:44:46.231648106,100085,366,100078,100,100110,100,100077,366,100131,100,100063,300,100179,100,100057,100,100183,100,100051,76,100239,100,100025,100,100310,100,100002,100,100476,100,99993,100,100540,100,99989,100,100568,100,99979,100
2019-06-28 09:44:47.622632942,100085,366,100078,100,100110,100,100077,366,100131,100,100063,300,100179,100,100057,100,100183,100,100051,76,100239,100,100025,100,100310,100,100002,100,100476,100,99993,100,100540,100,99989,100,100568,100,99979,100
2019-06-28 09:44:50.000000000,100110,224,100078,224,100131,221,100063,421,100179,221,100057,221,100183,100,100051,76,100239,100,100025,100,100310,100,100002,100,100476,100,99993,100,100540,100,99989,100,100568,100,99979,100,100672,100,99954,100
2019-06-28 09:45:00.000000000,100110,173,100078,173,100131,173,100063,373,100179,173,100057,173,100183,173,100051,149,100239,173,100025,173,100310,100,100002,100,100476,100,99993,100,100540,100,99989,100,100568,100,99979,100,100672,100,99954,100
2019-06-28 09:45:10.000000000,100110,283,100078,283,100131,283,100063,483,100179,100,100057,100,100183,100,100051,76,100239,100,100025,100,100310,100,100002,100,100476,100,99993,100,100540,100,99989,100,100568,100,99979,100,100672,100,99954,100
2019-06-28 09:45:20.000000000,100110,192,100078,192,100131,192,100063,392,100179,192,100057,192,100183,192,100051,168,100239,100,100025,100,100310,100,100002,100,100476,100,99993,100,100540,100,99989,100,100568,100,99979,100,100672,100,99954,100
2019-06-28 09:45:20.468727879,100110,192,100078,192,100131,192,100077,100,100179,192,100063,392,100183,192,100057,192,100239,100,100051,168,100310,100,100025,100,100476,100,100002,100,100540,100,99993,100,100568,100,99989,100,100672,100,99979,100
2019-06-28 09:45:24.831409737,100110,192,100078,192,100131,192,100077,100,100179,192,100063,392,100183,192,100057,192,100206,100,100051,168,100239,100,100025,100,100310,100,100002,100,100476,100,99993,100,100540,100,99989,100,100568,100,99979,100
2019-06-28 09:45:30.000000000,100110,173,100078,173,100131,173,100077,173,100179,173,100063,373,100183,173,100057,173,100206,173,100051,149,100239,100,100025,100,100310,100,100002,100,100476,100,99993,100,100540,100,99989,100,100568,100,99979,100
2019-06-28 09:45:40.000000000,100110,173,100078,173,100131,173,100077,173,100179,173,100063,373,100183,173,100057,173,100206,173,100051,149,100239,100,100025,100,100310,100,100002,100,100476,100,99993,100,100540,100,99989,100,100568,100,99979,100
2019-06-28 09:45:49.200355626,100110,73,100078,173,100131,173,100077,173,100179,173,100063,373,100183,173,100057,173,100206,173,100051,149,100239,100,100025,100,100310,100,100002,100,100540,100,99993,100,100568,100,99989,100,100672,100,99979,100
2019-06-28 09:45:50.000000000,100131,224,100078,224,100179,221,100077,221,100183,221,100063,421,100206,100,100057,100,100239,100,100051,76,100310,100,100025,100,100540,100,100002,100,100568,100,99993,100,100672,100,99989,100,100764,100,99979,100
2019-06-28 09:45:51.114635016,100131,224,100085,100,100179,221,100078,224,100183,221,100077,221,100206,100,100063,321,100239,100,100057,100,100310,100,100051,76,100540,100,100025,100,100568,100,100002,100,100672,100,99993,100,100764,100,99989,100
2019-06-28 09:46:00.000000000,100131,283,100085,283,100179,283,100078,283,100183,100,100077,100,100206,100,100063,200,100239,100,100057,100,100310,100,100051,76,100540,100,100025,100,100568,100,100002,100,100672,100,99993,100,100764,100,99989,100
2019-06-28 09:46:10.000000000,100131,173,100085,173,100179,173,100078,173,100183,173,100077,173,100206,173,100063,273,100239,173,100057,173,100310,100,100051,76,100540,100,100025,100,100568,100,100002,100,100672,100,99993,100,100764,100,99989,100
2019-06-28 09:46:20.000000000,100131,466,100085,466,100179,100,100078,100,100183,100,100077,100,100206,100,100063,200,100239,100,100057,100,100310,100,100051,76,100540,100,100025,100,100568,100,100002,100,100672,100,99993,100,100764,100,99989,100
2019-06-28 09:46:30.000000000,100131,173,100085,173,100179,173,100078,173,100183,173,100077,173,100206,173,100063,273,100239,173,100057,173,100310,100,100051,76,100540,100,100025,100,100568,100,100002,100,100672,100,99993,100,100764,100,99989,100
2019-06-28 09:46:40.000000000,100131,173,100085,173,100179,173,100078,173,100183,173,100077,173,100206,173,100063,273,100239,173,100057,173,100310,100,100051,76,100540,100,100025,100,100568,100,100002,100,100672,100,99993,100,100764,100,99989,100
2019-06-28 09:46:50.000000000,100131,173,100085,173,100179,173,100078,173,100183,173,100077,173,100206,173,100063,273,100239,173,100057,173,100310,100,100051,76,100540,100,100025,100,100568,100,100002,100,100672,100,99993,100,100764,100,99989,100
2019-06-28 09:47:00.000000000,100131,192,100085,192,100179,192,100078,192,100183,192,100077,192,100206,192,100063,292,100239,100,100057,100,100310,100,100051,76,100540,100,100025,100,100568,100,100002,100,100672,100,99993,100,100764,100,99989,100
2019-06-28 09:47:06.225626506,100131,192,100085,192,100179,192,100078,192,100183,192,100077,192,100206,192,100063,292,100239,100,100057,100,100310,100,100051,76,100568,100,100025,100,100672,100,100002,100,100764,100,99993,100,100784,100,99989,100
2019-06-28 09:47:10.000000000,100131,224,100085,224,100179,221,100078,221,100183,221,100077,221,100206,100,100063,200,100239,100,100057,100,100310,100,100051,76,100568,100,100025,100,100672,100,100002,100,100764,100,99993,100,100784,100,99989,100
2019-06-28 09:47:20.000000000,100131,283,100085,283,100179,283,100078,283,100183,100,100077,100,100206,100,100063,200,100239,100,100057,100,100310,100,100051,76,100568,100,100025,100,100672,100,100002,100,100764,100,99993,100,100784,100,99989,100
2019-06-28 09:47:27.406181341,100131,183,100085,283,100179,283,100078,283,100183,100,100077,100,100206,100,100063,200,100239,100,100057,100,100310,100,100051,76,100568,100,100025,100,100672,100,100002,100,100764,100,99993,100,100784,100,99989,100
2019-06-28 09:47:27.676949794,100131,83,100085,283,100179,283,100078,283,100183,100,100077,100,100206,100,100063,200,100239,100,100057,100,100310,100,100051,76,100568,100,100025,100,100672,100,99993,100,100764,100,99989,100,100784,100,99979,100
2019-06-28 09:47:30.000000000,100179,283,100085,283,100183,283,100078,283,100206,100,100077,100,100239,100,100063,200,100310,100,100057,100,100568,100,100051,76,100672,100,100025,100,100764,100,99993,100,100784,100,99989,100,100857,100,99979,100
2019-06-28 09:47:40.000000000,100179,283,100085,283,100183,283,100078,283,100206,100,100077,100,100239,100,100063,200,100310,100,100057,100,100568,100,100051,76,100672,100,100025,100,100764,100,99993,100,100784,100,99989,100,100857,100,99979,100
2019-06-28 09:47:50.000000000,100179,173,100085,173,100183,173,100078,173,100206,173,100077,173,100239,173,100063,273,100310,173,100057,173,100568,100,100051,76,100672,100,100025,100,100764,100,99993,100,100784,100,99989,100,100857,100,99979,100
2019-06-28 09:47:55.045423569,100179,173,100131,100,100183,173,100085,173,100206,173,100078,173,100239,173,100077,173,100310,173,100063,273,100568,100,100057,73,100672,100,100051,76,100764,100,100025,100,100784,100,99993,100,100857,100,99989,100
2019-06-28 09:48:00.000000000,100179,283,100131,283,100183,283,100085,283,100206,100,100078,100,100239,100,100077,100,100310,100,100063,200,100568,100,100051,76,100672,100,100025,100,100764,100,99993,100,100784,100,99989,100,100857,100,99979,100
2019-06-28 09:48:00.658181272,100179,183,100131,283,100183,283,100085,283,100206,100,100078,100,100239,100,100077,100,100310,100,100063,200,100568,100,100051,76,100672,100,100025,100,100764,100,99993,100,100857,100,99989,100,100859,100,99979,100
2019-06-28 09:48:10.000000000,100183,224,100131,224,100206,221,100085,221,100239,221,100078,221,100310,100,100077,100,100568,100,100063,200,100672,100,100051,76,100764,100,100025,100,100857,100,99993,100,100859,100,99989,100,101006,100,99979,100
2019-06-28 09:48:11.985092730,100183,224,100132,100,100206,221,100131,224,100239,221,100085,221,100310,100,100078,221,100568,100,100077,100,100672,100,100063,200,100764,100,100051,76,100857,100,100025,100,100859,100,99993,100,101006,100,99989,100
2019-06-28 09:48:14.717269675,100183,224,100132,100,100206,221,100131,224,100239,221,100085,221,100310,100,100078,221,100568,100,100077,100,100672,100,100063,200,100764,100,100051,76,100857,100,100025,100,100859,100,99993,100,101006,100,99989,100
2019-06-28 09:48:20.000000000,100183,173,100132,173,100206,173,100131,173,100239,173,100085,173,100310,173,100078,173,100568,173,100077,173,100672,100,100063,200,100764,100,100051,76,100857,100,100025,100,100859,100,99993,100,101006,100,99989,100
2019-06-28 09:48:22.998232226,100183,73,100132,173,100206,173,100131,173,100239,173,100085,173,100310,173,100078,173,100568,173,100077,173,100672,100,100063,200,100764,100,100051,76,100857,100,100025,100,100859,100,99993,100,101006,100,99989,100
2019-06-28 09:48:30.000000000,100206,283,100132,283,100239,283,100131,283,100310,100,100085,100,100568,100,100078,100,100672,100,100077,100,100764,100,100063,200,100857,100,100051,76,100859,100,100025,100,101006,100,99993,100,101063,100,99989,100
2019-06-28 09:48:40.000000000,100206,173,100132,173,100239,173,100131,173,100310,173,100085,173,100568,173,100078,173,100672,173,100077,173,100764,100,100063,200,100857,100,100051,76,100859,100,100025,100,101006,100,99993,100,101063,100,99989,100
2019-06-28 09:48:43.295172173,100206,73,100132,173,100239,173,100131,173,100310,173,100085,173,100568,173,100078,173,100672,173,100077,173,100764,100,100063,200,100857,100,100051,76,101006,100,100025,100,101063,100,99993,100,101099,100,99989,100
2019-06-28 09:48:50.000000000,100239,283,100132,283,100310,283,100131,283,100568,100,100085,100,100672,100,100078,100,100764,100,100077,100,100857,100,100063,200,101006,100,100051,76,101063,100,100025,100,101099,100,99993,100,101244,100,99989,100
2019-06-28 09:49:00.000000000,100239,466,100132,466,100310,100,100131,100,100568,100,100085,100,100672,100,100078,100,100764,100,100077,100,100857,100,100063,200,101006,100,100051,76,101063,100,100025,100,101099,100,99993,100,101244,100,99989,100
2019-06-28 09:49:08.582641975,100239,466,100132,466,100310,100,100131,100,100568,100,100085,100,100672,100,100078,100,100764,100,100077,100,100857,100,100063,200,101006,100,100051,76,101063,100,100025,100,101099,100,99993,100,101244,100,99989,100
2019-06-28 09:49:10.000000000,100239,224,100132,224,100310,221,100131,221,100568,221,100085,221,100672,100,100078,100,100764,100,100077,100,100857,100,100063,200,101006,100,100051,76,101063,100,100025,100,101099,100,99993,100,101244,100,99989,100
2019-06-28 09:49:20.000000000,100239,192,100132,192,100310,192,100131,192,100568,192,100085,192,100672,192,100078,192,100764,100,100077,100,100857,100,100063,200,101006,100,100051,76,101063,100,100025,100,101099,100,99993,100,101244,100,99989,100
2019-06-28 09:49:30.000000000,100239,466,100132,466,100310,100,100131,100,100568,100,100085,100,100672,100,100078,100,100764,100,100077,100,100857,100,100063,200,101006,100,100051,76,101063,100,100025,100,101099,100,99993,100,101244,100,99989,100
2019-06-28 09:49:31.546080437,100239,466,100132,466,100310,100,100131,100,100568,100,100085,100,100672,100,100078,100,100764,100,100077,100,100857,100,100063,200,101006,100,100051,76,101063,100,100025,100,101099,100,99993,100,101170,100,99989,100
2019-06-28 09:49:33.698117320,100239,466,100132,466,100310,100,100131,100,100568,100,100085,100,100672,100,100078,100,100764,100,100077,100,100857,100,100063,200,101006,100,100051,76,101063,100,100025,100,101099,100,99993,100,101170,100,99989,100
2019-06-28 09:49:36.916183629,100239,366,100132,466,100310,100,100131,100,100568,100,100085,100,100672,100,100078,100,100764,100,100077,100,100857,100,100063,200,101006,100,100051,76,101063,100,100025,100,101099,100,99993,100,101170,100,99989,100
2019-06-28 09:49:40.000000000,100310,224,100132,224,100568,221,100131,221,100672,221,100085,221,100764,100,100078,100,100857,100,100077,100,101006,100,100063,200,101063,100,100051,76,101099,100,100025,100,101170,100,99993,100,101344,100,99989,100
2019-06-28 09:49:40.836261654,100310,124,100132,224,100568,221,100131,221,100672,221,100085,221,100764,100,100078,100,100857,100,100077,100,101006,100,100063,200,101063,100,100051,76,101099,100,100025,100,101170,100,99993,100,101344,100,99989,100
2019-06-28 09:49:50.000000000,100568,192,100132,192,100672,192,100131,192,100764,192,100085,192,100857,192,100078,192,101006,100,100077,100,101063,100,100063,200,101099,100,100051,76,101170,100,100025,100,101344,100,99993,100,101351,100,99989,100
2019-06-28 09:49:50.197500137,100568,92,100132,192,100672,192,100131,192,100764,192,100085,192,100857,192,100078,192,101006,100,100077,100,101063,100,100063,200,101099,100,100051,76,101170,100,100025,100,101344,100,99993,100,101351,100,99989,100
2019-06-28 09:50:00.000000000,100672,466,100132,466,100764,100,100131,100,100857,100,100085,100,101006,100,100078,100,101063,100,100077,100,101099,100,100063,200,101170,100,100051,76,101344,100,100025,100,101351,100,99993,100,101623,100,99989,100
2019-06-28 09:50:02.880395371,100672,466,100132,466,100764,100,100131,100,100857,100,100085,100,101006,100,100078,100,101063,100,100077,100,101099,100,100063,200,101170,100,100051,76,101344,100,100025,100,101351,100,99993,100,101381,100,99989,100
2019-06-28 09:50:05.836029656,100672,466,100132,466,100764,100,100131,100,100857,100,100085,100,101006,100,100078,100,101063,100,100077,100,101099,100,100063,200,101170,100,100051,76,101207,100,100025,100,101344,100,99993,100,101351,100,99989,100
2019-06-28 09:50:10.000000000,100672,173,100132,173,100764,173,100131,173,100857,173,100085,173,101006,173,100078,173,101063,173,100077,173,101099,100,100063,200,101170,100,100051,76,101207,100,100025,100,101344,100,99993,100,101351,100,99989,100
2019-06-28 09:50:20.000000000,100672,283,100132,283,100764,283,100131,283,100857,100,100085,100,101006,100,100078,100,101063,100,100077,100,101099,100,100063,200,101170,100,100051,76,101207,100,100025,100,101344,100,99993,100,101351,100,99989,100
2019-06-28 09:50:24.284213921,100672,283,100132,283,100764,283,100131,283,100857,100,100085,100,101006,100,100078,100,101063,100,100077,100,101099,100,100063,200,101207,100,100051,76,101344,100,100025,100,101351,100,99993,100,101381,100,99989,100
2019-06-28 09:50:30.000000000,100672,466,100132,466,100764,100,100131,100,100857,100,100085,100,101006,100,100078,100,101063,100,100077,100,101099,100,100063,200,101207,100,100051,76,101344,100,100025,100,101351,100,99993,100,101381,100,99989,100
2019-06-28 09:50:39.366689778,100672,366,100132,466,100764,100,100131,100,100857,100,100085,100,101006,100,100078,100,101063,100,100077,100,101099,100,100063,200,101207,100,100051,76,101344,100,100025,100,101351,100,99993,100,101381,100,99989,100
2019-06-28 09:50:40.000000000,100764,466,100132,466,100857,100,100131,100,101006,100,100085,100,101063,100,100078,100,101099,100,100077,100,101207,100,100063,200,101344,100,100051,76,101351,100,100025,100,101381,100,99993,100,101534,100,99989,100
2019-06-28 09:50:41.358563591,100764,366,100132,466,100857,100,100131,100,101006,100,100085,100,101063,100,100078,100,101099,100,100077,100,101207,100,100063,200,101344,100,100051,76,101351,100,100025,100,101381,100,99993,100,101534,100,99989,100
2019-06-28 09:50:43.587367279,100764,266,100132,466,100857,100,100131,100,101006,100,100085,100,101063,100,100078,100,101099,100,100077,100,101207,100,100063,200,101344,100,100051,76,101351,100,100025,100,101381,100,99993,100,101534,100,99989,100
2019-06-28 09:50:50.000000000,100857,173,100132,173,101006,173,100131,173,101063,173,100085,173,101099,173,100078,173,101207,173,100077,173,101344,100,100063,200,101351,100,100051,76,101381,100,100025,100,101534,100,99993,100,101623,100,99989,100
2019-06-28 09:50:50.747960780,100857,173,100132,173,101006,173,100131,173,101063,173,100085,173,101099,173,100078,173,101207,173,100077,173,101327,100,100063,200,101344,100,100051,76,101351,100,100025,100,101381,100,99993,100,101534,100,99989,100
2019-06-28 09:50:59.370543063,100857,173,100764,100,101006,173,100132,173,101063,173,100131,173,101099,173,100085,173,101207,173,100078,173,101327,100,100077,173,101344,100,100063,200,101351,100,100051,76,101381,100,100025,100,101534,100,99993,100
2019-06-28 09:51:00.000000000,100857,192,100764,192,101006,192,100132,192,101063,192,100131,192,101099,192,100085,192,101207,100,100078,100,101327,100,100077,100,101344,100,100063,200,101351,100,100051,76,101381,100,100025,100,101534,100,99993,100
2019-06-28 09:51:02.722968005,100857,92,100764,192,101006,192,100132,192,101063,192,100131,192,101099,192,100085,192,101207,100,100078,100,101327,100,100077,100,101351,100,100063,200,101381,100,100051,76,101534,100,100025,100,101623,100,99993,100
2019-06-28 09:51:03.784197528,100857,92,100764,192,101006,192,100132,192,101063,192,100131,192,101099,192,100085,192,101207,100,100078,100,101317,100,100077,100,101327,100,100063,200,101351,100,100051,76,101381,100,100025,100,101534,100,99993,100
2019-06-28 09:51:09.501576577,101006,192,100857,8,101063,192,100764,192,101099,192,100132,192,101207,100,100131,192,101317,100,100085,192,101327,100,100078,100,101351,100,100077,100,101381,100,100063,200,101534,100,100051,76,101623,100,100025,100
2019-06-28 09:51:10.000000000,101006,192,100857,100,101063,192,100764,192,101099,192,100132,192,101207,192,100131,192,101317,100,100085,100,101327,100,100078,100,101351,100,100077,100,101381,100,100063,200,101534,100,100051,76,101623,100,100025,100
2019-06-28 09:51:20.000000000,101006,192,100857,100,101063,192,100764,192,101099,192,100132,192,101207,192,100131,192,101317,100,100085,100,101327,100,100078,100,101351,100,100077,100,101381,100,100063,200,101534,100,100051,76,101623,100,100025,100
2019-06-28 09:51:30.000000000,101006,192,100857,100,101063,192,100764,192,101099,192,100132,192,101207,192,100131,192,101317,100,100085,100,101327,100,100078,100,101351,100,100077,100,101381,100,100063,200,101534,100,100051,76,101623,100,100025,100
2019-06-28 09:51:40.000000000,101006,283,100857,191,101063,283,100764,283,101099,100,100132,100,101207,100,100131,100,101317,100,100085,100,101327,100,100078,100,101351,100,100077,100,101381,100,100063,200,101534,100,100051,76,101623,100,100025,100
2019-06-28 09:51:41.555355383,101006,283,100857,191,101063,283,100764,283,101099,100,100132,100,101207,100,100131,100,101317,100,100085,100,101327,100,100078,100,101351,100,100077,100,101381,100,100063,100,101534,100,100051,76,101623,100,100025,100
2019-06-28 09:51:50.000000000,101006,224,100857,132,101063,221,100764,221,101099,221,100132,221,101207,100,100131,100,101317,100,100085,100,101327,100,100078,100,101351,100,100077,100,101381,100,100063,100,101534,100,100051,76,101623,100,100025,100
2019-06-28 09:52:00.000000000,101006,224,100857,132,101063,221,100764,221,101099,221,100132,221,101207,100,100131,100,101317,100,100085,100,101327,100,100078,100,101351,100,100077,100,101381,100,100063,100,101534,100,100051,76,101623,100,100025,100
2019-06-28 09:52:00.493025495,101006,224,100857,132,101063,221,100764,221,101099,221,100533,100,101207,100,100132,221,101317,100,100131,100,101327,100,100085,100,101351,100,100078,100,101381,100,100077,100,101534,100,100063,100,101623,100,100051,76
2019-06-28 09:52:07.813072400,101006,224,100857,132,101063,221,100764,221,101099,221,100655,100,101207,100,100533,100,101317,100,100132,221,101327,100,100131,100,101351,100,100085,100,101381,100,100078,100,101534,100,100077,100,101623,100,100063,100
2019-06-28 09:52:10.000000000,101006,224,100857,132,101063,221,100764,221,101099,221,100655,221,101207,100,100533,100,101317,100,100132,100,101327,100,100131,100,101351,100,100085,100,101381,100,100078,100,101534,100,100077,100,101623,100,100063,100
2019-06-28 09:52:11.042748990,101006,224,100857,132,101063,221,100764,221,101099,221,100737,100,101207,100,100655,221,101317,100,100533,100,101327,100,100132,100,101351,100,100131,100,101381,100,100085,100,101534,100,100078,100,101623,100,100077,100
2019-06-28 09:52:11.235411521,100994,100,100857,132,101006,124,100764,221,101063,221,100737,100,101099,221,100655,221,101207,100,100533,100,101317,100,100132,100,101327,100,100131,100,101351,100,100085,100,101381,100,100078,100,101534,100,100077,100
2019-06-28 09:52:20.000000000,100994,283,100857,191,101063,283,100764,283,101099,100,100737,100,101207,100,100655,100,101317,100,100533,100,101327,100,100132,100,101351,100,100131,100,101381,100,100085,100,101534,100,100078,100,101623,100,100077,100
2019-06-28 09:52:30.000000000,100994,192,100857,100,101063,192,100764,192,101099,192,100737,192,101207,192,100655,192,101317,100,100533,100,101327,100,100132,100,101351,100,100131,100,101381,100,100085,100,101534,100,100078,100,101623,100,100077,100
2019-06-28 09:52:34.523369667,100994,192,100857,200,101063,192,100764,192,101099,192,100737,192,101207,192,100655,192,101317,100,100533,100,101327,100,100132,100,101351,100,100131,100,101381,100,100085,100,101534,100,100078,100,101623,100,100077,100
2019-06-28 09:52:40.000000000,100994,466,100857,474,101063,100,100764,100,101099,100,100737,100,101207,100,100655,100,101317,100,100533,100,101327,100,100132,100,101351,100,100131,100,101381,100,100085,100,101534,100,100078,100,101623,100,100077,100
2019-06-28 09:52:40.758621198,100994,466,100857,474,101060,100,100764,100,101063,100,100737,100,101099,100,100655,100,101207,100,100533,100,101317,100,100132,100,101327,100,100131,100,101351,100,100085,100,101381,100,100078,100,101534,100,100077,100
2019-06-28 09:52:46.073121906,100994,366,100857,474,101060,100,100764,100,101063,100,100737,100,101099,100,100655,100,101207,100,100533,100,101317,100,100132,100,101327,100,100131,100,101351,100,100085,100,101381,100,100078,100,101534,100,100077,100
2019-06-28 09:52:46.944444636,100994,366,100857,374,101060,100,100764,100,101063,100,100737,100,101099,100,100655,100,101207,100,100132,100,101317,100,100131,100,101327,100,100085,100,101351,100,100078,100,101381,100,100077,100,101534,100,100063,100
2019-06-28 09:52:50.000000000,101060,283,100857,191,101063,283,100764,283,101099,100,100737,100,101207,100,100655,100,101317,100,100132,100,101327,100,100131,100,101351,100,100085,100,101381,100,100078,100,101534,100,100077,100,101623,100,100063,100
2019-06-28 09:52:57.306498268,101060,283,101044,100,101063,283,100857,191,101099,100,100764,283,101207,100,100737,100,101317,100,100655,100,101327,100,100132,100,101351,100,100131,100,101381,100,100085,100,101534,100,100078,100,101623,100,100077,100
2019-06-28 09:53:00.000000000,101060,283,101044,283,101063,283,100857,191,101099,100,100764,100,101207,100,100737,100,101317,100,100655,100,101327,100,100132,100,101351,100,100131,100,101381,100,100085,100,101534,100,100078,100,101623,100,100077,100
2019-06-28 09:53:00.228083845,101060,283,101044,183,101063,283,100857,191,101099,100,100764,100,101207,100,100737,100,101317,100,100655,100,101327,100,100132,100,101351,100,100131,100,101381,100,100085,100,101534,100,100078,100,101623,100,100077,100
2019-06-28 09:53:10.000000000,101060,224,100857,132,101063,221,100764,221,101099,221,100737,221,101207,100,100655,100,101317,100,100132,100,101327,100,100131,100,101351,100,100085,100,101381,100,100078,100,101534,100,100077,100,101623,100,100063,100
2019-06-28 09:53:20.000000000,101060,466,100857,374,101063,100,100764,100,101099,100,100737,100,101207,100,100655,100,101317,100,100132,100,101327,100,100131,100,101351,100,100085,100,101381,100,100078,100,101534,100,100077,100,101623,100,100063,100
2019-06-28 09:53:30.000000000,101060,192,100857,100,101063,192,100764,192,101099,192,100737,192,101207,192,100655,192,101317,100,100132,100,101327,100,100131,100,101351,100,100085,100,101381,100,100078,100,101534,100,100077,100,101623,100,100063,100
2019-06-28 09:53:33.620027289,101060,192,100857,100,101063,192,100764,192,101099,192,100737,192,101207,192,100655,192,101317,100,100633,100,101327,100,100132,100,101351,100,100131,100,101381,100,100085,100,101534,100,100078,100,101623,100,100077,100
2019-06-28 09:53:36.424073889,101060,192,100764,192,101063,192,100737,192,101099,192,100655,192,101207,192,100633,100,101317,100,100132,100,101327,100,100131,100,101351,100,100085,100,101381,100,100078,100,101534,100,100077,100,101623,100,100063,100
2019-06-28 09:53:40.000000000,101060,283,100764,283,101063,283,100737,283,101099,100,100655,100,101207,100,100633,100,101317,100,100132,100,101327,100,100131,100,101351,100,100085,100,101381,100,100078,100,101534,100,100077,100,101623,100,100063,100
2019-06-28 09:53:50.000000000,101060,173,100764,173,101063,173,100737,173,101099,173,100655,173,101207,173,100633,173,101317,173,100132,173,101327,100,100131,100,101351,100,100085,100,101381,100,100078,100,101534,100,100077,100,101623,100,100063,100
2019-06-28 09:54:00.000000000,101060,173,100764,173,101063,173,100737,173,101099,173,100655,173,101207,173,100633,173,101317,173,100132,173,101327,100,100131,100,101351,100,100085,100,101381,100,100078,100,101534,100,100077,100,101623,100,100063,100
2019-06-28 09:54:06.140190358,101060,173,100823,100,101063,173,100764,173,101099,173,100737,173,101207,173,100655,173,101317,173,100633,173,101327,100,100132,173,101351,100,100131,100,101381,100,100085,100,101534,100,100078,100,101623,100,100077,100
2019-06-28 09:54:10.000000000,101060,283,100823,283,101063,283,100764,283,101099,100,100737,100,101207,100,100655,100,101317,100,100633,100,101327,100,100132,100,101351,100,100131,100,101381,100,100085,100,101534,100,100078,100,101623,100,100077,100
2019-06-28 09:54:20.000000000,101060,173,100823,173,101063,173,100764,173,101099,173,100737,173,101207,173,100655,173,101317,173,100633,173,101327,100,100132,100,101351,100,100131,100,101381,100,100085,100,101534,100,100078,100,101623,100,100077,100
2019-06-28 09:54:29.430591157,101044,100,100823,173,101060,173,100764,173,101063,173,100737,173,101099,173,100655,173,101207,173,100633,173,101317,173,100132,100,101327,100,100131,100,101351,100,100085,100,101381,100,100078,100,101534,100,100077,100
2019-06-28 09:54:30.000000000,101044,466,100823,466,101060,100,100764,100,101063,100,100737,100,101099,100,100655,100,101207,100,100633,100,101317,100,100132,100,101327,100,100131,100,101351,100,100085,100,101381,100,100078,100,101534,100,100077,100
2019-06-28 09:54:30.050889888,101044,466,100858,100,101060,100,100823,466,101063,100,100764,100,101099,100,100737,100,101207,100,100655,100,101317,100,100633,100,101327,100,100132,100,101351,100,100131,100,101381,100,100085,100,101534,100,100078,100
2019-06-28 09:54:30.079483404,101044,466,100858,100,101060,100,100823,466,101063,100,100764,100,101099,100,100737,100,101207,100,100655,100,101275,100,100132,100,101317,100,100131,100,101327,100,100085,100,101351,100,100078,100,101381,100,100077,100
2019-06-28 09:54:40.000000000,101044,192,100858,192,101060,192,100823,192,101063,192,100764,192,101099,192,100737,192,101207,100,100655,100,101275,100,100132,100,101317,100,100131,100,101327,100,100085,100,101351,100,100078,100,101381,100,100077,100
2019-06-28 09:54:43.079537991,101025,100,100858,192,101044,192,100823,192,101060,192,100764,192,101063,192,100737,192,101099,192,100655,100,101207,100,100132,100,101275,100,100131,100,101317,100,100085,100,101327,100,100078,100,101351,100,100077,100
2019-06-28 09:54:50.000000000,101025,283,100858,283,101044,283,100823,283,101060,100,100764,100,101063,100,100737,100,101099,100,100655,100,101207,100,100132,100,101275,100,100131,100,101317,100,100085,100,101327,100,100078,100,101351,100,100077,100
2019-06-28 09:55:00.000000000,101025,224,100858,224,101044,221,100823,221,101060,221,100764,221,101063,100,100737,100,101099,100,100655,100,101207,100,100132,100,101275,100,100131,100,101317,100,100085,100,101327,100,100078,100,101351,100,100077,100
2019-06-28 09:55:08.110819075,101025,224,100858,124,101044,221,100823,221,101060,221,100764,221,101063,100,100737,100,101099,100,100655,100,101207,100,100132,100,101275,100,100131,100,101317,100,100085,100,101327,100,100078,100,101351,100,100077,100
2019-06-28 09:55:10.000000000,101025,466,100823,466,101044,100,100764,100,101060,100,100737,100,101063,100,100655,100,101099,100,100132,100,101207,100,100131,100,101275,100,100085,100,101317,100,100078,100,101327,100,100077,100,101351,100,100063,100
2019-06-28 09:55:20.000000000,101025,283,100823,283,101044,283,100764,283,101060,100,100737,100,101063,100,100655,100,101099,100,100132,100,101207,100,100131,100,101275,100,100085,100,101317,100,100078,100,101327,100,100077,100,101351,100,100063,100
2019-06-28 09:55:30.000000000,101025,283,100823,283,101044,283,100764,283,101060,100,100737,100,101063,100,100655,100,101099,100,100132,100,101207,100,100131,100,101275,100,100085,100,101317,100,100078,100,101327,100,100077,100,101351,100,100063,100
2019-06-28 09:55:40.000000000,101025,192,100823,192,101044,192,100764,192,101060,192,100737,192,101063,192,100655,192,101099,100,100132,100,101207,100,100131,100,101275,100,100085,100,101317,100,100078,100,101327,100,100077,100,101351,100,100063,100
2019-06-28 09:55:45.028363177,101025,192,100859,100,101044,92,100823,192,101060,192,100764,192,101063,192,100737,192,101099,100,100655,192,101207,100,100132,100,101275,100,100131,100,101317,100,100085,100,101327,100,100078,100,101351,100,100077,100
2019-06-28 09:55:50.000000000,101025,466,100859,466,101060,100,100823,100,101063,100,100764,100,101099,100,100737,100,101207,100,100655,100,101275,100,100132,100,101317,100,100131,100,101327,100,100085,100,101351,100,100078,100,101381,100,100077,100
2019-06-28 09:55:53.657853685,101025,466,100859,366,101060,100,100823,100,101063,100,100764,100,101099,100,100737,100,101207,100,100655,100,101275,100,100132,100,101317,100,100131,100,101327,100,100085,100,101351,100,100078,100,101381,100,100077,100
2019-06-28 09:56:00.000000000,101025,466,100823,466,101060,100,100764,100,101063,100,100737,100,101099,100,100655,100,101207,100,100132,100,101275,100,100131,100,101317,100,100085,100,101327,100,100078,100,101351,100,100077,100,101381,100,100063,100
2019-06-28 09:56:10.000000000,101025,466,100823,466,101060,100,100764,100,101063,100,100737,100,101099,100,100655,100,101207,100,100132,100,101275,100,100131,100,101317,100,100085,100,101327,100,100078,100,101351,100,100077,100,101381,100,100063,100
2019-06-28 09:56:20.000000000,101025,466,100823,466,101060,100,100764,100,101063,100,100737,100,101099,100,100655,100,101207,100,100132,100,101275,100,100131,100,101317,100,100085,100,101327,100,100078,100,101351,100,100077,100,101381,100,100063,100
2019-06-28 09:56:30.000000000,101025,192,100823,192,101060,192,100764,192,101063,192,100737,192,101099,192,100655,192,101207,100,100132,100,101275,100,100131,100,101317,100,100085,100,101327,100,100078,100,101351,100,100077,100,101381,100,100063,100
2019-06-28 09:56:36.797379235,101025,192,100823,192,101060,92,100764,192,101063,192,100737,192,101099,192,100655,192,101207,100,100601,100,101275,100,100132,100,101317,100,100131,100,101327,100,100085,100,101351,100,100078,100,101381,100,100077,100
2019-06-28 09:56:40.000000000,101025,224,100823,224,101063,221,100764,221,101099,221,100737,221,101207,100,100655,100,101275,100,100601,100,101317,100,100132,100,101327,100,100131,100,101351,100,100085,100,101381,100,100078,100,101534,100,100077,100
2019-06-28 09:56:50.000000000,101025,466,100823,466,101063,100,100764,100,101099,100,100737,100,101207,100,100655,100,101275,100,100601,100,101317,100,100132,100,101327,100,100131,100,101351,100,100085,100,101381,100,100078,100,101534,100,100077,100
2019-06-28 09:56:55.857858349,100936,100,100823,466,101025,366,100764,100,101063,100,100737,100,101099,100,100655,100,101207,100,100601,100,101275,100,100132,100,101317,100,100131,100,101327,100,100085,100,101351,100,100078,100,101381,100,100077,100
2019-06-28 09:57:00.000000000,100936,173,100823,173,101063,173,100764,173,101099,173,100737,173,101207,173,100655,173,101275,173,100601,173,101317,100,100132,100,101327,100,100131,100,101351,100,100085,100,101381,100,100078,100,101534,100,100077,100
2019-06-28 09:57:09.372808880,100936,173,100823,173,101063,173,100764,173,101099,173,100737,173,101207,173,100655,173,101275,173,100601,173,101317,100,100540,100,101327,100,100132,100,101351,100,100131,100,101381,100,100085,100,101534,100,100078,100
2019-06-28 09:57:10.000000000,100936,173,100823,173,101063,173,100764,173,101099,173,100737,173,101207,173,100655,173,101275,173,100601,173,101317,100,100540,100,101327,100,100132,100,101351,100,100131,100,101381,100,100085,100,101534,100,100078,100
2019-06-28 09:57:12.965220146,100834,100,100823,173,100936,173,100764,173,101063,173,100737,173,101099,173,100655,173,101207,173,100601,173,101275,173,100540,100,101317,100,100132,100,101327,100,100131,100,101351,100,100085,100,101381,100,100078,100
2019-06-28 09:57:20.000000000,100834,283,100823,283,100936,283,100764,283,101063,100,100737,100,101099,100,100655,100,101207,100,100601,100,101275,100,100540,100,101317,100,100132,100,101327,100,100131,100,101351,100,100085,100,101381,100,100078,100
2019-06-28 09:57:26.610738824,100834,283,100823,283,100936,283,100764,283,101063,100,100737,100,101099,100,100655,100,101207,100,100601,100,101275,100,100540,100,101317,100,100424,100,101327,100,100132,100,101351,100,100131,100,101381,100,100085,100
2019-06-28 09:57:30.000000000,100834,224,100823,224,100936,221,100764,221,101063,221,100737,221,101099,100,100655,100,101207,100,100601,100,101275,100,100540,100,101317,100,100424,100,101327,100,100132,100,101351,100,100131,100,101381,100,100085,100
2019-06-28 09:57:32.168887425,100834,224,100830,100,100936,221,100823,224,101063,221,100764,221,101099,100,100737,221,101207,100,100655,100,101275,100,100601,100,101317,100,100540,100,101327,100,100424,100,101351,100,100132,100,101381,100,100131,100
2019-06-28 09:57:35.159622822,100834,224,100830,100,100936,221,100823,224,101063,221,100764,221,101099,100,100737,221,101207,100,100655,100,101275,100,100640,100,101317,100,100601,100,101327,100,100540,100,101351,100,100424,100,101381,100,100132,100
2019-06-28 09:57:40.000000000,100834,224,100830,224,100936,221,100823,221,101063,221,100764,221,101099,100,100737,100,101207,100,100655,100,101275,100,100640,100,101317,100,100601,100,101327,100,100540,100,101351,100,100424,100,101381,100,100132,100
2019-06-28 09:57:50.000000000,100834,173,100830,173,100936,173,100823,173,101063,173,100764,173,101099,173,100737,173,101207,173,100655,173,101275,100,100640,100,101317,100,100601,100,101327,100,100540,100,101351,100,100424,100,101381,100,100132,100
2019-06-28 09:58:00.000000000,100834,283,100830,283,100936,283,100823,283,101063,100,100764,100,101099,100,100737,100,101207,100,100655,100,101275,100,100640,100,101317,100,100601,100,101327,100,100540,100,101351,100,100424,100,101381,100,100132,100
2019-06-28 09:58:03.683728266,100834,283,100830,183,100936,283,100823,283,101063,100,100764,100,101099,100,100737,100,101207,100,100655,100,101275,100,100640,100,101317,100,100601,100,101327,100,100540,100,101351,100,100424,100,101381,100,100132,100
2019-06-28 09:58:10.000000000,100834,173,100823,173,100936,173,100764,173,101063,173,100737,173,101099,173,100655,173,101207,173,100640,173,101275,100,100601,100,101317,100,100540,100,101327,100,100424,100,101351,100,100132,100,101381,100,100131,100
2019-06-28 09:58:20.000000000,100834,224,100823,224,100936,221,100764,221,101063,221,100737,221,101099,100,100655,100,101207,100,100640,100,101275,100,100601,100,101317,100,100540,100,101327,100,100424,100,101351,100,100132,100,101381,100,100131,100
2019-06-28 09:58:30.000000000,100834,192,100823,192,100936,192,100764,192,101063,192,100737,192,101099,192,100655,192,101207,100,100640,100,101275,100,100601,100,101317,100,100540,100,101327,100,100424,100,101351,100,100132,100,101381,100,100131,100
2019-06-28 09:58:36.716330234,100834,192,100823,192,100936,192,100764,192,101063,192,100737,192,101099,192,100655,192,101207,100,100640,100,101275,100,100601,100,101317,100,100540,100,101327,100,100424,100,101351,100,100132,100,101381,100,100131,100
2019-06-28 09:58:40.000000000,100834,466,100823,466,100936,100,100764,100,101063,100,100737,100,101099,100,100655,100,101207,100,100640,100,101275,100,100601,100,101317,100,100540,100,101327,100,100424,100,101351,100,100132,100,101381,100,100131,100
2019-06-28 09:58:50.000000000,100834,192,100823,192,100936,192,100764,192,101063,192,100737,192,101099,192,100655,192,101207,100,100640,100,101275,100,100601,100,101317,100,100540,100,101327,100,100424,100,101351,100,100132,100,101381,100,100131,100
2019-06-28 09:59:00.000000000,100834,224,100823,224,100936,221,100764,221,101063,221,100737,221,101099,100,100655,100,101207,100,100640,100,101275,100,100601,100,101317,100,100540,100,101327,100,100424,100,101351,100,100132,100,101381,100,100131,100
2019-06-28 09:59:00.324136113,100834,224,100823,224,100936,221,100764,221,101063,221,100737,221,101099,100,100655,100,101207,100,100640,100,101275,100,100601,100,101317,100,100540,100,101327,100,100502,100,101351,100,100424,100,101381,100,100132,100
2019-06-28 09:59:10.000000000,100834,283,100823,283,100936,283,100764,283,101063,100,100737,100,101099,100,100655,100,101207,100,100640,100,101275,100,100601,100,101317,100,100540,100,101327,100,100502,100,101351,100,100424,100,101381,100,100132,100
2019-06-28 09:59:20.000000000,100834,192,100823,192,100936,192,100764,192,101063,192,100737,192,101099,192,100655,192,101207,100,100640,100,101275,100,100601,100,101317,100,100540,100,101327,100,100502,100,101351,100,100424,100,101381,100,100132,100
2019-06-28 09:59:24.581723508,100834,192,100823,92,100936,192,100764,192,101063,192,100737,192,101099,192,100655,192,101207,100,100640,100,101275,100,100601,100,101317,100,100540,100,101327,100,100502,100,101351,100,100424,100,101381,100,100132,100
2019-06-28 09:59:30.000000000,100834,283,100764,283,100936,283,100737,283,101063,100,100655,100,101099,100,100640,100,101207,100,100601,100,101275,100,100540,100,101317,100,100502,100,101327,100,100424,100,101351,100,100132,100,101381,100,100131,100
2019-06-28 09:59:40.000000000,100834,173,100764,173,100936,173,100737,173,101063,173,100655,173,101099,173,100640,173,101207,173,100601,173,101275,100,100540,100,101317,100,100502,100,101327,100,100424,100,101351,100,100132,100,101381,100,100131,100
2019-06-28 09:59:50.000000000,100834,283,100764,283,100936,283,100737,283,101063,100,100655,100,101099,100,100640,100,101207,100,100601,100,101275,100,100540,100,101317,100,100502,100,101327,100,100424,100,101351,100,100132,100,101381,100,100131,100
2019-06-28 10:00:00.000000000,100834,224,100764,224,100936,221,100737,221,101063,221,100655,221,101099,100,100640,100,101207,100,100601,100,101275,100,100540,100,101317,100,100502,100,101327,100,100424,100,101351,100,100132,100,101381,100,100131,100
2019-06-28 10:00:03.031464972,100834,224,100764,224,100936,221,100737,221,101063,221,100655,221,101099,100,100640,100,101207,100,100601,100,101275,100,100540,100,101317,100,100502,100,101327,100,100424,100,101351,100,100349,100,101381,100,100132,100
2019-06-28 10:00:06.560372385,100805,100,100764,224,100834,224,100737,221,100936,221,100655,221,101063,221,100640,100,101099,100,100601,100,101207,100,100540,100,101275,100,100502,100,101327,100,100424,100,101351,100,100349,100,101381,100,100132,100
2019-06-28 10:00:10.000000000,100805,283,100764,283,100834,283,100737,283,100936,100,100655,100,101063,100,100640,100,101099,100,100601,100,101207,100,100540,100,101275,100,100502,100,101327,100,100424,100,101351,100,100349,100,101381,100,100132,100
2019-06-28 10:00:16.206629077,100805,283,100764,183,100834,283,100737,283,101063,100,100655,100,101099,100,100640,100,101207,100,100601,100,101275,100,100540,100,101327,100,100502,100,101351,100,100424,100,101381,100,100349,100,101534,100,100132,100
2019-06-28 10:00:20.000000000,100805,224,100737,224,100834,221,100655,221,101063,221,100640,221,101099,100,100601,100,101207,100,100540,100,101275,100,100502,100,101327,100,100424,100,101351,100,100349,100,101381,100,100132,100,101534,100,100131,100
2019-06-28 10:00:30.000000000,100805,466,100737,466,100834,100,100655,100,101063,100,100640,100,101099,100,100601,100,101207,100,100540,100,101275,100,100502,100,101327,100,100424,100,101351,100,100349,100,101381,100,100132,100,101534,100,100131,100
2019-06-28 10:00:40.000000000,100805,224,100737,224,100834,221,100655,221,101063,221,100640,221,101099,100,100601,100,101207,100,100540,100,101275,100,100502,100,101327,100,100424,100,101351,100,100349,100,101381,100,100132,100,101534,100,100131,100
2019-06-28 10:00:40.775695741,100805,224,100737,224,100834,221,100655,221,101063,221,100640,221,101099,100,100601,100,101207,100,100540,100,101275,100,100502,100,101327,100,100424,100,101351,100,100349,100,101381,100,100249,100,101534,100,100132,100
2019-06-28 10:00:50.000000000,100805,466,100737,466,100834,100,100655,100,101063,100,100640,100,101099,100,100601,100,101207,100,100540,100,101275,100,100502,100,101327,100,100424,100,101351,100,100349,100,101381,100,100249,100,101534,100,100132,100
2019-06-28 10:01:00.000000000,100805,466,100737,466,100834,100,100655,100,101063,100,100640,100,101099,100,100601,100,101207,100,100540,100,101275,100,100502,100,101327,100,100424,100,101351,100,100349,100,101381,100,100249,100,101534,100,100132,100
2019-06-28 10:01:10.000000000,100805,173,100737,173,100834,173,100655,173,101063,173,100640,173,101099,173,100601,173,101207,173,100540,173,101275,100,100502,100,101327,100,100424,100,101351,100,100349,100,101381,100,100249,100,101534,100,100132,100
2019-06-28 10:01:18.407256552,100805,173,100737,73,100834,173,100655,173,101063,173,100640,173,101099,173,100601,173,101207,173,100540,173,101275,100,100424,100,101327,100,100349,100,101351,100,100249,100,101381,100,100132,100,101534,100,100131,100
2019-06-28 10:01:20.000000000,100805,224,100655,224,100834,221,100640,221,101063,221,100601,221,101099,100,100540,100,101207,100,100424,100,101275,100,100349,100,101327,100,100249,100,101351,100,100132,100,101381,100,100131,100,101534,100,100085,100
2019-06-28 10:01:30.000000000,100805,466,100655,466,100834,100,100640,100,101063,100,100601,100,101099,100,100540,100,101207,100,100424,100,101275,100,100349,100,101327,100,100249,100,101351,100,100132,100,101381,100,100131,100,101534,100,100085,100
2019-06-28 10:01:40.000000000,100805,283,100655,283,100834,283,100640,283,101063,100,100601,100,101099,100,100540,100,101207,100,100424,100,101275,100,100349,100,101327,100,100249,100,101351,100,100132,100,101381,100,100131,100,101534,100,100085,100
2019-06-28 10:01:50.000000000,100805,192,100655,192,100834,192,100640,192,101063,192,100601,192,101099,192,100540,192,101207,100,100424,100,101275,100,100349,100,101327,100,100249,100,101351,100,100132,100,101381,100,100131,100,101534,100,100085,100
2019-06-28 10:02:00.000000000,100805,192,100655,192,100834,192,100640,192,101063,192,100601,192,101099,192,100540,192,101207,100,100424,100,101275,100,100349,100,101327,100,100249,100,101351,100,100132,100,101381,100,100131,100,101534,100,100085,100
2019-06-28 10:02:03.095297338,100805,192,100655,92,100834,192,100640,192,101063,92,100601,192,101099,192,100540,192,101207,100,100424,100,101275,100,100349,100,101327,100,100249,100,101351,100,100132,100,101381,100,100131,100,101534,100,100085,100
2019-06-28 10:02:10.000000000,100805,224,100640,224,100834,221,100601,221,101099,221,100540,221,101207,100,100424,100,101275,100,100349,100,101327,100,100249,100,101351,100,100132,100,101381,100,100131,100,101534,100,100085,100,101623,100,100077,100
2019-06-28 10:02:16.521010195,100805,224,100640,224,100834,221,100601,221,101099,221,100540,221,101275,100,100424,100,101327,100,100349,100,101351,100,100249,100,101381,100,100132,100,101534,100,100131,100,101623,100,100085,100,102090,100,100077,100
2019-06-28 10:02:19.958658271,100737,100,100640,224,100805,224,100601,221,100834,221,100540,221,101099,221,100424,100,101275,100,100349,100,101327,100,100249,100,101351,100,100132,100,101381,100,100131,100,101534,100,100085,100,101623,100,100077,100
2019-06-28 10:02:20.000000000,100737,173,100640,173,100805,173,100601,173,100834,173,100540,173,101099,173,100424,173,101275,173,100349,173,101327,100,100249,100,101351,100,100132,100,101381,100,100131,100,101534,100,100085,100,101623,100,100077,100
2019-06-28 10:02:27.747411741,100737,173,100640,73,100805,173,100601,173,100834,173,100540,173,101099,173,100424,173,101275,173,100349,173,101327,100,100249,100,101351,100,100132,100,101381,100,100131,100,101534,100,100085,100,101623,100,100077,100
2019-06-28 10:02:30.000000000,100737,192,100601,192,100805,192,100540,192,100834,192,100424,192,101099,192,100349,192,101275,100,100249,100,101327,100,100132,100,101351,100,100131,100,101381,100,100085,100,101534,100,100077,100,101623,100,100063,100
2019-06-28 10:02:40.000000000,100737,466,100601,466,100805,100,100540,100,100834,100,100424,100,101099,100,100349,100,101275,100,100249,100,101327,100,100132,100,101351,100,100131,100,101381,100,100085,100,101534,100,100077,100,101623,100,100063,100
2019-06-28 10:02:50.000000000,100737,283,100601,283,100805,283,100540,283,100834,100,100424,100,101099,100,100349,100,101275,100,100249,100,101327,100,100132,100,101351,100,100131,100,101381,100,100085,100,101534,100,100077,100,101623,100,100063,100
2019-06-28 10:03:00.000000000,100737,173,100601,173,100805,173,100540,173,100834,173,100424,173,101099,173,100349,173,101275,173,100249,173,101327,100,100132,100,101351,100,100131,100,101381,100,100085,100,101534,100,100077,100,101623,100,100063,100
2019-06-28 10:03:07.187067437,100737,173,100601,173,100805,173,100540,173,100834,173,100446,100,101099,173,100424,173,101275,173,100349,173,101327,100,100249,173,101351,100,100132,100,101381,100,100131,100,101534,100,100085,100,101623,100,100077,100
2019-06-28 10:03:10.000000000,100737,224,100601,224,100805,221,100540,221,100834,221,100446,221,101099,100,100424,100,101275,100,100349,100,101327,100,100249,100,101351,100,100132,100,101381,100,100131,100,101534,100,100085,100,101623,100,100077,100
2019-06-28 10:03:17.470191645,100737,224,100601,124,100805,221,100540,221,100834,221,100446,221,101099,100,100424,100,101275,100,100349,100,101327,100,100249,100,101351,100,100132,100,101381,100,100131,100,101534,100,100085,100,101623,100,100077,100
2019-06-28 10:03:20.000000000,100737,192,100540,192,100805,192,100446,192,100834,192,100424,192,101099,192,100349,192,101275,100,100249,100,101327,100,100132,100,101351,100,100131,100,101381,100,100085,100,101534,100,100077,100,101623,100,100063,100
2019-06-28 10:03:30.000000000,100737,173,100540,173,100805,173,100446,173,100834,173,100424,173,101099,173,100349,173,101275,173,100249,173,101327,100,100132,100,101351,100,100131,100,101381,100,100085,100,101534,100,100077,100,101623,100,100063,100
2019-06-28 10:03:36.056479846,100655,100,100540,173,100737,173,100446,173,100805,173,100424,173,100834,173,100349,173,101099,173,100249,173,101275,173,100132,100,101327,100,100131,100,101351,100,100085,100,101381,100,100077,100,101534,100,100063,100
2019-06-28 10:03:40.000000000,100655,224,100540,224,100737,221,100446,221,100805,221,100424,221,100834,100,100349,100,101099,100,100249,100,101275,100,100132,100,101327,100,100131,100,101351,100,100085,100,101381,100,100077,100,101534,100,100063,100
2019-06-28 10:03:50.000000000,100655,224,100540,224,100737,221,100446,221,100805,221,100424,221,100834,100,100349,100,101099,100,100249,100,101275,100,100132,100,101327,100,100131,100,101351,100,100085,100,101381,100,100077,100,101534,100,100063,100
2019-06-28 10:03:55.835164427,100655,224,100540,124,100737,221,100446,221,100805,221,100424,221,100834,100,100349,100,101099,100,100249,100,101275,100,100132,100,101327,100,100131,100,101351,100,100085,100,101381,100,100077,100,101534,100,100063,100
2019-06-28 10:04:00.000000000,100655,283,100446,283,100737,283,100424,283,100805,100,100349,100,100834,100,100249,100,101099,100,100132,100,101275,100,100131,100,101327,100,100085,100,101351,100,100077,100,101381,100,100063,100,101534,100,100051,76
2019-06-28 10:04:10.000000000,100655,466,100446,466,100737,100,100424,100,100805,100,100349,100,100834,100,100249,100,101099,100,100132,100,101275,100,100131,100,101327,100,100085,100,101351,100,100077,100,101381,100,100063,100,101534,100,100051,76
2019-06-28 10:04:20.000000000,100655,466,100446,466,100737,100,100424,100,100805,100,100349,100,100834,100,100249,100,101099,100,100132,100,101275,100,100131,100,101327,100,100085,100,101351,100,100077,100,101381,100,100063,100,101534,100,100051,76
2019-06-28 10:04:30.000000000,100655,466,100446,466,100737,100,100424,100,100805,100,100349,100,100834,100,100249,100,101099,100,100132,100,101275,100,100131,100,101327,100,100085,100,101351,100,100077,100,101381,100,100063,100,101534,100,100051,76
2019-06-28 10:04:37.036992598,100640,100,100446,466,100655,466,100424,100,100737,100,100349,100,100805,100,100249,100,100834,100,100132,100,101099,100,100131,100,101275,100,100085,100,101327,100,100077,100,101351,100,100063,100,101381,100,100051,76
2019-06-28 10:04:40.000000000,100640,466,100446,466,100655,100,100424,100,100737,100,100349,100,100805,100,100249,100,100834,100,100132,100,101099,100,100131,100,101275,100,100085,100,101327,100,100077,100,101351,100,100063,100,101381,100,100051,76
2019-06-28 10:04:50.000000000,100640,192,100446,192,100655,192,100424,192,100737,192,100349,192,100805,192,100249,192,100834,100,100132,100,101099,100,100131,100,101275,100,100085,100,101327,100,100077,100,101351,100,100063,100,101381,100,100051,76
2019-06-28 10:05:00.000000000,100640,466,100446,466,100655,100,100424,100,100737,100,100349,100,100805,100,100249,100,100834,100,100132,100,101099,100,100131,100,101275,100,100085,100,101327,100,100077,100,101351,100,100063,100,101381,100,100051,76
2019-06-28 10:05:10.000000000,100640,283,100446,283,100655,283,100424,283,100737,100,100349,100,100805,100,100249,100,100834,100,100132,100,101099,100,100131,100,101275,100,100085,100,101327,100,100077,100,101351,100,100063,100,101381,100,100051,76
2019-06-28 10:05:20.000000000,100640,466,100446,466,100655,100,100424,100,100737,100,100349,100,100805,100,100249,100,100834,100,100132,100,101099,100,100131,100,101275,100,100085,100,101327,100,100077,100,101351,100,100063,100,101381,100,100051,76
2019-06-28 10:05:30.000000000,100640,224,100446,224,100655,221,100424,221,100737,221,100349,221,100805,100,100249,100,100834,100,100132,100,101099,100,100131,100,101275,100,100085,100,101327,100,100077,100,101351,100,100063,100,101381,100,100051,76
2019-06-28 10:05:34.067452817,100492,100,100446,224,100640,224,100424,221,100655,221,100349,221,100737,221,100249,100,100805,100,100132,100,100834,100,100131,100,101099,100,100085,100,101275,100,100077,100,101327,100,100063,100,101351,100,100051,76
2019-06-28 10:05:40.000000000,100492,224,100446,224,100640,221,100424,221,100655,221,100349,221,100737,100,100249,100,100805,100,100132,100,100834,100,100131,100,101099,100,100085,100,101275,100,100077,100,101327,100,100063,100,101351,100,100051,76
2019-06-28 10:05:43.623751240,100492,224,100446,124,100640,221,100424,221,100655,221,100349,221,100737,100,100249,100,100805,100,100132,100,100834,100,100131,100,101099,100,100085,100,101275,100,100077,100,101327,100,100063,100,101351,100,100051,76
2019-06-28 10:05:50.000000000,100492,466,100424,466,100640,100,100349,100,100655,100,100249,100,100737,100,100132,100,100805,100,100131,100,100834,100,100085,100,101099,100,100077,100,101275,100,100063,100,101327,100,100051,76,101351,100,100025,100
2019-06-28 10:05:58.209494433,100492,466,100424,466,100599,100,100349,100,100640,100,100249,100,100655,100,100132,100,100737,100,100131,100,100805,100,100085,100,100834,100,100077,100,101099,100,100063,100,101275,100,100051,76,101327,100,100025,100
2019-06-28 10:06:00.000000000,100492,466,100424,466,100599,100,100349,100,100640,100,100249,100,100655,100,100132,100,100737,100,100131,100,100805,100,100085,100,100834,100,100077,100,101099,100,100063,100,101275,100,100051,76,101327,100,100025,100
2019-06-28 10:06:04.019840856,100462,100,100424,466,100492,366,100349,100,100599,100,100249,100,100640,100,100132,100,100655,100,100131,100,100737,100,100085,100,100805,100,100077,100,100834,100,100063,100,101099,100,100051,76,101275,100,100025,100
2019-06-28 10:06:05.148584751,100462,100,100424,466,100492,366,100372,100,100599,100,100349,100,100640,100,100249,100,100655,100,100132,100,100737,100,100131,100,100805,100,100085,100,100834,100,100077,100,101099,100,100063,100,101275,100,100051,76
2019-06-28 10:06:10.000000000,100462,224,100424,224,100599,221,100372,221,100640,221,100349,221,100655,100,100249,100,100737,100,100132,100,100805,100,100131,100,100834,100,100085,100,101099,100,100077,100,101275,100,100063,100,101327,100,100051,76
2019-06-28 10:06:18.076006782,100462,124,100424,224,100599,221,100372,221,100640,221,100349,221,100655,100,100249,100,100737,100,100132,100,100805,100,100131,100,100834,100,100085,100,101099,100,100077,100,101275,100,100063,100,101327,100,100051,76
2019-06-28 10:06:19.974809839,100462,124,100447,100,100599,221,100424,224,100640,221,100372,221,100655,100,100349,221,100737,100,100249,100,100805,100,100132,100,100834,100,100131,100,101099,100,100085,100,101275,100,100077,100,101327,100,100063,100
2019-06-28 10:06:20.000000000,100599,173,100447,173,100640,173,100424,173,100655,173,100372,173,100737,173,100349,173,100805,173,100249,173,100834,100,100132,100,101099,100,100131,100,101275,100,100085,100,101327,100,100077,100,101381,100,100063,100
2019-06-28 10:06:30.000000000,100599,466,100447,466,100640,100,100424,100,100655,100,100372,100,100737,100,100349,100,100805,100,100249,100,100834,100,100132,100,101099,100,100131,100,101275,100,100085,100,101327,100,100077,100,101381,100,100063,100
2019-06-28 10:06:32.069271929,100599,466,100447,466,100640,100,100424,100,100655,100,100372,100,100737,100,100349,100,100805,100,100257,100,100834,100,100249,100,101099,100,100132,100,101275,100,100131,100,101327,100,100085,100,101381,100,100077,100
2019-06-28 10:06:37.880638684,100599,466,100447,466,100640,100,100424,100,100655,100,100372,100,100737,100,100349,100,100805,100,100286,100,100834,100,100257,100,101099,100,100249,100,101275,100,100132,100,101327,100,100131,100,101381,100,100085,100
2019-06-28 10:06:40.000000000,100599,466,100447,466,100640,100,100424,100,100655,100,100372,100,100737,100,100349,100,100805,100,100286,100,100834,100,100257,100,101099,100,100249,100,101275,100,100132,100,101327,100,100131,100,101381,100,100085,100
2019-06-28 10:06:50.000000000,100599,466,100447,466,100640,100,100424,100,100655,100,100372,100,100737,100,100349,100,100805,100,100286,100,100834,100,100257,100,101099,100,100249,100,101275,100,100132,100,101327,100,100131,100,101381,100,100085,100
2019-06-28 10:06:52.905096853,100599,466,100447,466,100640,100,100424,100,100655,100,100372,100,100737,100,100349,100,100805,100,100286,100,100834,100,100257,100,101099,100,100249,100,101275,100,100227,100,101327,100,100132,100,101381,100,100131,100
