,ask_price_1,ask_size_1,bid_price_1,bid_size_1,ask_price_2,ask_size_2,bid_price_2,bid_size_2,ask_price_3,ask_size_3,bid_price_3,bid_size_3,ask_price_4,ask_size_4,bid_price_4,bid_size_4,ask_price_5,ask_size_5,bid_price_5,bid_size_5,ask_price_6,ask_size_6,bid_price_6,bid_size_6,ask_price_7,ask_size_7,bid_price_7,bid_size_7,ask_price_8,ask_size_8,bid_price_8,bid_size_8,ask_price_9,ask_size_9,bid_price_9,bid_size_9,ask_price_10,ask_size_10,bid_price_10,bid_size_10
2019-06-28 09:30:00.000000001,100057,100,99878,100,,,,,,,,,,,,,,,,,,,,,,,,,,,,,,,,,,,,
2019-06-28 09:30:00.000000002,100057,100,99878,100,,,99803,100,,,,,,,,,,,,,,,,,,,,,,,,,,,,,,,,
2019-06-28 09:30:00.000000003,100057,100,99909,100,,,99878,100,,,99803,100,,,,,,,,,,,,,,,,,,,,,,,,,,,,
2019-06-28 09:30:00.000000004,100057,100,99909,100,100118,100,99878,100,,,99803,100,,,,,,,,,,,,,,,,,,,,,,,,,,,,
2019-06-28 09:30:00.000000005,100057,100,99952,100,100118,100,99909,100,,,99878,100,,,99803,100,,,,,,,,,,,,,,,,,,,,,,,,
2019-06-28 09:30:00.000000006,99961,100,99952,100,100057,100,99909,100,100118,100,99878,100,,,99803,100,,,,,,,,,,,,,,,,,,,,,,,,
2019-06-28 09:30:00.000000007,99961,100,99952,100,100057,100,99909,100,100078,100,99878,100,100118,100,99803,100,,,,,,,,,,,,,,,,,,,,,,,,
2019-06-28 09:30:00.000000008,100057,100,99952,100,100078,100,99909,100,100118,100,99878,100,,,99803,100,,,,,,,,,,,,,,,,,,,,,,,,
2019-06-28 09:30:00.000000009,100057,100,100054,100,100078,100,100019,100,100118,100,99952,100,,,99909,100,,,99878,100,,,99803,100,,,,,,,,,,,,,,,,
2019-06-28 09:30:00.000000010,100057,100,100054,100,100078,100,100019,100,100118,100,99952,100,,,99948,100,,,99909,100,,,99878,100,,,99803,100,,,,,,,,,,,,
2019-06-28 09:30:00.000000011,100057,100,100054,100,100078,100,100019,100,100118,100,99956,100,,,99952,100,,,99948,100,,,99909,100,,,99878,100,,,99803,100,,,,,,,,
2019-06-28 09:30:00.000000013,100057,100,100054,100,100062,100,100019,100,100078,100,99989,100,100118,100,99956,100,,,99952,100,,,99948,100,,,99909,100,,,99878,100,,,99803,100,,,,
2019-06-28 09:30:00.000000015,100054,100,100019,100,100057,100,99989,100,100062,100,99956,100,100078,100,99952,100,100118,100,99948,100,,,99909,100,,,99878,100,,,99803,100,,,,,,,,
2019-06-28 09:30:00.000000019,100054,100,100019,100,100057,100,99989,100,100062,100,99962,100,100078,100,99956,100,100118,100,99952,100,,,99948,100,,,99946,100,,,99909,100,,,99878,100,,,99803,100
2019-06-28 09:30:00.000000020,100054,100,100022,100,100057,100,100019,100,100062,100,99989,100,100078,100,99962,100,100118,100,99956,100,,,99952,100,,,99948,100,,,99946,100,,,99909,100,,,99878,100
2019-06-28 09:30:00.000000023,100054,100,100022,100,100057,100,100019,100,100062,100,99989,100,100078,100,99962,100,100085,100,99956,100,100118,100,99952,100,,,99948,100,,,99946,100,,,99909,100,,,99878,100
2019-06-28 09:30:00.000000024,100054,100,100022,100,100057,100,100019,100,100062,100,99989,100,100078,100,99962,100,100085,100,99956,100,100118,100,99952,100,,,99948,100,,,99946,100,,,99909,100,,,99884,100
2019-06-28 09:30:00.000000026,100054,100,100019,100,100057,100,99989,100,100062,100,99962,100,100078,100,99956,100,100085,100,99952,100,100118,100,99948,100,100185,100,99946,100,,,99928,100,,,99909,100,,,99884,100
2019-06-28 09:30:00.000000027,100054,100,100019,100,100057,100,99998,100,100062,100,99989,100,100078,100,99962,100,100085,100,99956,100,100118,100,99952,100,100185,100,99948,100,,,99946,100,,,99928,100,,,99909,100
2019-06-28 09:30:00.000000030,100022,100,100019,100,100054,100,99998,100,100057,100,99989,100,100062,100,99962,100,100078,100,99956,100,100085,100,99952,100,100118,100,99948,100,100185,100,99946,100,,,99928,100,,,99909,100
2019-06-28 09:30:00.000000031,100022,100,99998,100,100054,100,99989,100,100057,100,99962,100,100062,100,99956,100,100078,100,99952,100,100085,100,99948,100,100118,100,99946,100,100185,100,99928,100,,,99909,100,,,99884,100
2019-06-28 09:30:00.000000035,100022,100,99998,100,100054,100,99989,100,100057,100,99962,100,100062,100,99956,100,100078,100,99952,100,100085,100,99948,100,100118,200,99946,100,100185,100,99928,100,,,99909,100,,,99884,100
2019-06-28 09:30:00.000000037,100022,100,99998,100,100054,100,99989,100,100057,100,99962,100,100062,100,99956,100,100078,100,99952,100,100085,100,99948,100,100118,200,99946,100,100185,100,99928,100,,,99909,100,,,99884,100
2019-06-28 09:30:00.000000038,100022,100,99998,100,100054,100,99989,100,100057,100,99962,100,100062,100,99956,100,100078,100,99952,100,100085,100,99948,100,100118,200,99946,100,100185,100,99943,100,,,99928,100,,,99909,100
2019-06-28 09:30:00.000000041,100022,100,99998,100,100054,100,99994,100,100057,100,99989,100,100062,100,99962,100,100078,100,99956,100,100085,100,99952,100,100118,200,99948,100,100185,100,99946,100,,,99943,100,,,99928,100
2019-06-28 09:30:00.000000042,100022,100,99994,100,100054,100,99989,100,100057,100,99962,100,100062,100,99956,100,100078,100,99952,100,100085,100,99948,100,100118,200,99946,100,100185,100,99943,100,,,99928,100,,,99909,100
2019-06-28 09:30:00.000000044,100022,100,99994,100,100054,100,99989,100,100057,100,99962,100,100062,100,99956,100,100078,100,99952,100,100085,100,99948,100,100118,200,99946,100,100185,100,99943,100,,,99928,100,,,99909,100
2019-06-28 09:30:00.000000045,100022,100,99998,100,100054,100,99994,100,100057,100,99989,100,100062,100,99962,100,100078,100,99956,100,100085,100,99952,100,100118,200,99948,100,100185,100,99946,100,,,99943,100,,,99928,100
2019-06-28 09:30:00.000000050,100022,100,99994,100,100054,100,99989,100,100057,100,99962,100,100062,100,99956,100,100078,100,99952,100,100085,100,99948,100,100118,200,99946,100,100185,100,99943,100,,,99928,100,,,99909,100
2019-06-28 09:30:00.000000051,100022,100,99994,100,100054,100,99989,100,100057,100,99962,100,100062,100,99956,100,100078,100,99952,100,100085,100,99948,100,100104,100,99946,100,100118,200,99943,100,100185,100,99928,100,,,99909,100
2019-06-28 09:30:00.000000056,100022,100,99998,100,100054,100,99994,100,100057,100,99989,100,100062,100,99962,100,100078,100,99956,100,100085,100,99952,100,100104,100,99948,100,100118,200,99946,100,100185,100,99943,100,,,99928,100
2019-06-28 09:30:00.000000057,100022,100,100002,100,100054,100,99998,100,100057,100,99994,100,100062,100,99989,100,100078,100,99962,100,100085,100,99956,100,100104,100,99952,100,100118,200,99948,100,100185,100,99946,100,,,99943,100
2019-06-28 09:30:00.000000058,100022,100,100002,100,100054,100,99998,200,100057,100,99994,100,100062,100,99989,100,100078,100,99962,100,100085,100,99956,100,100104,100,99952,100,100118,200,99948,100,100185,100,99946,100,,,99943,100
2019-06-28 09:30:00.000000060,100022,100,100002,100,100054,100,99998,200,100057,100,99994,100,100062,100,99989,100,100078,100,99962,100,100085,100,99956,100,100104,100,99952,100,100118,200,99948,100,100185,100,99946,100,,,99943,100
2019-06-28 09:30:00.000000062,100022,100,100002,100,100054,100,99998,200,100057,100,99994,100,100062,100,99989,100,100078,100,99962,100,100085,100,99956,100,100104,100,99952,100,100118,200,99948,100,100185,100,99946,100,,,99943,100
2019-06-28 09:30:00.000000064,100022,100,99998,200,100054,100,99994,100,100057,100,99989,100,100062,100,99962,100,100078,100,99956,100,100085,100,99952,100,100104,100,99948,100,100118,200,99946,100,100185,100,99943,100,,,99928,100
2019-06-28 09:30:00.000000065,100022,100,99998,200,100054,100,99994,100,100057,100,99989,100,100062,100,99962,100,100078,100,99956,100,100085,100,99952,100,100104,100,99948,100,100118,200,99946,100,100185,100,99943,100,,,99928,100
2019-06-28 09:30:00.000000066,100022,100,99998,200,100050,100,99994,100,100054,100,99989,100,100057,100,99962,100,100062,100,99956,100,100078,100,99952,100,100085,100,99948,100,100104,100,99946,100,100118,200,99943,100,100185,100,99928,100
2019-06-28 09:30:00.000000069,100022,100,99998,200,100050,100,99994,100,100054,100,99989,100,100057,100,99962,100,100062,100,99956,100,100078,100,99952,100,100085,100,99948,100,100104,100,99946,100,100118,200,99943,100,100185,100,99928,100
2019-06-28 09:30:00.000000072,100022,100,99998,200,100036,100,99994,100,100050,100,99989,100,100054,100,99962,100,100057,100,99956,100,100062,100,99952,100,100078,100,99948,100,100085,100,99946,100,100104,100,99943,100,100118,200,99928,100
2019-06-28 09:30:00.000000073,100022,100,99998,200,100036,100,99994,100,100050,100,99989,100,100054,100,99962,100,100057,100,99956,100,100062,100,99952,100,100078,100,99948,100,100085,100,99946,100,100104,100,99943,100,100118,200,99928,100
2019-06-28 09:30:00.000000074,100022,100,100002,100,100036,100,99998,200,100050,100,99994,100,100051,100,99989,100,100054,100,99962,100,100057,100,99956,100,100062,100,99952,100,100078,100,99948,100,100085,100,99946,100,100104,100,99943,100
2019-06-28 09:30:00.000000075,100022,100,100002,100,100036,100,99998,200,100050,100,99994,100,100051,100,99989,100,100054,100,99962,100,100057,100,99956,100,100062,100,99952,100,100078,100,99948,100,100085,100,99946,100,100104,100,99943,100
2019-06-28 09:30:00.000000076,100022,100,100002,100,100036,100,99998,200,100050,100,99994,100,100051,100,99989,100,100054,100,99962,100,100057,100,99956,100,100059,100,99955,100,100062,100,99952,100,100076,100,99948,100,100078,100,99946,100
2019-06-28 09:30:00.000000077,100022,100,99998,200,100036,100,99994,100,100050,100,99989,100,100051,100,99962,100,100054,100,99956,100,100057,100,99955,100,100059,100,99952,100,100062,100,99948,100,100076,100,99946,100,100078,100,99943,100
2019-06-28 09:30:00.000000078,100022,100,99998,200,100036,100,99994,100,100050,100,99989,100,100051,100,99962,100,100054,100,99956,100,100057,100,99955,100,100059,100,99952,100,100062,100,99948,100,100076,100,99946,100,100078,100,99943,100
2019-06-28 09:30:00.000000080,100022,100,99998,200,100036,100,99994,100,100050,100,99989,100,100051,100,99962,100,100054,100,99956,100,100057,100,99955,100,100059,100,99952,100,100062,100,99948,100,100076,100,99946,100,100078,100,99943,100
2019-06-28 09:30:00.000000082,100022,100,99998,200,100036,100,99994,100,100050,100,99989,100,100051,100,99962,100,100054,100,99956,100,100057,100,99955,100,100059,100,99952,100,100062,100,99948,100,100076,100,99946,100,100078,100,99943,100
2019-06-28 09:30:00.000000096,100036,100,99998,200,100050,100,99994,100,100051,100,99989,100,100054,100,99962,100,100057,100,99956,100,100059,100,99955,100,100062,100,99952,100,100076,100,99948,100,100078,100,99946,100,100085,100,99943,100
2019-06-28 09:30:05.049573518,100036,100,99998,200,100050,100,99994,100,100051,100,99989,100,100054,100,99962,100,100057,100,99956,100,100059,100,99955,100,100062,100,99952,100,100076,100,99948,100,100078,100,99946,100,100085,100,99943,100
2019-06-28 09:30:06.061760222,100036,100,100002,100,100050,100,99998,200,100051,100,99994,100,100054,100,99989,100,100057,100,99962,100,100059,100,99956,100,100062,100,99955,100,100076,100,99952,100,100078,100,99948,100,100085,100,99946,100
2019-06-28 09:30:07.311171007,100036,100,100002,100,100050,100,99998,200,100051,100,99994,100,100054,100,99989,100,100057,100,99962,100,100059,100,99956,100,100062,100,99955,100,100078,100,99952,100,100085,100,99948,100,100092,100,99946,100
2019-06-28 09:30:10.000000000,100036,424,100002,424,100050,100,99998,200,100051,100,99994,100,100054,100,99989,100,100057,100,99962,100,100059,100,99956,100,100062,100,99955,100,100078,100,99952,100,100085,100,99948,100,100092,100,99946,100
2019-06-28 09:30:20.000000000,100036,262,100002,262,100050,262,99998,362,100051,100,99994,100,100054,100,99989,100,100057,100,99962,100,100059,100,99956,100,100062,100,99955,100,100078,100,99952,100,100085,100,99948,100,100092,100,99946,100
2019-06-28 09:30:30.000000000,100036,181,100002,181,100050,181,99998,281,100051,181,99994,181,100054,181,99989,181,100057,100,99962,100,100059,100,99956,100,100062,100,99955,100,100078,100,99952,100,100085,100,99948,100,100092,100,99946,100
2019-06-28 09:30:40.000000000,100036,262,100002,262,100050,262,99998,362,100051,100,99994,100,100054,100,99989,100,100057,100,99962,100,100059,100,99956,100,100062,100,99955,100,100078,100,99952,100,100085,100,99948,100,100092,100,99946,100
2019-06-28 09:30:50.000000000,100036,181,100002,181,100050,181,99998,281,100051,181,99994,181,100054,181,99989,181,100057,100,99962,100,100059,100,99956,100,100062,100,99955,100,100078,100,99952,100,100085,100,99948,100,100092,100,99946,100
2019-06-28 09:30:52.139696635,100036,181,100002,181,100050,181,99998,281,100051,181,99994,181,100054,181,99989,181,100057,100,99962,100,100059,100,99956,100,100062,100,99955,100,100064,100,99952,100,100078,100,99948,100,100085,100,99946,100
2019-06-28 09:31:00.000000000,100036,165,100002,165,100050,165,99998,265,100051,165,99994,165,100054,165,99989,165,100057,165,99962,165,100059,100,99956,100,100062,100,99955,100,100064,100,99952,100,100078,100,99948,100,100085,100,99946,100
2019-06-28 09:31:10.000000000,100036,181,100002,181,100050,181,99998,281,100051,181,99994,181,100054,181,99989,181,100057,100,99962,100,100059,100,99956,100,100062,100,99955,100,100064,100,99952,100,100078,100,99948,100,100085,100,99946,100
2019-06-28 09:31:11.509218975,100036,181,100002,281,100050,181,99998,281,100051,181,99994,181,100054,181,99989,181,100057,100,99962,100,100059,100,99956,100,100062,100,99955,100,100064,100,99952,100,100078,100,99946,100,100085,100,99943,100
2019-06-28 09:31:20.000000000,100036,181,100002,281,100050,181,99998,281,100051,181,99994,181,100054,181,99989,181,100057,100,99962,100,100059,100,99956,100,100062,100,99955,100,100064,100,99952,100,100078,100,99946,100,100085,100,99943,100
2019-06-28 09:31:28.071289506,100036,181,100002,281,100050,181,99998,281,100051,181,99994,181,100054,181,99989,181,100057,100,99962,100,100059,100,99956,100,100062,100,99955,100,100064,100,99952,100,100078,100,99946,100,100085,100,99943,100
2019-06-28 09:31:30.000000000,100036,165,100002,265,100050,165,99998,265,100051,165,99994,165,100054,165,99989,165,100057,165,99962,165,100059,100,99956,100,100062,100,99955,100,100064,100,99952,100,100078,100,99946,100,100085,100,99943,100
2019-06-28 09:31:40.000000000,100036,165,100002,265,100050,165,99998,265,100051,165,99994,165,100054,165,99989,165,100057,165,99962,165,100059,100,99956,100,100062,100,99955,100,100064,100,99952,100,100078,100,99946,100,100085,100,99943,100
2019-06-28 09:31:49.257982110,100036,165,100002,265,100050,165,99998,265,100051,165,99994,165,100054,165,99989,165,100057,165,99962,165,100059,100,99956,100,100062,100,99955,100,100064,100,99952,100,100078,100,99946,100,100085,100,99943,100
2019-06-28 09:31:50.000000000,100036,424,100002,524,100050,100,99998,200,100051,100,99994,100,100054,100,99989,100,100057,100,99962,100,100059,100,99956,100,100062,100,99955,100,100064,100,99952,100,100078,100,99946,100,100085,100,99943,100
2019-06-28 09:32:00.000000000,100036,210,100002,310,100050,207,99998,307,100051,207,99994,207,100054,100,99989,100,100057,100,99962,100,100059,100,99956,100,100062,100,99955,100,100064,100,99952,100,100078,100,99946,100,100085,100,99943,100
2019-06-28 09:32:00.266603568,100036,110,100002,310,100050,207,99998,307,100051,207,99994,207,100054,100,99989,100,100057,100,99962,100,100059,100,99956,100,100062,100,99955,100,100064,100,99952,100,100078,100,99946,100,100085,100,99943,100
2019-06-28 09:32:01.296564897,100036,110,100022,100,100050,207,100002,310,100051,207,99998,307,100054,100,99994,207,100057,100,99989,100,100059,100,99962,100,100062,100,99955,100,100064,100,99952,100,100078,100,99946,100,100085,100,99943,100
2019-06-28 09:32:10.000000000,100050,165,100022,165,100051,165,100002,265,100054,165,99998,265,100057,165,99994,165,100059,165,99989,165,100062,100,99962,100,100064,100,99955,100,100078,100,99952,100,100085,100,99946,100,100092,100,99943,100
2019-06-28 09:32:20.000000000,100050,262,100022,262,100051,262,100002,362,100054,100,99998,200,100057,100,99994,100,100059,100,99989,100,100062,100,99962,100,100064,100,99955,100,100078,100,99952,100,100085,100,99946,100,100092,100,99943,100
2019-06-28 09:32:30.000000000,100050,181,100022,181,100051,181,100002,281,100054,181,99998,281,100057,181,99994,181,100059,100,99989,100,100062,100,99962,100,100064,100,99955,100,100078,100,99952,100,100085,100,99946,100,100092,100,99943,100
2019-06-28 09:32:37.184731134,100050,181,100022,181,100051,181,100002,281,100054,181,99998,281,100057,181,99994,181,100059,100,99989,100,100064,100,99962,100,100078,100,99955,100,100084,100,99952,100,100085,100,99946,100,100092,100,99943,100
2019-06-28 09:32:40.000000000,100050,165,100022,165,100051,165,100002,265,100054,165,99998,265,100057,165,99994,165,100059,165,99989,165,100064,100,99962,100,100078,100,99955,100,100084,100,99952,100,100085,100,99946,100,100092,100,99943,100
2019-06-28 09:32:50.000000000,100050,424,100022,424,100051,100,100002,200,100054,100,99998,200,100057,100,99994,100,100059,100,99989,100,100064,100,99962,100,100078,100,99955,100,100084,100,99952,100,100085,100,99946,100,100092,100,99943,100
2019-06-28 09:32:58.726454914,100050,424,100022,424,100051,100,100002,200,100054,100,99998,200,100057,100,99994,100,100059,100,99989,100,100064,100,99962,100,100078,100,99955,100,100084,100,99952,100,100085,100,99946,100,100092,100,99943,100
2019-06-28 09:33:00.000000000,100050,424,100022,424,100051,100,100002,200,100054,100,99998,200,100057,100,99994,100,100059,100,99989,100,100064,100,99962,100,100078,100,99955,100,100084,100,99952,100,100085,100,99946,100,100092,100,99943,100
2019-06-28 09:33:10.000000000,100050,424,100022,424,100051,100,100002,200,100054,100,99998,200,100057,100,99994,100,100059,100,99989,100,100064,100,99962,100,100078,100,99955,100,100084,100,99952,100,100085,100,99946,100,100092,100,99943,100
2019-06-28 09:33:20.000000000,100050,262,100022,262,100051,262,100002,362,100054,100,99998,200,100057,100,99994,100,100059,100,99989,100,100064,100,99962,100,100078,100,99955,100,100084,100,99952,100,100085,100,99946,100,100092,100,99943,100
2019-06-28 09:33:30.000000000,100050,181,100022,181,100051,181,100002,281,100054,181,99998,281,100057,181,99994,181,100059,100,99989,100,100064,100,99962,100,100078,100,99955,100,100084,100,99952,100,100085,100,99946,100,100092,100,99943,100
2019-06-28 09:33:35.733147722,100050,81,100022,181,100051,181,100002,281,100054,181,99998,281,100057,181,99994,81,100059,100,99989,100,100064,100,99962,100,100078,100,99955,100,100084,100,99952,100,100085,100,99946,100,100092,100,99943,100
2019-06-28 09:33:40.000000000,100051,181,100022,181,100054,181,100002,281,100057,181,99998,281,100059,181,99989,181,100064,100,99962,100,100078,100,99955,100,100084,100,99952,100,100085,100,99946,100,100092,100,99943,100,100104,100,99928,100
2019-06-28 09:33:45.611908345,100051,81,100022,181,100054,181,100002,281,100057,181,99998,281,100059,181,99989,181,100064,100,99962,100,100078,100,99955,100,100084,100,99952,100,100085,100,99946,100,100092,100,99943,100,100118,200,99928,100
2019-06-28 09:33:50.000000000,100054,424,100022,424,100057,100,100002,200,100059,100,99998,200,100064,100,99989,100,100078,100,99962,100,100084,100,99955,100,100085,100,99952,100,100092,100,99946,100,100118,200,99943,100,100151,100,99928,100
2019-06-28 09:34:00.000000000,100054,210,100022,210,100057,207,100002,307,100059,207,99998,307,100064,100,99989,100,100078,100,99962,100,100084,100,99955,100,100085,100,99952,100,100092,100,99946,100,100118,200,99943,100,100151,100,99928,100
2019-06-28 09:34:10.000000000,100054,181,100022,181,100057,181,100002,281,100059,181,99998,281,100064,181,99989,181,100078,100,99962,100,100084,100,99955,100,100085,100,99952,100,100092,100,99946,100,100118,200,99943,100,100151,100,99928,100
2019-06-28 09:34:15.201022807,100054,181,100022,181,100057,181,100002,281,100058,100,99998,281,100059,181,99989,181,100064,181,99962,100,100078,100,99955,100,100084,100,99952,100,100085,100,99946,100,100092,100,99943,100,100118,200,99928,100
2019-06-28 09:34:17.074082736,100054,181,100050,100,100057,181,100022,181,100058,100,100002,281,100059,181,99998,281,100064,181,99989,181,100078,100,99962,100,100084,100,99955,100,100085,100,99952,100,100092,100,99946,100,100118,200,99943,100
2019-06-28 09:34:20.000000000,100054,210,100050,210,100057,207,100022,207,100058,207,100002,307,100059,100,99998,200,100064,100,99989,100,100078,100,99962,100,100084,100,99955,100,100085,100,99952,100,100092,100,99946,100,100118,200,99943,100
2019-06-28 09:34:30.000000000,100054,181,100050,181,100057,181,100022,181,100058,181,100002,281,100059,181,99998,281,100064,100,99989,100,100078,100,99962,100,100084,100,99955,100,100085,100,99952,100,100092,100,99946,100,100118,200,99943,100
2019-06-28 09:34:30.063740676,100054,181,100050,181,100057,181,100022,181,100058,181,100002,281,100059,181,99998,281,100064,100,99989,100,100078,100,99962,100,100084,100,99955,100,100085,100,99952,100,100092,100,99946,100,100118,200,99943,100
2019-06-28 09:34:39.518459658,100054,181,100050,181,100057,181,100022,181,100058,181,100002,281,100059,181,99998,281,100064,100,99989,100,100078,100,99962,100,100084,100,99955,100,100085,100,99952,100,100092,100,99946,100,100118,200,99943,100
2019-06-28 09:34:40.000000000,100054,424,100050,424,100057,100,100022,100,100058,100,100002,200,100059,100,99998,200,100064,100,99989,100,100078,100,99962,100,100084,100,99955,100,100085,100,99952,100,100092,100,99946,100,100118,200,99943,100
2019-06-28 09:34:42.991383376,100054,424,100050,424,100057,100,100025,100,100058,100,100022,100,100059,100,100002,200,100064,100,99998,200,100078,100,99989,100,100084,100,99962,100,100085,100,99955,100,100092,100,99952,100,100118,200,99946,100
2019-06-28 09:34:44.458190983,100054,424,100050,424,100057,100,100025,100,100058,100,100022,100,100059,100,100002,200,100064,100,99998,200,100078,100,99989,100,100084,100,99962,100,100085,100,99955,100,100092,100,99952,100,100118,200,99946,100
2019-06-28 09:34:50.000000000,100054,165,100050,165,100057,165,100025,165,100058,165,100022,165,100059,165,100002,265,100064,165,99998,265,100078,100,99989,100,100084,100,99962,100,100085,100,99955,100,100092,100,99952,100,100118,200,99946,100
2019-06-28 09:35:00.000000000,100054,262,100050,262,100057,262,100025,262,100058,100,100022,100,100059,100,100002,200,100064,100,99998,200,100078,100,99989,100,100084,100,99962,100,100085,100,99955,100,100092,100,99952,100,100118,200,99946,100
2019-06-28 09:35:04.949422603,100054,262,100050,162,100057,262,100025,262,100058,100,100022,100,100059,100,100002,200,100064,100,99998,200,100078,100,99989,100,100084,100,99962,100,100085,100,99955,100,100092,100,99952,100,100118,200,99946,100
2019-06-28 09:35:10.000000000,100054,424,100025,424,100057,100,100022,100,100058,100,100002,200,100059,100,99998,200,100064,100,99989,100,100078,100,99962,100,100084,100,99955,100,100085,100,99952,100,100092,100,99946,100,100118,200,99943,100
2019-06-28 09:35:20.000000000,100054,262,100025,262,100057,262,100022,262,100058,100,100002,200,100059,100,99998,200,100064,100,99989,100,100078,100,99962,100,100084,100,99955,100,100085,100,99952,100,100092,100,99946,100,100118,200,99943,100
2019-06-28 09:35:30.000000000,100054,424,100025,424,100057,100,100022,100,100058,100,100002,200,100059,100,99998,200,100064,100,99989,100,100078,100,99962,100,100084,100,99955,100,100085,100,99952,100,100092,100,99946,100,100118,200,99943,100
2019-06-28 09:35:40.000000000,100054,262,100025,262,100057,262,100022,262,100058,100,100002,200,100059,100,99998,200,100064,100,99989,100,100078,100,99962,100,100084,100,99955,100,100085,100,99952,100,100092,100,99946,100,100118,200,99943,100
2019-06-28 09:35:50.000000000,100054,181,100025,181,100057,181,100022,181,100058,181,100002,281,100059,181,99998,281,100064,100,99989,100,100078,100,99962,100,100084,100,99955,100,100085,100,99952,100,100092,100,99946,100,100118,200,99943,100
2019-06-28 09:36:00.000000000,100054,210,100025,210,100057,207,100022,207,100058,207,100002,307,100059,100,99998,200,100064,100,99989,100,100078,100,99962,100,100084,100,99955,100,100085,100,99952,100,100092,100,99946,100,100118,200,99943,100
2019-06-28 09:36:10.000000000,100054,181,100025,181,100057,181,100022,181,100058,181,100002,281,100059,181,99998,281,100064,100,99989,100,100078,100,99962,100,100084,100,99955,100,100085,100,99952,100,100092,100,99946,100,100118,200,99943,100
2019-06-28 09:36:11.364295277,100050,100,100025,181,100054,81,100022,181,100057,181,100002,281,100058,181,99998,281,100059,181,99989,100,100064,100,99962,100,100078,100,99955,100,100084,100,99952,100,100085,100,99946,100,100092,100,99943,100
2019-06-28 09:36:20.000000000,100050,181,100025,181,100057,181,100022,181,100058,181,100002,281,100059,181,99998,281,100064,100,99989,100,100078,100,99962,100,100084,100,99955,100,100085,100,99952,100,100092,100,99946,100,100118,200,99943,100
2019-06-28 09:36:29.249855831,100050,181,100025,181,100057,181,100022,181,100058,181,100002,181,100059,181,99998,281,100064,100,99989,100,100078,100,99962,100,100084,100,99955,100,100085,100,99952,100,100092,100,99946,100,100118,200,99943,100
2019-06-28 09:36:30.000000000,100050,210,100025,210,100057,207,100022,207,100058,207,100002,207,100059,100,99998,200,100064,100,99989,100,100078,100,99962,100,100084,100,99955,100,100085,100,99952,100,100092,100,99946,100,100118,200,99943,100
2019-06-28 09:36:40.000000000,100050,165,100025,165,100057,165,100022,165,100058,165,100002,165,100059,165,99998,265,100064,165,99989,165,100078,100,99962,100,100084,100,99955,100,100085,100,99952,100,100092,100,99946,100,100118,200,99943,100
2019-06-28 09:36:43.548283582,100050,65,100025,165,100057,165,100022,165,100058,165,100002,165,100059,165,99998,265,100064,165,99989,165,100078,100,99962,100,100084,100,99955,100,100085,100,99952,100,100092,100,99946,100,100118,200,99943,100
2019-06-28 09:36:50.000000000,100057,165,100025,165,100058,165,100022,165,100059,165,100002,165,100064,165,99998,265,100078,165,99989,165,100084,100,99962,100,100085,100,99955,100,100092,100,99952,100,100118,200,99946,100,100151,100,99943,100
2019-06-28 09:37:00.000000000,100057,424,100025,424,100058,100,100022,100,100059,100,100002,100,100064,100,99998,200,100078,100,99989,100,100084,100,99962,100,100085,100,99955,100,100092,100,99952,100,100118,200,99946,100,100151,100,99943,100
2019-06-28 09:37:10.000000000,100057,210,100025,210,100058,207,100022,207,100059,207,100002,207,100064,100,99998,200,100078,100,99989,100,100084,100,99962,100,100085,100,99955,100,100092,100,99952,100,100118,200,99946,100,100151,100,99943,100
2019-06-28 09:37:20.000000000,100057,165,100025,165,100058,165,100022,165,100059,165,100002,165,100064,165,99998,265,100078,165,99989,165,100084,100,99962,100,100085,100,99955,100,100092,100,99952,100,100118,200,99946,100,100151,100,99943,100
2019-06-28 09:37:30.000000000,100057,181,100025,181,100058,181,100022,181,100059,181,100002,181,100064,181,99998,281,100078,100,99989,100,100084,100,99962,100,100085,100,99955,100,100092,100,99952,100,100118,200,99946,100,100151,100,99943,100
2019-06-28 09:37:33.517083848,100057,181,100051,100,100058,181,100025,181,100059,181,100022,181,100064,181,100002,181,100078,100,99998,281,100084,100,99989,100,100085,100,99962,100,100092,100,99955,100,100118,200,99952,100,100151,100,99946,100
2019-06-28 09:37:40.000000000,100057,210,100051,210,100058,207,100025,207,100059,207,100022,207,100064,100,100002,100,100078,100,99998,200,100084,100,99989,100,100085,100,99962,100,100092,100,99955,100,100118,200,99952,100,100151,100,99946,100
2019-06-28 09:37:50.000000000,100057,181,100051,181,100058,181,100025,181,100059,181,100022,181,100064,181,100002,181,100078,100,99998,200,100084,100,99989,100,100085,100,99962,100,100092,100,99955,100,100118,200,99952,100,100151,100,99946,100
2019-06-28 09:38:00.000000000,100057,181,100051,181,100058,181,100025,181,100059,181,100022,181,100064,181,100002,181,100078,100,99998,200,100084,100,99989,100,100085,100,99962,100,100092,100,99955,100,100118,200,99952,100,100151,100,99946,100
2019-06-28 09:38:09.801913654,100057,181,100051,81,100058,181,100025,181,100059,181,100022,181,100064,181,100002,181,100078,100,99998,200,100084,100,99989,100,100085,100,99962,100,100092,100,99955,100,100118,200,99952,100,100151,100,99946,100
2019-06-28 09:38:10.000000000,100057,210,100025,210,100058,207,100022,207,100059,207,100002,207,100064,100,99998,200,100078,100,99989,100,100084,100,99962,100,100085,100,99955,100,100092,100,99952,100,100118,200,99946,100,100151,100,99943,100
2019-06-28 09:38:16.025094418,100049,100,100025,210,100057,210,100022,207,100058,207,100002,207,100059,207,99998,200,100064,100,99989,100,100078,100,99962,100,100084,100,99955,100,100085,100,99952,100,100092,100,99946,100,100118,200,99943,100
2019-06-28 09:38:20.000000000,100049,165,100025,165,100057,165,100022,165,100058,165,100002,165,100059,165,99998,265,100064,165,99989,165,100078,100,99962,100,100084,100,99955,100,100085,100,99952,100,100092,100,99946,100,100118,200,99943,100
2019-06-28 09:38:30.000000000,100049,181,100025,181,100057,181,100022,181,100058,181,100002,181,100059,181,99998,281,100064,100,99989,100,100078,100,99962,100,100084,100,99955,100,100085,100,99952,100,100092,100,99946,100,100118,200,99943,100
2019-06-28 09:38:40.000000000,100049,165,100025,165,100057,165,100022,165,100058,165,100002,165,100059,165,99998,265,100064,165,99989,165,100078,100,99962,100,100084,100,99955,100,100085,100,99952,100,100092,100,99946,100,100118,200,99943,100
2019-06-28 09:38:44.303738870,100049,165,100025,65,100057,165,100022,165,100058,165,100002,165,100059,165,99998,265,100064,165,99989,165,100078,100,99962,100,100084,100,99955,100,100085,100,99946,100,100092,100,99943,100,100118,200,99919,100
2019-06-28 09:38:50.000000000,100049,210,100022,210,100057,207,100002,207,100058,207,99998,307,100059,100,99989,100,100064,100,99962,100,100078,100,99955,100,100084,100,99946,100,100085,100,99943,100,100092,100,99919,100,100118,200,99909,100
2019-06-28 09:38:51.431801312,100049,210,100022,110,100057,207,100002,207,100058,207,99998,307,100059,100,99989,100,100064,100,99962,100,100078,100,99955,100,100084,100,99946,100,100085,100,99943,100,100092,100,99919,100,100118,200,99909,100
2019-06-28 09:38:51.855069327,100049,210,100022,10,100057,207,100002,207,100058,207,99998,307,100059,100,99989,100,100064,100,99962,100,100078,100,99955,100,100084,100,99946,100,100085,100,99943,100,100092,100,99919,100,100118,200,99909,100
2019-06-28 09:38:55.153391350,100022,90,100002,207,100049,210,99998,307,100057,207,99989,100,100058,207,99962,100,100059,100,99955,100,100064,100,99946,100,100078,100,99943,100,100084,100,99919,100,100085,100,99909,100,100092,100,99902,100
2019-06-28 09:39:00.000000000,100022,414,100002,424,100049,100,99998,200,100057,100,99989,100,100058,100,99962,100,100059,100,99955,100,100064,100,99946,100,100078,100,99943,100,100084,100,99919,100,100085,100,99909,100,100092,100,99902,100
2019-06-28 09:39:06.818729035,100022,514,100002,424,100049,100,99998,200,100057,100,99989,100,100058,100,99962,100,100059,100,99955,100,100064,100,99946,100,100078,100,99943,100,100084,100,99919,100,100085,100,99909,100,100092,100,99902,100
2019-06-28 09:39:10.000000000,100022,255,100002,165,100049,165,99998,265,100057,165,99989,165,100058,165,99962,165,100059,165,99955,165,100064,100,99946,100,100078,100,99943,100,100084,100,99919,100,100085,100,99909,100,100092,100,99902,100
2019-06-28 09:39:20.000000000,100022,255,100002,165,100049,165,99998,265,100057,165,99989,165,100058,165,99962,165,100059,165,99955,165,100064,100,99946,100,100078,100,99943,100,100084,100,99919,100,100085,100,99909,100,100092,100,99902,100
2019-06-28 09:39:28.381234113,100022,255,100002,65,100049,165,99998,265,100057,165,99989,165,100058,165,99962,165,100059,165,99955,165,100064,100,99946,100,100078,100,99943,100,100084,100,99919,100,100085,100,99909,100,100092,100,99902,100
2019-06-28 09:39:30.000000000,100022,514,99998,524,100049,100,99989,100,100057,100,99962,100,100058,100,99955,100,100059,100,99946,100,100064,100,99943,100,100078,100,99919,100,100084,100,99909,100,100085,100,99902,100,100092,100,99897,100
2019-06-28 09:39:40.000000000,100022,255,99998,265,100049,165,99989,165,100057,165,99962,165,100058,165,99955,165,100059,165,99946,165,100064,100,99943,100,100078,100,99919,100,100084,100,99909,100,100085,100,99902,100,100092,100,99897,100
2019-06-28 09:39:50.000000000,100022,300,99998,310,100049,207,99989,207,100057,207,99962,207,100058,100,99955,100,100059,100,99946,100,100064,100,99943,100,100078,100,99919,100,100084,100,99909,100,100085,100,99902,100,100092,100,99897,100
2019-06-28 09:40:00.000000000,100022,271,99998,281,100049,181,99989,181,100057,181,99962,181,100058,181,99955,181,100059,100,99946,100,100064,100,99943,100,100078,100,99919,100,100084,100,99909,100,100085,100,99902,100,100092,100,99897,100
2019-06-28 09:40:10.000000000,100022,255,99998,265,100049,165,99989,165,100057,165,99962,165,100058,165,99955,165,100059,165,99946,165,100064,100,99943,100,100078,100,99919,100,100084,100,99909,100,100085,100,99902,100,100092,100,99897,100
2019-06-28 09:40:20.000000000,100022,352,99998,362,100049,262,99989,262,100057,100,99962,100,100058,100,99955,100,100059,100,99946,100,100064,100,99943,100,100078,100,99919,100,100084,100,99909,100,100085,100,99902,100,100092,100,99897,100
2019-06-28 09:40:29.218122107,100022,352,99998,262,100049,262,99989,262,100057,100,99962,100,100058,100,99955,100,100059,100,99946,100,100064,100,99943,100,100078,100,99919,100,100085,100,99909,100,100092,100,99902,100,100118,200,99897,100
2019-06-28 09:40:30.000000000,100022,271,99998,181,100049,181,99989,181,100057,181,99962,181,100058,181,99955,181,100059,100,99946,100,100064,100,99943,100,100078,100,99919,100,100085,100,99909,100,100092,100,99902,100,100118,200,99897,100
2019-06-28 09:40:34.984429303,100022,271,99998,181,100049,181,99989,181,100057,181,99962,181,100058,81,99955,181,100059,100,99946,100,100064,100,99943,100,100078,100,99919,100,100085,100,99909,100,100092,100,99902,100,100118,200,99897,100
2019-06-28 09:40:40.000000000,100022,255,99998,165,100049,165,99989,165,100057,165,99962,165,100059,165,99955,165,100064,165,99946,165,100078,100,99943,100,100085,100,99919,100,100092,100,99909,100,100118,200,99902,100,100151,100,99897,100
2019-06-28 09:40:46.371285397,100022,255,99998,165,100049,165,99989,165,100057,165,99962,165,100059,165,99955,165,100064,165,99946,165,100078,100,99943,100,100085,100,99919,100,100092,100,99909,100,100118,200,99902,100,100151,100,99897,100
2019-06-28 09:40:47.757916487,100002,100,99998,165,100022,255,99989,165,100049,165,99962,165,100057,165,99955,165,100059,165,99946,165,100064,165,99943,100,100078,100,99919,100,100085,100,99909,100,100092,100,99902,100,100118,200,99897,100
2019-06-28 09:40:50.000000000,100002,210,99998,210,100022,297,99989,207,100049,207,99962,207,100057,100,99955,100,100059,100,99946,100,100064,100,99943,100,100078,100,99919,100,100085,100,99909,100,100092,100,99902,100,100118,200,99897,100
2019-06-28 09:41:00.000000000,100002,424,99998,424,100022,190,99989,100,100049,100,99962,100,100057,100,99955,100,100059,100,99946,100,100064,100,99943,100,100078,100,99919,100,100085,100,99909,100,100092,100,99902,100,100118,200,99897,100
2019-06-28 09:41:10.000000000,100002,424,99998,424,100022,190,99989,100,100049,100,99962,100,100057,100,99955,100,100059,100,99946,100,100064,100,99943,100,100078,100,99919,100,100085,100,99909,100,100092,100,99902,100,100118,200,99897,100
2019-06-28 09:41:10.847342828,100002,524,99998,424,100022,190,99989,100,100057,100,99962,100,100059,100,99955,100,100064,100,99946,100,100078,100,99943,100,100085,100,99919,100,100092,100,99909,100,100118,200,99902,100,100151,100,99897,100
2019-06-28 09:41:11.404237807,100002,524,99998,424,100022,190,99989,100,100057,100,99962,100,100059,100,99955,100,100064,100,99943,100,100078,100,99919,100,100085,100,99909,100,100092,100,99902,100,100118,200,99897,100,100151,100,99895,100
2019-06-28 09:41:20.000000000,100002,310,99998,210,100022,297,99989,207,100057,207,99962,207,100059,100,99955,100,100064,100,99943,100,100078,100,99919,100,100085,100,99909,100,100092,100,99902,100,100118,200,99897,100,100151,100,99895,100
2019-06-28 09:41:30.000000000,100002,281,99998,181,100022,271,99989,181,100057,181,99962,181,100059,181,99955,181,100064,100,99943,100,100078,100,99919,100,100085,100,99909,100,100092,100,99902,100,100118,200,99897,100,100151,100,99895,100
2019-06-28 09:41:33.885320539,100002,281,99998,81,100022,271,99989,181,100057,181,99962,181,100059,181,99955,181,100064,100,99943,100,100078,100,99919,100,100085,100,99909,100,100092,100,99902,100,100118,200,99897,100,100151,100,99895,100
2019-06-28 09:41:40.000000000,100002,362,99989,262,100022,352,99962,262,100057,100,99955,100,100059,100,99943,100,100064,100,99919,100,100078,100,99909,100,100085,100,99902,100,100092,100,99897,100,100118,200,99895,100,100151,100,99884,100
2019-06-28 09:41:40.308190348,100002,362,99989,262,100022,352,99962,262,100057,100,99955,100,100059,100,99919,100,100064,100,99909,100,100078,100,99902,100,100085,100,99897,100,100092,100,99895,100,100118,200,99884,100,100151,100,99880,100
2019-06-28 09:41:50.000000000,100002,281,99989,181,100022,271,99962,181,100057,181,99955,181,100059,181,99919,181,100064,100,99909,100,100078,100,99902,100,100085,100,99897,100,100092,100,99895,100,100118,200,99884,100,100151,100,99880,100
2019-06-28 09:41:50.488849313,100002,281,99989,181,100022,271,99962,181,100057,181,99955,181,100059,181,99919,181,100064,100,99909,100,100085,100,99902,100,100092,100,99897,100,100118,200,99895,100,100151,100,99884,100,100241,100,99880,100
2019-06-28 09:42:00.000000000,100002,310,99989,210,100022,297,99962,207,100057,207,99955,207,100059,100,99919,100,100064,100,99909,100,100085,100,99902,100,100092,100,99897,100,100118,200,99895,100,100151,100,99884,100,100241,100,99880,100
2019-06-28 09:42:00.306824815,100002,310,99989,110,100022,297,99962,207,100057,207,99955,207,100059,100,99919,100,100064,100,99909,100,100085,100,99902,100,100092,100,99897,100,100118,200,99895,100,100151,100,99884,100,100241,100,99880,100
2019-06-28 09:42:00.642431288,99998,100,99989,110,100002,310,99962,207,100022,297,99955,207,100057,207,99919,100,100059,100,99909,100,100064,100,99902,100,100085,100,99897,100,100092,100,99895,100,100118,200,99884,100,100151,100,99880,100
2019-06-28 09:42:02.992186883,99998,100,99989,110,100002,310,99962,207,100022,297,99955,207,100057,107,99919,100,100059,100,99909,100,100064,100,99902,100,100085,100,99897,100,100092,100,99895,100,100118,200,99884,100,100151,100,99880,100
2019-06-28 09:42:10.000000000,99998,210,99962,210,100002,307,99955,207,100022,297,99919,207,100059,100,99909,100,100064,100,99902,100,100085,100,99897,100,100092,100,99895,100,100118,200,99884,100,100151,100,99880,100,100241,100,99871,100
2019-06-28 09:42:20.000000000,99998,210,99962,210,100002,307,99955,207,100022,297,99919,207,100059,100,99909,100,100064,100,99902,100,100085,100,99897,100,100092,100,99895,100,100118,200,99884,100,100151,100,99880,100,100241,100,99871,100
2019-06-28 09:42:30.000000000,99998,210,99962,210,100002,307,99955,207,100022,297,99919,207,100059,100,99909,100,100064,100,99902,100,100085,100,99897,100,100092,100,99895,100,100118,200,99884,100,100151,100,99880,100,100241,100,99871,100
2019-06-28 09:42:35.294108409,99998,210,99962,110,100002,307,99955,207,100022,297,99919,207,100059,100,99909,100,100064,100,99902,100,100085,100,99897,100,100092,100,99895,100,100118,200,99884,100,100151,100,99880,100,100241,100,99871,100
2019-06-28 09:42:36.740099485,99998,210,99962,110,100002,307,99955,207,100022,297,99919,207,100059,100,99909,100,100064,100,99902,100,100085,100,99897,100,100092,100,99895,100,100118,200,99884,100,100151,100,99880,100,100241,100,99871,100
2019-06-28 09:42:40.000000000,99998,165,99955,165,100002,265,99919,165,100022,255,99909,165,100059,165,99902,165,100064,165,99897,165,100085,100,99895,100,100092,100,99884,100,100118,200,99880,100,100151,100,99871,100,100241,100,99680,100
2019-06-28 09:42:50.000000000,99998,165,99955,165,100002,265,99919,165,100022,255,99909,165,100059,165,99902,165,100064,165,99897,165,100085,100,99895,100,100092,100,99884,100,100118,200,99880,100,100151,100,99871,100,100241,100,99680,100
2019-06-28 09:43:00.000000000,99998,262,99955,262,100002,362,99919,262,100022,190,99909,100,100059,100,99902,100,100064,100,99897,100,100085,100,99895,100,100092,100,99884,100,100118,200,99880,100,100151,100,99871,100,100241,100,99680,100
2019-06-28 09:43:10.000000000,99998,262,99955,262,100002,362,99919,262,100022,190,99909,100,100059,100,99902,100,100064,100,99897,100,100085,100,99895,100,100092,100,99884,100,100118,200,99880,100,100151,100,99871,100,100241,100,99680,100
2019-06-28 09:43:18.826105527,99998,262,99955,262,100002,362,99919,262,100022,190,99909,100,100059,100,99902,100,100064,100,99897,100,100085,100,99895,100,100092,100,99884,100,100118,200,99880,100,100151,100,99871,100,100241,100,99680,100
2019-06-28 09:43:20.000000000,99998,210,99955,210,100002,307,99919,207,100022,297,99909,207,100059,100,99902,100,100064,100,99897,100,100085,100,99895,100,100092,100,99884,100,100118,200,99880,100,100151,100,99871,100,100241,100,99680,100
2019-06-28 09:43:22.584390577,99998,210,99955,110,100002,307,99919,207,100022,297,99909,207,100059,100,99902,100,100064,100,99897,100,100085,100,99895,100,100092,100,99884,100,100118,100,99880,100,100151,100,99871,100,100241,100,99680,100
2019-06-28 09:43:29.750800567,99998,210,99955,10,100002,307,99919,207,100022,297,99909,207,100059,100,99902,100,100064,100,99897,100,100085,100,99895,100,100092,100,99884,100,100118,100,99880,100,100151,100,99871,100,100241,100,99680,100
2019-06-28 09:43:30.000000000,99998,262,99919,262,100002,362,99909,262,100022,190,99902,100,100059,100,99897,100,100064,100,99895,100,100085,100,99884,100,100092,100,99880,100,100118,100,99871,100,100151,100,99680,100,100241,100,99517,100
2019-06-28 09:43:30.594335771,99998,262,99919,262,100002,362,99909,262,100022,90,99902,100,100059,100,99897,100,100064,100,99895,100,100085,100,99884,100,100092,100,99880,100,100118,100,99871,100,100151,100,99680,100,100241,100,99517,100
2019-06-28 09:43:40.000000000,99998,424,99919,424,100002,200,99909,100,100022,90,99902,100,100059,100,99897,100,100064,100,99895,100,100085,100,99884,100,100092,100,99880,100,100118,100,99871,100,100151,100,99680,100,100241,100,99517,100
2019-06-28 09:43:42.275653999,99955,100,99919,424,99998,324,99909,100,100002,200,99902,100,100022,90,99897,100,100059,100,99895,100,100064,100,99884,100,100085,100,99880,100,100092,100,99871,100,100118,100,99680,100,100151,100,99517,100
2019-06-28 09:43:50.000000000,99955,181,99919,181,100002,281,99909,181,100022,171,99902,181,100059,181,99897,181,100064,100,99895,100,100085,100,99884,100,100092,100,99880,100,100118,100,99871,100,100151,100,99680,100,100241,100,99517,100
2019-06-28 09:43:58.899402527,99955,181,99919,181,100002,281,99909,181,100022,171,99902,181,100059,181,99897,181,100064,100,99895,100,100085,100,99884,100,100092,100,99880,100,100118,100,99871,100,100151,100,99680,100,100241,100,99518,100
2019-06-28 09:44:00.000000000,99955,424,99919,424,100002,200,99909,100,100022,90,99902,100,100059,100,99897,100,100064,100,99895,100,100085,100,99884,100,100092,100,99880,100,100118,100,99871,100,100151,100,99680,100,100241,100,99518,100
2019-06-28 09:44:00.813684093,99955,524,99919,424,100002,200,99909,100,100022,90,99902,100,100059,100,99897,100,100064,100,99895,100,100085,100,99884,100,100092,100,99880,100,100118,100,99871,100,100151,100,99680,100,100241,100,99518,100
2019-06-28 09:44:10.000000000,99955,362,99919,262,100002,362,99909,262,100022,90,99902,100,100059,100,99897,100,100064,100,99895,100,100085,100,99884,100,100092,100,99880,100,100118,100,99871,100,100151,100,99680,100,100241,100,99518,100
2019-06-28 09:44:13.109173438,99955,362,99919,262,100002,362,99909,262,100022,90,99902,100,100059,100,99897,100,100064,100,99895,100,100085,100,99884,100,100092,100,99880,100,100118,100,99871,100,100151,100,99812,100,100241,100,99680,100
2019-06-28 09:44:14.999857376,99955,362,99919,162,100002,362,99909,262,100022,90,99902,100,100059,100,99897,100,100064,100,99895,100,100085,100,99884,100,100092,100,99880,100,100118,100,99871,100,100151,100,99812,100,100241,100,99680,100
2019-06-28 09:44:20.000000000,99955,362,99909,262,100002,362,99902,262,100022,90,99897,100,100059,100,99895,100,100064,100,99884,100,100085,100,99880,100,100092,100,99871,100,100118,100,99812,100,100151,100,99680,100,100241,100,99518,100
2019-06-28 09:44:30.000000000,99955,265,99909,165,100002,265,99902,165,100022,155,99897,165,100059,165,99895,165,100064,165,99884,165,100085,100,99880,100,100092,100,99871,100,100118,100,99812,100,100151,100,99680,100,100241,100,99518,100
2019-06-28 09:44:34.885628810,99955,265,99909,165,100002,265,99902,165,100022,155,99897,165,100059,165,99895,165,100064,165,99884,165,100085,100,99880,100,100092,100,99871,100,100118,100,99812,100,100151,100,99680,100,100190,100,99518,100
2019-06-28 09:44:38.152312243,99955,265,99909,165,100002,265,99902,165,100022,155,99897,165,100059,165,99895,165,100064,165,99884,165,100085,100,99880,100,100092,100,99871,100,100118,100,99812,100,100151,100,99680,100,100190,100,99518,100
2019-06-28 09:44:40.000000000,99955,265,99909,165,100002,265,99902,165,100022,155,99897,165,100059,165,99895,165,100064,165,99884,165,100085,100,99880,100,100092,100,99871,100,100118,100,99812,100,100151,100,99680,100,100190,100,99518,100
2019-06-28 09:44:50.000000000,99955,281,99909,181,100002,281,99902,181,100022,171,99897,181,100059,181,99895,181,100064,100,99884,100,100085,100,99880,100,100092,100,99871,100,100118,100,99812,100,100151,100,99680,100,100190,100,99518,100
2019-06-28 09:45:00.000000000,99955,524,99909,424,100002,200,99902,100,100022,90,99897,100,100059,100,99895,100,100064,100,99884,100,100085,100,99880,100,100092,100,99871,100,100118,100,99812,100,100151,100,99680,100,100190,100,99518,100
2019-06-28 09:45:10.000000000,99955,310,99909,210,100002,307,99902,207,100022,197,99897,207,100059,100,99895,100,100064,100,99884,100,100085,100,99880,100,100092,100,99871,100,100118,100,99812,100,100151,100,99680,100,100190,100,99518,100
2019-06-28 09:45:20.000000000,99955,265,99909,165,100002,265,99902,165,100022,155,99897,165,100059,165,99895,165,100064,165,99884,165,100085,100,99880,100,100092,100,99871,100,100118,100,99812,100,100151,100,99680,100,100190,100,99518,100
2019-06-28 09:45:30.000000000,99955,265,99909,165,100002,265,99902,165,100022,155,99897,165,100059,165,99895,165,100064,165,99884,165,100085,100,99880,100,100092,100,99871,100,100118,100,99812,100,100151,100,99680,100,100190,100,99518,100
2019-06-28 09:45:40.000000000,99955,310,99909,210,100002,307,99902,207,100022,197,99897,207,100059,100,99895,100,100064,100,99884,100,100085,100,99880,100,100092,100,99871,100,100118,100,99812,100,100151,100,99680,100,100190,100,99518,100
2019-06-28 09:45:49.292751629,99955,210,99909,210,100002,307,99902,207,100022,197,99897,207,100059,100,99895,100,100064,100,99884,100,100085,100,99880,100,100092,100,99871,100,100118,100,99812,100,100151,100,99680,100,100190,100,99518,100
2019-06-28 09:45:50.000000000,99955,165,99909,165,100002,265,99902,165,100022,155,99897,165,100059,165,99895,165,100064,165,99884,165,100085,100,99880,100,100092,100,99871,100,100118,100,99812,100,100151,100,99680,100,100190,100,99518,100
2019-06-28 09:46:00.000000000,99955,262,99909,262,100002,362,99902,262,100022,90,99897,100,100059,100,99895,100,100064,100,99884,100,100085,100,99880,100,100092,100,99871,100,100118,100,99812,100,100151,100,99680,100,100190,100,99518,100
2019-06-28 09:46:10.000000000,99955,181,99909,181,100002,281,99902,181,100022,171,99897,181,100059,181,99895,181,100064,100,99884,100,100085,100,99880,100,100092,100,99871,100,100118,100,99812,100,100151,100,99680,100,100190,100,99518,100
2019-06-28 09:46:20.000000000,99955,262,99909,262,100002,362,99902,262,100022,90,99897,100,100059,100,99895,100,100064,100,99884,100,100085,100,99880,100,100092,100,99871,100,100118,100,99812,100,100151,100,99680,100,100190,100,99518,100
2019-06-28 09:46:30.000000000,99955,262,99909,262,100002,362,99902,262,100022,90,99897,100,100059,100,99895,100,100064,100,99884,100,100085,100,99880,100,100092,100,99871,100,100118,100,99812,100,100151,100,99680,100,100190,100,99518,100
2019-06-28 09:46:30.398920448,99955,162,99909,262,100002,362,99902,262,100022,90,99897,100,100059,100,99895,100,100064,100,99884,100,100085,100,99880,100,100092,100,99871,100,100118,100,99812,100,100151,100,99680,100,100190,100,99518,100
2019-06-28 09:46:40.000000000,100002,310,99909,210,100022,197,99902,207,100059,207,99897,207,100064,100,99895,100,100085,100,99884,100,100092,100,99880,100,100118,100,99871,100,100151,100,99812,100,100190,100,99680,100,100193,100,99518,100
2019-06-28 09:46:40.913817912,100002,310,99909,210,100022,197,99902,207,100059,207,99897,207,100064,100,99895,100,100085,100,99884,100,100092,100,99880,100,100118,100,99871,100,100151,100,99812,100,100190,100,99680,100,100193,100,99518,100
2019-06-28 09:46:41.770225376,100002,310,99909,210,100022,197,99902,207,100059,207,99897,207,100064,100,99895,100,100085,100,99884,100,100092,100,99880,100,100118,100,99871,100,100151,100,99812,100,100190,100,99680,100,100193,100,99518,100
2019-06-28 09:46:50.000000000,100002,524,99909,424,100022,90,99902,100,100059,100,99897,100,100064,100,99895,100,100085,100,99884,100,100092,100,99880,100,100118,100,99871,100,100151,100,99812,100,100190,100,99680,100,100193,100,99518,100
2019-06-28 09:47:00.000000000,100002,524,99909,424,100022,90,99902,100,100059,100,99897,100,100064,100,99895,100,100085,100,99884,100,100092,100,99880,100,100118,100,99871,100,100151,100,99812,100,100190,100,99680,100,100193,100,99518,100
2019-06-28 09:47:04.706252796,100002,424,99955,100,100022,90,99909,424,100059,100,99902,100,100064,100,99897,100,100085,100,99895,100,100092,100,99884,100,100118,100,99880,100,100151,100,99871,100,100190,100,99812,100,100193,100,99680,100
2019-06-28 09:47:10.000000000,100002,181,99955,181,100022,171,99909,181,100059,181,99902,181,100064,181,99897,181,100085,100,99895,100,100092,100,99884,100,100118,100,99880,100,100151,100,99871,100,100190,100,99812,100,100193,100,99680,100
2019-06-28 09:47:18.926057787,100002,81,99955,181,100022,171,99909,181,100059,181,99902,181,100064,181,99897,181,100085,100,99895,100,100092,100,99884,100,100118,100,99880,100,100151,100,99871,100,100190,100,99812,100,100193,100,99680,100
2019-06-28 09:47:20.000000000,100022,200,99955,210,100059,207,99909,207,100064,207,99902,207,100085,100,99897,100,100092,100,99895,100,100118,100,99884,100,100151,100,99880,100,100190,100,99871,100,100193,100,99812,100,100241,100,99680,100
2019-06-28 09:47:21.583205918,100022,100,99955,210,100059,207,99909,207,100064,207,99902,207,100085,100,99897,100,100092,100,99895,100,100118,100,99884,100,100151,100,99880,100,100190,100,99871,100,100241,100,99812,100,100246,100,99680,100
2019-06-28 09:47:21.598153799,100059,207,99955,210,100064,207,99909,207,100085,100,99902,207,100092,100,99897,100,100118,100,99895,100,100151,100,99884,100,100190,100,99880,100,100241,100,99871,100,100246,100,99680,100,100266,100,99518,100
2019-06-28 09:47:30.000000000,100059,165,99955,165,100064,165,99909,165,100085,165,99902,165,100092,165,99897,165,100118,165,99895,165,100151,100,99884,100,100190,100,99880,100,100241,100,99871,100,100246,100,99680,100,100266,100,99518,100
2019-06-28 09:47:40.000000000,100059,424,99955,424,100064,100,99909,100,100085,100,99902,100,100092,100,99897,100,100118,100,99895,100,100151,100,99884,100,100190,100,99880,100,100241,100,99871,100,100246,100,99680,100,100266,100,99518,100
2019-06-28 09:47:50.000000000,100059,210,99955,210,100064,207,99909,207,100085,207,99902,207,100092,100,99897,100,100118,100,99895,100,100151,100,99884,100,100190,100,99880,100,100241,100,99871,100,100246,100,99680,100,100266,100,99518,100
2019-06-28 09:47:51.553511529,100059,210,100022,100,100064,207,99955,210,100085,207,99909,207,100092,100,99902,207,100118,100,99897,100,100151,100,99895,100,100190,100,99884,100,100241,100,99880,100,100246,100,99871,100,100266,100,99680,100
2019-06-28 09:48:00.000000000,100059,424,100022,424,100064,100,99955,100,100085,100,99909,100,100092,100,99902,100,100118,100,99897,100,100151,100,99895,100,100190,100,99884,100,100241,100,99880,100,100246,100,99871,100,100266,100,99680,100
2019-06-28 09:48:10.000000000,100059,262,100022,262,100064,262,99955,262,100085,100,99909,100,100092,100,99902,100,100118,100,99897,100,100151,100,99895,100,100190,100,99884,100,100241,100,99880,100,100246,100,99871,100,100266,100,99680,100
2019-06-28 09:48:10.444379247,100059,262,100022,362,100064,262,99955,262,100085,100,99909,100,100092,100,99902,100,100118,100,99897,100,100151,100,99895,100,100190,100,99884,100,100241,100,99880,100,100246,100,99871,100,100266,100,99680,100
2019-06-28 09:48:20.000000000,100059,181,100022,281,100064,181,99955,181,100085,181,99909,181,100092,181,99902,181,100118,100,99897,100,100151,100,99895,100,100190,100,99884,100,100241,100,99880,100,100246,100,99871,100,100266,100,99680,100
2019-06-28 09:48:30.000000000,100059,210,100022,310,100064,207,99955,207,100085,207,99909,207,100092,100,99902,100,100118,100,99897,100,100151,100,99895,100,100190,100,99884,100,100241,100,99880,100,100246,100,99871,100,100266,100,99680,100
2019-06-28 09:48:32.986417465,100059,110,100022,310,100064,207,99955,207,100085,207,99909,207,100092,100,99902,100,100118,100,99897,100,100151,100,99895,100,100190,100,99884,100,100241,100,99880,100,100246,100,99871,100,100266,100,99680,100
2019-06-28 09:48:40.000000000,100064,262,100022,362,100085,262,99955,262,100092,100,99909,100,100118,100,99902,100,100151,100,99897,100,100190,100,99895,100,100241,100,99884,100,100246,100,99880,100,100266,100,99871,100,101212,100,99680,100
2019-06-28 09:48:43.045420845,100064,262,100022,362,100085,262,99955,262,100092,100,99909,100,100118,100,99902,100,100151,100,99897,100,100190,100,99895,100,100241,100,99884,100,100246,100,99880,100,100266,100,99871,100,101156,100,99680,100
2019-06-28 09:48:50.000000000,100064,181,100022,281,100085,181,99955,181,100092,181,99909,181,100118,181,99902,181,100151,100,99897,100,100190,100,99895,100,100241,100,99884,100,100246,100,99880,100,100266,100,99871,100,101156,100,99680,100
2019-06-28 09:49:00.000000000,100064,262,100022,362,100085,262,99955,262,100092,100,99909,100,100118,100,99902,100,100151,100,99897,100,100190,100,99895,100,100241,100,99884,100,100246,100,99880,100,100266,100,99871,100,101156,100,99680,100
2019-06-28 09:49:10.000000000,100064,424,100022,524,100085,100,99955,100,100092,100,99909,100,100118,100,99902,100,100151,100,99897,100,100190,100,99895,100,100241,100,99884,100,100246,100,99880,100,100266,100,99871,100,101156,100,99680,100
2019-06-28 09:49:20.000000000,100064,181,100022,281,100085,181,99955,181,100092,181,99909,181,100118,181,99902,181,100151,100,99897,100,100190,100,99895,100,100241,100,99884,100,100246,100,99880,100,100266,100,99871,100,101156,100,99680,100
2019-06-28 09:49:30.000000000,100064,181,100022,281,100085,181,99955,181,100092,181,99909,181,100118,181,99902,181,100151,100,99897,100,100190,100,99895,100,100241,100,99884,100,100246,100,99880,100,100266,100,99871,100,101156,100,99680,100
2019-06-28 09:49:40.000000000,100064,424,100022,524,100085,100,99955,100,100092,100,99909,100,100118,100,99902,100,100151,100,99897,100,100190,100,99895,100,100241,100,99884,100,100246,100,99880,100,100266,100,99871,100,101156,100,99680,100
2019-06-28 09:49:50.000000000,100064,424,100022,524,100085,100,99955,100,100092,100,99909,100,100118,100,99902,100,100151,100,99897,100,100190,100,99895,100,100241,100,99884,100,100246,100,99880,100,100266,100,99871,100,101156,100,99680,100
2019-06-28 09:49:51.057648874,100064,424,100022,524,100085,100,99955,100,100092,100,99909,100,100118,100,99902,100,100151,100,99897,100,100190,100,99895,100,100241,100,99884,100,100246,100,99880,100,100266,100,99871,100,100660,100,99680,100
2019-06-28 09:49:59.827506235,100064,424,100022,524,100085,100,99955,100,100092,100,99909,100,100118,100,99902,100,100151,100,99897,100,100190,100,99895,100,100241,100,99884,100,100246,100,99880,100,100266,100,99871,100,100397,100,99518,100
2019-06-28 09:50:00.000000000,100064,181,100022,281,100085,181,99955,181,100092,181,99909,181,100118,181,99902,181,100151,100,99897,100,100190,100,99895,100,100241,100,99884,100,100246,100,99880,100,100266,100,99871,100,100397,100,99518,100
2019-06-28 09:50:00.405694649,100064,81,100022,281,100085,181,99955,181,100092,181,99909,181,100118,181,99902,181,100151,100,99897,100,100190,100,99895,100,100241,100,99884,100,100266,100,99880,100,100397,100,99871,100,100660,100,99518,100
2019-06-28 09:50:10.000000000,100085,424,100022,524,100092,100,99955,100,100118,100,99909,100,100151,100,99902,100,100190,100,99897,100,100241,100,99895,100,100266,100,99884,100,100397,100,99880,100,100660,100,99871,100,101156,100,99518,100
2019-06-28 09:50:13.711266436,100085,424,100022,424,100092,100,99955,100,100118,100,99909,100,100151,100,99902,100,100190,100,99897,100,100241,100,99895,100,100266,100,99884,100,100397,100,99880,100,100660,100,99871,100,101156,100,99518,100
2019-06-28 09:50:18.478809588,100085,324,100022,424,100092,100,99955,100,100118,100,99909,100,100151,100,99902,100,100190,100,99897,100,100241,100,99895,100,100266,100,99884,100,100397,100,99880,100,100660,100,99871,100,101156,100,99518,100
2019-06-28 09:50:20.000000000,100092,424,100022,424,100118,100,99955,100,100151,100,99909,100,100190,100,99902,100,100241,100,99897,100,100266,100,99895,100,100397,100,99884,100,100660,100,99880,100,101156,100,99871,100,101212,100,99518,100
2019-06-28 09:50:30.000000000,100092,181,100022,181,100118,181,99955,181,100151,181,99909,181,100190,181,99902,181,100241,100,99897,100,100266,100,99895,100,100397,100,99884,100,100660,100,99880,100,101156,100,99871,100,101212,100,99518,100
2019-06-28 09:50:37.513909473,100092,181,100064,100,100118,181,100022,181,100151,181,99955,181,100190,181,99909,181,100241,100,99902,181,100266,100,99897,100,100397,100,99895,100,100660,100,99884,100,101156,100,99880,100,101212,100,99871,100
2019-06-28 09:50:40.000000000,100092,181,100064,181,100118,181,100022,181,100151,181,99955,181,100190,181,99909,181,100241,100,99902,100,100266,100,99897,100,100397,100,99895,100,100660,100,99884,100,101156,100,99880,100,101212,100,99871,100
2019-06-28 09:50:45.398878423,100092,81,100064,181,100118,181,100022,181,100151,181,99955,181,100190,181,99909,181,100241,100,99902,100,100266,100,99897,100,100397,100,99884,100,100660,100,99880,100,101156,100,99871,100,101212,100,99518,100
2019-06-28 09:50:50.000000000,100118,165,100064,165,100151,165,100022,165,100190,165,99955,165,100241,165,99909,165,100266,165,99902,165,100397,100,99897,100,100660,100,99884,100,101156,100,99880,100,101212,100,99871,100,101484,100,99518,100
2019-06-28 09:51:00.000000000,100118,181,100064,181,100151,181,100022,181,100190,181,99955,181,100241,181,99909,181,100266,100,99902,100,100397,100,99897,100,100660,100,99884,100,101156,100,99880,100,101212,100,99871,100,101484,100,99518,100
2019-06-28 09:51:00.640048528,100118,181,100064,181,100151,181,100022,181,100190,181,99955,181,100241,181,99909,181,100266,100,99902,100,100397,100,99897,100,100442,100,99884,100,100660,100,99880,100,101156,100,99871,100,101212,100,99518,100
2019-06-28 09:51:10.000000000,100118,262,100064,262,100151,262,100022,262,100190,100,99955,100,100241,100,99909,100,100266,100,99902,100,100397,100,99897,100,100442,100,99884,100,100660,100,99880,100,101156,100,99871,100,101212,100,99518,100
2019-06-28 09:51:13.559225041,100118,162,100064,262,100151,262,100022,262,100190,100,99955,100,100241,100,99909,100,100266,100,99902,100,100397,100,99897,100,100442,100,99884,100,100660,100,99880,100,101156,100,99871,100,101212,100,99518,100
2019-06-28 09:51:16.335468587,100118,62,100064,262,100151,262,100022,262,100190,100,99955,100,100266,100,99909,100,100397,100,99902,100,100442,100,99897,100,100660,100,99884,100,101156,100,99880,100,101212,100,99871,100,101484,100,99518,100
2019-06-28 09:51:20.000000000,100151,424,100064,424,100190,100,100022,100,100266,100,99955,100,100397,100,99909,100,100442,100,99902,100,100660,100,99897,100,101156,100,99884,100,101212,100,99880,100,101484,100,99871,100,,,99518,100
2019-06-28 09:51:27.533202065,100151,424,100118,100,100190,100,100064,424,100266,100,100022,100,100397,100,99955,100,100442,100,99909,100,100660,100,99902,100,101156,100,99897,100,101212,100,99884,100,101484,100,99880,100,,,99871,100
2019-06-28 09:51:29.614905638,100151,424,100118,200,100190,100,100064,424,100266,100,100022,100,100397,100,99955,100,100442,100,99909,100,100660,100,99902,100,101156,100,99897,100,101212,100,99884,100,101484,100,99880,100,,,99871,100
2019-06-28 09:51:30.000000000,100151,165,100118,265,100190,165,100064,165,100266,165,100022,165,100397,165,99955,165,100442,165,99909,165,100660,100,99902,100,101156,100,99897,100,101212,100,99884,100,101484,100,99880,100,,,99871,100
2019-06-28 09:51:36.001320982,100151,165,100118,265,100190,165,100111,100,100266,165,100064,165,100397,65,100022,165,100442,165,99955,165,100660,100,99909,165,101156,100,99902,100,101212,100,99897,100,101484,100,99884,100,,,99880,100
2019-06-28 09:51:40.000000000,100151,210,100118,310,100190,207,100111,207,100266,207,100064,207,100442,100,100022,100,100660,100,99955,100,101156,100,99909,100,101212,100,99902,100,101484,100,99897,100,,,99884,100,,,99880,100
2019-06-28 09:51:50.000000000,100151,181,100118,281,100190,181,100111,181,100266,181,100064,181,100442,181,100022,181,100660,100,99955,100,101156,100,99909,100,101212,100,99902,100,101484,100,99897,100,,,99884,100,,,99880,100
2019-06-28 09:52:00.000000000,100151,165,100118,265,100190,165,100111,165,100266,165,100064,165,100442,165,100022,165,100660,165,99955,165,101156,100,99909,100,101212,100,99902,100,101484,100,99897,100,,,99884,100,,,99880,100
2019-06-28 09:52:03.640329889,100151,165,100118,265,100190,165,100111,165,100266,165,100064,165,100271,100,100022,165,100442,165,99955,165,100660,165,99909,100,101156,100,99902,100,101212,100,99897,100,101484,100,99884,100,,,99880,100
2019-06-28 09:52:07.119898773,100151,165,100118,265,100190,165,100111,165,100266,165,100064,165,100271,100,100022,165,100442,165,99955,165,100447,100,99909,100,100660,165,99902,100,101156,100,99897,100,101212,100,99884,100,,,99880,100
2019-06-28 09:52:10.000000000,100151,181,100118,281,100190,181,100111,181,100266,181,100064,181,100271,181,100022,181,100442,100,99955,100,100447,100,99909,100,100660,100,99902,100,101156,100,99897,100,101212,100,99884,100,,,99880,100
2019-06-28 09:52:12.221907485,100151,181,100118,281,100190,181,100111,181,100266,181,100074,100,100271,181,100064,181,100442,100,100022,181,100447,100,99955,100,100660,100,99909,100,101156,100,99902,100,101212,100,99897,100,,,99884,100
2019-06-28 09:52:19.691319749,100151,181,100118,281,100190,181,100111,181,100266,181,100074,100,100271,181,100064,181,100442,100,100022,181,100447,100,99955,100,100660,100,99909,100,101156,100,99902,100,101212,100,99897,100,,,99884,100
2019-06-28 09:52:20.000000000,100151,181,100118,281,100190,181,100111,181,100266,181,100074,181,100271,181,100064,181,100442,100,100022,100,100447,100,99955,100,100660,100,99909,100,101156,100,99902,100,101212,100,99897,100,,,99884,100
2019-06-28 09:52:21.038959118,100151,181,100118,281,100190,181,100111,181,100266,181,100074,181,100271,181,100064,181,100442,100,100022,100,100447,100,99995,100,100660,100,99955,100,101156,100,99909,100,,,99902,100,,,99897,100
2019-06-28 09:52:30.000000000,100151,181,100118,281,100190,181,100111,181,100266,181,100074,181,100271,181,100064,181,100442,100,100022,100,100447,100,99995,100,100660,100,99955,100,101156,100,99909,100,,,99902,100,,,99897,100
2019-06-28 09:52:31.844719617,100151,181,100118,281,100190,181,100111,181,100266,181,100074,181,100271,181,100064,181,100442,100,100022,100,100447,100,99995,100,100660,100,99955,100,101156,100,99909,100,,,99902,100,,,99897,100
2019-06-28 09:52:37.720182838,100151,181,100118,181,100190,181,100111,181,100266,181,100074,181,100271,181,100064,181,100442,100,100022,100,100447,100,99995,100,100660,100,99955,100,101156,100,99909,100,,,99902,100,,,99897,100
2019-06-28 09:52:40.000000000,100151,262,100118,262,100190,262,100111,262,100266,100,100074,100,100271,100,100064,100,100442,100,100022,100,100447,100,99995,100,100660,100,99955,100,101156,100,99909,100,,,99902,100,,,99897,100
2019-06-28 09:52:41.021415003,100151,262,100118,262,100190,162,100111,262,100266,100,100074,100,100271,100,100064,100,100317,100,100022,100,100442,100,99995,100,100447,100,99955,100,100660,100,99909,100,101156,100,99902,100,,,99897,100
2019-06-28 09:52:42.458075795,100151,262,100118,262,100190,162,100111,262,100266,100,100074,100,100271,100,100064,100,100317,100,100033,100,100442,100,100022,100,100447,100,99995,100,100660,100,99955,100,101156,100,99909,100,,,99902,100
2019-06-28 09:52:45.333606015,100151,262,100118,262,100190,162,100111,262,100266,100,100074,100,100271,100,100064,100,100317,100,100034,100,100442,100,100033,100,100447,100,100022,100,100660,100,99995,100,101156,100,99955,100,,,99909,100
2019-06-28 09:52:50.000000000,100151,165,100118,165,100266,165,100111,165,100271,165,100074,165,100317,165,100064,165,100442,165,100034,165,100447,100,100033,100,100660,100,100022,100,101156,100,99995,100,,,99955,100,,,99909,100
2019-06-28 09:53:00.000000000,100151,210,100118,210,100266,207,100111,207,100271,207,100074,207,100317,100,100064,100,100442,100,100034,100,100447,100,100033,100,100660,100,100022,100,101156,100,99995,100,,,99955,100,,,99909,100
2019-06-28 09:53:10.000000000,100151,165,100118,165,100266,165,100111,165,100271,165,100074,165,100317,165,100064,165,100442,165,100034,165,100447,100,100033,100,100660,100,100022,100,101156,100,99995,100,,,99955,100,,,99909,100
2019-06-28 09:53:13.456265223,100151,165,100118,65,100266,165,100111,165,100271,165,100074,165,100317,165,100064,165,100442,165,100034,165,100447,100,100033,100,100660,100,100022,100,101156,100,99995,100,,,99955,100,,,99909,100
2019-06-28 09:53:20.000000000,100151,262,100111,262,100266,262,100074,262,100271,100,100064,100,100317,100,100034,100,100442,100,100033,100,100447,100,100022,100,100660,100,99995,100,101156,100,99955,100,,,99909,100,,,99902,100
2019-06-28 09:53:30.000000000,100151,424,100111,424,100266,100,100074,100,100271,100,100064,100,100317,100,100034,100,100442,100,100033,100,100447,100,100022,100,100660,100,99995,100,101156,100,99955,100,,,99909,100,,,99902,100
2019-06-28 09:53:40.000000000,100151,181,100111,181,100266,181,100074,181,100271,181,100064,181,100317,181,100034,181,100442,100,100033,100,100447,100,100022,100,100660,100,99995,100,101156,100,99955,100,,,99909,100,,,99902,100
2019-06-28 09:53:45.703826870,100151,81,100111,181,100266,181,100074,181,100271,181,100072,100,100317,181,100064,181,100442,100,100034,181,100447,100,100033,100,100660,100,100022,100,101156,100,99995,100,,,99955,100,,,99909,100
2019-06-28 09:53:50.000000000,100266,165,100111,165,100271,165,100074,165,100317,165,100072,165,100442,165,100064,165,100447,165,100034,165,100660,100,100033,100,101156,100,100022,100,,,99995,100,,,99955,100,,,99909,100
2019-06-28 09:54:00.000000000,100266,210,100111,210,100271,207,100074,207,100317,207,100072,207,100442,100,100064,100,100447,100,100034,100,100660,100,100033,100,101156,100,100022,100,,,99995,100,,,99955,100,,,99909,100
2019-06-28 09:54:10.000000000,100266,262,100111,262,100271,262,100074,262,100317,100,100072,100,100442,100,100064,100,100447,100,100034,100,100660,100,100033,100,101156,100,100022,100,,,99995,100,,,99955,100,,,99909,100
2019-06-28 09:54:20.000000000,100266,165,100111,165,100271,165,100074,165,100317,165,100072,165,100442,165,100064,165,100447,165,100034,165,100660,100,100033,100,101156,100,100022,100,,,99995,100,,,99955,100,,,99909,100
2019-06-28 09:54:20.931781322,100266,65,100111,165,100271,165,100074,165,100317,165,100072,165,100442,165,100064,165,100447,165,100034,165,100660,100,100033,100,101156,100,100022,100,,,99995,100,,,99955,100,,,99909,100
2019-06-28 09:54:29.105753487,100266,65,100119,100,100271,165,100111,165,100317,165,100074,165,100442,165,100072,165,100447,165,100064,165,100660,100,100034,165,101156,100,100033,100,,,100022,100,,,99995,100,,,99955,100
2019-06-28 09:54:30.000000000,100271,210,100119,210,100317,207,100111,207,100442,207,100074,207,100447,100,100072,100,100660,100,100064,100,101156,100,100034,100,,,100033,100,,,100022,100,,,99995,100,,,99955,100
2019-06-28 09:54:33.263600422,100271,210,100119,210,100317,207,100111,207,100442,207,100074,207,100447,100,100072,100,100660,100,100064,100,101156,100,100034,100,,,100033,100,,,100022,100,,,99995,100,,,99955,100
2019-06-28 09:54:40.000000000,100271,262,100119,262,100317,262,100111,262,100442,100,100074,100,100447,100,100072,100,100660,100,100064,100,101156,100,100034,100,,,100033,100,,,100022,100,,,99995,100,,,99955,100
2019-06-28 09:54:49.449980771,100256,100,100119,262,100271,262,100111,262,100317,262,100074,100,100442,100,100072,100,100447,100,100064,100,100660,100,100034,100,101156,100,100033,100,,,100022,100,,,99995,100,,,99955,100
2019-06-28 09:54:50.000000000,100256,165,100119,165,100271,165,100111,165,100317,165,100074,165,100442,165,100072,165,100447,165,100064,165,100660,100,100034,100,101156,100,100033,100,,,100022,100,,,99995,100,,,99955,100
2019-06-28 09:55:00.000000000,100256,165,100119,165,100271,165,100111,165,100317,165,100074,165,100442,165,100072,165,100447,165,100064,165,100660,100,100034,100,101156,100,100033,100,,,100022,100,,,99995,100,,,99955,100
2019-06-28 09:55:04.407066277,100150,100,100119,165,100256,165,100111,165,100271,165,100074,165,100317,165,100072,165,100442,165,100064,165,100447,165,100034,100,100660,100,100033,100,101156,100,100022,100,,,99995,100,,,99955,100
2019-06-28 09:55:10.000000000,100150,181,100119,181,100256,181,100111,181,100271,181,100074,181,100317,181,100072,181,100442,100,100064,100,100447,100,100034,100,100660,100,100033,100,101156,100,100022,100,,,99995,100,,,99955,100
2019-06-28 09:55:11.149400092,100150,181,100119,181,100256,181,100111,181,100271,181,100074,181,100317,181,100072,181,100442,100,100064,100,100447,100,100034,100,100660,100,100033,100,101156,100,100024,100,,,100022,100,,,99995,100
2019-06-28 09:55:20.000000000,100150,210,100119,210,100256,207,100111,207,100271,207,100074,207,100317,100,100072,100,100442,100,100064,100,100447,100,100034,100,100660,100,100033,100,101156,100,100024,100,,,100022,100,,,99995,100
2019-06-28 09:55:24.246653044,100150,210,100119,210,100256,207,100111,207,100271,207,100074,207,100317,100,100072,100,100442,100,100064,100,100447,100,100034,100,100660,100,100033,100,101156,100,100024,100,,,100022,100,,,99995,100
2019-06-28 09:55:30.000000000,100150,262,100119,262,100256,262,100111,262,100271,100,100074,100,100317,100,100072,100,100442,100,100064,100,100447,100,100034,100,100660,100,100033,100,101156,100,100024,100,,,100022,100,,,99995,100
2019-06-28 09:55:40.000000000,100150,262,100119,262,100256,262,100111,262,100271,100,100074,100,100317,100,100072,100,100442,100,100064,100,100447,100,100034,100,100660,100,100033,100,101156,100,100024,100,,,100022,100,,,99995,100
2019-06-28 09:55:44.610653473,100150,262,100119,162,100256,262,100111,262,100271,100,100074,100,100317,100,100072,100,100442,100,100064,100,100447,100,100034,100,100660,100,100033,100,101156,100,100024,100,,,100022,100,,,99995,100
2019-06-28 09:55:50.000000000,100150,424,100111,424,100256,100,100074,100,100271,100,100072,100,100317,100,100064,100,100442,100,100034,100,100447,100,100033,100,100660,100,100024,100,101156,100,100022,100,,,99995,100,,,99955,100
2019-06-28 09:55:55.127047027,100150,424,100111,424,100256,100,100074,100,100271,100,100064,100,100317,100,100034,100,100442,100,100033,100,100447,100,100024,100,100660,100,100022,100,101156,100,99995,100,,,99955,100,,,99902,100
2019-06-28 09:56:00.000000000,100150,165,100111,165,100256,165,100074,165,100271,165,100064,165,100317,165,100034,165,100442,165,100033,165,100447,100,100024,100,100660,100,100022,100,101156,100,99995,100,,,99955,100,,,99902,100
2019-06-28 09:56:04.331853410,100150,165,100111,65,100256,165,100074,165,100271,165,100064,165,100317,165,100034,165,100442,165,100033,165,100447,100,100024,100,100660,100,100022,100,101156,100,99995,100,,,99955,100,,,99902,100
2019-06-28 09:56:06.075925806,100149,100,100111,65,100150,165,100074,165,100256,165,100064,165,100271,165,100034,165,100317,165,100033,165,100442,165,100024,100,100447,100,100022,100,100660,100,99995,100,101156,100,99955,100,,,99902,100
2019-06-28 09:56:08.360759983,100149,100,100111,65,100150,165,100074,165,100256,165,100064,165,100271,165,100034,165,100317,165,100033,165,100442,165,100024,100,100660,100,100022,100,101156,100,99995,100,,,99955,100,,,99902,100
2019-06-28 09:56:10.000000000,100149,262,100074,262,100150,262,100064,262,100256,100,100034,100,100271,100,100033,100,100317,100,100024,100,100442,100,100022,100,100660,100,99995,100,101156,100,99955,100,,,99902,100,,,99897,100
2019-06-28 09:56:20.000000000,100149,181,100074,181,100150,181,100064,181,100256,181,100034,181,100271,181,100033,181,100317,100,100024,100,100442,100,100022,100,100660,100,99995,100,101156,100,99955,100,,,99902,100,,,99897,100
2019-06-28 09:56:28.927585686,100149,281,100074,181,100150,181,100064,181,100256,181,100034,181,100271,181,100033,181,100317,100,100024,100,100442,100,100022,100,100660,100,99995,100,101156,100,99955,100,,,99902,100,,,99897,100
2019-06-28 09:56:30.000000000,100149,362,100074,262,100150,262,100064,262,100256,100,100034,100,100271,100,100033,100,100317,100,100024,100,100442,100,100022,100,100660,100,99995,100,101156,100,99955,100,,,99902,100,,,99897,100
2019-06-28 09:56:40.000000000,100149,310,100074,210,100150,207,100064,207,100256,207,100034,207,100271,100,100033,100,100317,100,100024,100,100442,100,100022,100,100660,100,99995,100,101156,100,99955,100,,,99902,100,,,99897,100
2019-06-28 09:56:45.005512815,100149,310,100074,210,100150,207,100064,207,100256,207,100034,207,100271,100,100033,100,100317,100,100024,100,100442,100,100022,100,100660,100,99995,100,101156,100,99955,100,,,99902,100,,,99897,100
2019-06-28 09:56:49.286886864,100149,310,100074,210,100150,107,100064,207,100256,207,100034,207,100271,100,100033,100,100317,100,100024,100,100442,100,100022,100,100660,100,99995,100,101156,100,99955,100,,,99902,100,,,99897,100
2019-06-28 09:56:50.000000000,100149,310,100074,210,100256,207,100064,207,100271,207,100034,207,100317,100,100033,100,100442,100,100024,100,100660,100,100022,100,101156,100,99995,100,,,99955,100,,,99902,100,,,99897,100
2019-06-28 09:56:51.614330861,100149,310,100074,110,100256,207,100064,207,100271,207,100034,207,100317,100,100033,100,100442,100,100024,100,100660,100,100022,100,101156,100,99995,100,,,99955,100,,,99902,100,,,99897,100
2019-06-28 09:57:00.000000000,100149,362,100064,262,100256,262,100034,262,100271,100,100033,100,100317,100,100024,100,100442,100,100022,100,100660,100,99995,100,101156,100,99955,100,,,99902,100,,,99897,100,,,99880,100
2019-06-28 09:57:10.000000000,100149,281,100064,181,100256,181,100034,181,100271,181,100033,181,100317,181,100024,181,100442,100,100022,100,100660,100,99995,100,101156,100,99955,100,,,99902,100,,,99897,100,,,99880,100
2019-06-28 09:57:17.694786073,100149,281,100064,181,100256,181,100034,181,100271,181,100033,181,100317,181,100024,181,100442,100,100022,100,100660,100,99995,100,101156,100,99955,100,,,99902,100,,,99897,100,,,99880,100
2019-06-28 09:57:20.000000000,100149,362,100064,262,100256,262,100034,262,100271,100,100033,100,100317,100,100024,100,100442,100,100022,100,100660,100,99995,100,101156,100,99955,100,,,99902,100,,,99897,100,,,99880,100
2019-06-28 09:57:26.194758627,100149,362,100064,262,100256,262,100034,262,100271,100,100033,100,100317,100,100024,100,100442,100,100022,100,100660,100,99995,100,101156,100,99955,100,,,99902,100,,,99897,100,,,99880,100
2019-06-28 09:57:30.000000000,100149,524,100064,424,100256,100,100034,100,100271,100,100033,100,100317,100,100024,100,100442,100,100022,100,100660,100,99995,100,101156,100,99955,100,,,99902,100,,,99897,100,,,99880,100
2019-06-28 09:57:31.427822025,100149,524,100064,424,100256,100,100034,100,100271,100,100033,100,100442,100,100024,100,100660,100,100022,100,101156,100,99995,100,,,99955,100,,,99902,100,,,99897,100,,,99880,100
2019-06-28 09:57:33.571419170,100149,524,100064,324,100256,100,100034,100,100271,100,100033,100,100442,100,100024,100,100660,100,100022,100,101156,100,99995,100,,,99955,100,,,99902,100,,,99897,100,,,99880,100
2019-06-28 09:57:35.308119938,100149,524,100064,324,100256,100,100034,100,100271,100,100033,100,100442,100,100024,100,100660,100,100022,100,101156,100,99995,100,,,99955,100,,,99902,100,,,99897,100,,,99880,100
2019-06-28 09:57:40.000000000,100149,281,100034,181,100256,181,100033,181,100271,181,100024,181,100442,181,100022,181,100660,100,99995,100,101156,100,99955,100,,,99902,100,,,99897,100,,,99880,100,,,99848,100
2019-06-28 09:57:50.000000000,100149,310,100034,210,100256,207,100033,207,100271,207,100024,207,100442,100,100022,100,100660,100,99995,100,101156,100,99955,100,,,99902,100,,,99897,100,,,99880,100,,,99848,100
2019-06-28 09:57:59.516009567,100149,310,100034,210,100256,207,100033,207,100271,207,100024,207,100442,100,100022,100,100660,100,99995,100,101156,100,99955,100,,,99902,100,,,99897,100,,,99880,100,,,99848,100
2019-06-28 09:58:00.000000000,100149,524,100034,424,100256,100,100033,100,100271,100,100024,100,100442,100,100022,100,100660,100,99995,100,101156,100,99955,100,,,99902,100,,,99897,100,,,99880,100,,,99848,100
2019-06-28 09:58:02.659601769,100149,524,100034,324,100256,100,100033,100,100271,100,100024,100,100442,100,100022,100,100660,100,99995,100,101156,100,99955,100,,,99902,100,,,99897,100,,,99880,100,,,99848,100
2019-06-28 09:58:09.921284220,100149,524,100034,224,100256,100,100033,100,100271,100,100024,100,100442,100,100022,100,100660,100,99995,100,101156,100,99955,100,,,99902,100,,,99897,100,,,99880,100,,,99848,100
2019-06-28 09:58:10.000000000,100149,310,100033,210,100256,207,100024,207,100271,207,100022,207,100442,100,99995,100,100660,100,99955,100,101156,100,99902,100,,,99897,100,,,99880,100,,,99848,100,,,99817,100
2019-06-28 09:58:20.000000000,100149,362,100033,262,100256,262,100024,262,100271,100,100022,100,100442,100,99995,100,100660,100,99955,100,101156,100,99902,100,,,99897,100,,,99880,100,,,99848,100,,,99817,100
2019-06-28 09:58:30.000000000,100149,281,100033,181,100256,181,100024,181,100271,181,100022,181,100442,181,99995,181,100660,100,99955,100,101156,100,99902,100,,,99897,100,,,99880,100,,,99848,100,,,99817,100
2019-06-28 09:58:39.366849559,100149,281,100033,81,100256,181,100024,181,100271,181,100022,181,100442,181,99995,181,100660,100,99955,100,101156,100,99902,100,,,99897,100,,,99880,100,,,99848,100,,,99817,100
2019-06-28 09:58:40.000000000,100149,362,100024,262,100256,262,100022,262,100271,100,99995,100,100442,100,99955,100,100660,100,99902,100,101156,100,99897,100,,,99880,100,,,99848,100,,,99817,100,,,99774,100
2019-06-28 09:58:50.000000000,100149,265,100024,165,100256,165,100022,165,100271,165,99995,165,100442,165,99955,165,100660,165,99902,165,101156,100,99897,100,,,99880,100,,,99848,100,,,99817,100,,,99774,100
2019-06-28 09:58:57.871567857,100149,265,100024,165,100256,165,100022,165,100271,165,99995,65,100442,165,99955,165,100660,165,99902,165,101156,100,99897,100,,,99880,100,,,99848,100,,,99817,100,,,99774,100
2019-06-28 09:59:00.000000000,100149,524,100024,424,100256,100,100022,100,100271,100,99955,100,100442,100,99902,100,100660,100,99897,100,101156,100,99880,100,,,99848,100,,,99817,100,,,99774,100,,,99612,100
2019-06-28 09:59:10.000000000,100149,362,100024,262,100256,262,100022,262,100271,100,99955,100,100442,100,99902,100,100660,100,99897,100,101156,100,99880,100,,,99848,100,,,99817,100,,,99774,100,,,99612,100
2019-06-28 09:59:20.000000000,100149,362,100024,262,100256,262,100022,262,100271,100,99955,100,100442,100,99902,100,100660,100,99897,100,101156,100,99880,100,,,99848,100,,,99817,100,,,99774,100,,,99612,100
2019-06-28 09:59:30.000000000,100149,265,100024,165,100256,165,100022,165,100271,165,99955,165,100442,165,99902,165,100660,165,99897,165,101156,100,99880,100,,,99848,100,,,99817,100,,,99774,100,,,99612,100
2019-06-28 09:59:40.000000000,100149,524,100024,424,100256,100,100022,100,100271,100,99955,100,100442,100,99902,100,100660,100,99897,100,101156,100,99880,100,,,99848,100,,,99817,100,,,99774,100,,,99612,100
2019-06-28 09:59:40.859403474,100149,524,100024,424,100256,100,100022,100,100271,100,99955,100,100442,100,99902,100,100660,100,99897,100,,,99880,100,,,99848,100,,,99817,100,,,99774,100,,,99626,100
2019-06-28 09:59:44.109511094,100149,424,100024,424,100256,100,100022,100,100271,100,99955,100,100442,100,99902,100,100660,100,99897,100,,,99880,100,,,99848,100,,,99817,100,,,99774,100,,,99626,100
2019-06-28 09:59:50.000000000,100149,165,100024,165,100256,165,100022,165,100271,165,99955,165,100442,165,99902,165,100660,165,99897,165,,,99880,100,,,99848,100,,,99817,100,,,99774,100,,,99626,100
2019-06-28 09:59:58.861044851,100034,100,100024,165,100149,165,100022,165,100256,165,99955,165,100271,165,99902,165,100442,165,99897,165,100660,165,99880,100,,,99848,100,,,99817,100,,,99774,100,,,99626,100
2019-06-28 10:00:00.000000000,100034,165,100024,165,100149,165,100022,165,100256,165,99955,165,100271,165,99902,165,100442,165,99897,165,100660,100,99880,100,,,99848,100,,,99817,100,,,99774,100,,,99626,100
2019-06-28 10:00:08.766222274,100034,165,100024,65,100149,165,100022,165,100256,165,99955,165,100271,165,99902,165,100442,165,99897,165,100660,100,99880,100,,,99848,100,,,99817,100,,,99774,100,,,99626,100
2019-06-28 10:00:10.000000000,100034,165,100022,165,100149,165,99955,165,100256,165,99902,165,100271,165,99897,165,100442,165,99880,165,100660,100,99848,100,,,99817,100,,,99774,100,,,99626,100,,,99612,100
2019-06-28 10:00:20.000000000,100034,210,100022,210,100149,207,99955,207,100256,207,99902,207,100271,100,99897,100,100442,100,99880,100,100660,100,99848,100,,,99817,100,,,99774,100,,,99626,100,,,99612,100
2019-06-28 10:00:28.695759747,100034,210,100022,210,100149,207,99955,207,100256,207,99902,107,100271,100,99897,100,100442,100,99880,100,100660,100,99848,100,,,99817,100,,,99774,100,,,99626,100,,,99612,100
2019-06-28 10:00:30.000000000,100034,424,100022,424,100149,100,99955,100,100256,100,99897,100,100271,100,99880,100,100442,100,99848,100,100660,100,99817,100,,,99774,100,,,99626,100,,,99612,100,,,99584,100
2019-06-28 10:00:30.123468564,100033,100,100022,424,100034,424,99955,100,100149,100,99897,100,100256,100,99880,100,100271,100,99848,100,100442,100,99817,100,100660,100,99774,100,,,99626,100,,,99612,100,,,99584,100
2019-06-28 10:00:34.937956517,100033,100,100022,324,100034,424,99955,100,100149,100,99897,100,100256,100,99880,100,100271,100,99848,100,100442,100,99817,100,100660,100,99774,100,,,99626,100,,,99612,100,,,99584,100
2019-06-28 10:00:40.000000000,100033,181,99955,181,100034,181,99897,181,100149,181,99880,181,100256,181,99848,181,100271,100,99817,100,100442,100,99774,100,100660,100,99626,100,,,99612,100,,,99584,100,,,99103,100
2019-06-28 10:00:50.000000000,100033,262,99955,262,100034,262,99897,262,100149,100,99880,100,100256,100,99848,100,100271,100,99817,100,100442,100,99774,100,100660,100,99626,100,,,99612,100,,,99584,100,,,99103,100
2019-06-28 10:00:54.136734772,100033,262,99955,162,100034,262,99897,262,100149,100,99880,100,100256,100,99848,100,100271,100,99817,100,100442,100,99774,100,100660,100,99626,100,,,99612,100,,,99584,100,,,99103,100
2019-06-28 10:00:55.313636315,100033,262,99955,62,100034,262,99897,262,100149,100,99880,100,100256,100,99848,100,100271,100,99817,100,100442,100,99774,100,100660,100,99626,100,,,99612,100,,,99584,100,,,99103,100
2019-06-28 10:00:58.207486753,100033,262,99955,62,100034,262,99897,262,100149,100,99880,100,100256,100,99848,100,100271,100,99817,100,100442,100,99774,100,100660,100,99626,100,,,99612,100,,,99584,100,,,99275,100
2019-06-28 10:01:00.000000000,100033,181,99897,181,100034,181,99880,181,100149,181,99848,181,100256,181,99817,181,100271,100,99774,100,100442,100,99626,100,100660,100,99612,100,,,99584,100,,,99275,100,,,99103,100
2019-06-28 10:01:08.208702000,100033,181,99897,181,100034,181,99880,181,100149,181,99848,181,100256,181,99817,181,100271,100,99774,100,100442,100,99626,100,100660,100,99612,100,,,99584,100,,,99304,100,,,99275,100
2019-06-28 10:01:10.000000000,100033,262,99897,262,100034,262,99880,262,100149,100,99848,100,100256,100,99817,100,100271,100,99774,100,100442,100,99626,100,100660,100,99612,100,,,99584,100,,,99304,100,,,99275,100
2019-06-28 10:01:20.000000000,100033,165,99897,165,100034,165,99880,165,100149,165,99848,165,100256,165,99817,165,100271,165,99774,165,100442,100,99626,100,100660,100,99612,100,,,99584,100,,,99304,100,,,99275,100
2019-06-28 10:01:30.000000000,100033,210,99897,210,100034,207,99880,207,100149,207,99848,207,100256,100,99817,100,100271,100,99774,100,100442,100,99626,100,100660,100,99612,100,,,99584,100,,,99304,100,,,99275,100
2019-06-28 10:01:30.349555721,100033,210,99897,210,100034,207,99880,207,100149,207,99848,207,100256,100,99817,100,100271,100,99774,100,100442,100,99626,100,100660,100,99612,100,,,99590,100,,,99304,100,,,99275,100
2019-06-28 10:01:40.000000000,100033,165,99897,165,100034,165,99880,165,100149,165,99848,165,100256,165,99817,165,100271,165,99774,165,100442,100,99626,100,100660,100,99612,100,,,99590,100,,,99304,100,,,99275,100
2019-06-28 10:01:50.000000000,100033,262,99897,262,100034,262,99880,262,100149,100,99848,100,100256,100,99817,100,100271,100,99774,100,100442,100,99626,100,100660,100,99612,100,,,99590,100,,,99304,100,,,99275,100
2019-06-28 10:01:58.161247078,100033,262,99956,100,100034,262,99897,262,100149,100,99880,262,100256,100,99848,100,100271,100,99817,100,100442,100,99774,100,100660,100,99626,100,,,99612,100,,,99590,100,,,99304,100
2019-06-28 10:01:59.157008443,100033,262,99956,100,100034,262,99897,262,100149,100,99880,262,100233,100,99848,100,100256,100,99817,100,100271,100,99774,100,100442,100,99626,100,100660,100,99612,100,,,99304,100,,,99275,100
2019-06-28 10:02:00.000000000,100033,210,99956,210,100034,207,99897,207,100149,207,99880,207,100233,100,99848,100,100256,100,99817,100,100271,100,99774,100,100442,100,99626,100,100660,100,99612,100,,,99304,100,,,99275,100
2019-06-28 10:02:10.000000000,100033,165,99956,165,100034,165,99897,165,100149,165,99880,165,100233,165,99848,165,100256,165,99817,165,100271,100,99774,100,100442,100,99626,100,100660,100,99612,100,,,99304,100,,,99275,100
2019-06-28 10:02:17.898991919,100033,165,99956,65,100034,165,99897,165,100149,165,99880,165,100233,165,99848,165,100256,165,99817,165,100442,100,99774,100,100660,100,99626,100,,,99612,100,,,99304,100,,,99275,100
2019-06-28 10:02:17.944038868,100033,165,99956,65,100034,165,99897,165,100149,165,99880,165,100233,165,99848,165,100256,165,99817,165,100442,100,99800,100,100660,100,99774,100,,,99626,100,,,99612,100,,,99304,100
2019-06-28 10:02:18.419339440,100033,65,99956,65,100034,165,99897,165,100149,165,99880,165,100233,165,99848,165,100256,165,99817,165,100442,100,99800,100,100660,100,99774,100,,,99626,100,,,99612,100,,,99304,100
2019-06-28 10:02:20.000000000,100034,165,99897,165,100149,165,99880,165,100233,165,99848,165,100256,165,99817,165,100442,165,99800,165,100660,100,99774,100,,,99626,100,,,99612,100,,,99304,100,,,99275,100
2019-06-28 10:02:30.000000000,100034,424,99897,424,100149,100,99880,100,100233,100,99848,100,100256,100,99817,100,100442,100,99800,100,100660,100,99774,100,,,99626,100,,,99612,100,,,99304,100,,,99275,100
2019-06-28 10:02:34.478280483,100034,424,99897,424,100149,100,99880,100,100233,100,99848,100,100256,100,99839,100,100442,100,99817,100,100660,100,99800,100,,,99774,100,,,99626,100,,,99612,100,,,99304,100
2019-06-28 10:02:40.000000000,100034,262,99897,262,100149,262,99880,262,100233,100,99848,100,100256,100,99839,100,100442,100,99817,100,100660,100,99800,100,,,99774,100,,,99626,100,,,99612,100,,,99304,100
2019-06-28 10:02:50.000000000,100034,424,99897,424,100149,100,99880,100,100233,100,99848,100,100256,100,99839,100,100442,100,99817,100,100660,100,99800,100,,,99774,100,,,99626,100,,,99612,100,,,99304,100
2019-06-28 10:02:53.625599514,100034,324,99897,424,100149,100,99880,100,100233,100,99848,100,100256,100,99839,100,100442,100,99817,100,100660,100,99800,100,,,99626,100,,,99612,100,,,99304,100,,,99275,100
2019-06-28 10:03:00.000000000,100149,165,99897,165,100233,165,99880,165,100256,165,99848,165,100442,165,99839,165,100660,165,99817,165,,,99800,100,,,99626,100,,,99612,100,,,99304,100,,,99275,100
2019-06-28 10:03:08.805843392,100035,100,99897,165,100149,165,99880,165,100233,165,99848,165,100256,165,99839,165,100442,165,99817,165,100660,165,99800,100,,,99626,100,,,99612,100,,,99304,100,,,99275,100
2019-06-28 10:03:09.083146112,100032,100,99897,165,100035,100,99880,165,100149,165,99848,165,100233,165,99839,165,100256,165,99817,165,100442,165,99800,100,100660,165,99626,100,,,99612,100,,,99304,100,,,99275,100
2019-06-28 10:03:10.000000000,100032,181,99897,181,100035,181,99880,181,100149,181,99848,181,100233,181,99839,181,100256,100,99817,100,100442,100,99800,100,100660,100,99626,100,,,99612,100,,,99304,100,,,99275,100
2019-06-28 10:03:20.000000000,100032,262,99897,262,100035,262,99880,262,100149,100,99848,100,100233,100,99839,100,100256,100,99817,100,100442,100,99800,100,100660,100,99626,100,,,99612,100,,,99304,100,,,99275,100
2019-06-28 10:03:23.180859076,100032,262,99897,262,100035,262,99880,262,100149,100,99848,100,100233,100,99839,100,100256,100,99817,100,100442,100,99800,100,100660,100,99702,100,,,99626,100,,,99612,100,,,99304,100
2019-06-28 10:03:30.000000000,100032,262,99897,262,100035,262,99880,262,100149,100,99848,100,100233,100,99839,100,100256,100,99817,100,100442,100,99800,100,100660,100,99702,100,,,99626,100,,,99612,100,,,99304,100
2019-06-28 10:03:35.589022816,100032,362,99897,262,100035,262,99880,262,100149,100,99848,100,100233,100,99839,100,100256,100,99817,100,100442,100,99800,100,100660,100,99702,100,,,99626,100,,,99612,100,,,99304,100
2019-06-28 10:03:40.000000000,100032,310,99897,210,100035,207,99880,207,100149,207,99848,207,100233,100,99839,100,100256,100,99817,100,100442,100,99800,100,100660,100,99702,100,,,99626,100,,,99612,100,,,99304,100
2019-06-28 10:03:47.467358638,100032,310,99897,110,100035,207,99880,207,100149,207,99848,207,100233,100,99839,100,100256,100,99817,100,100442,100,99800,100,100660,100,99702,100,,,99626,100,,,99612,100,,,99304,100
2019-06-28 10:03:48.980037271,100031,100,99897,110,100032,310,99880,207,100035,207,99848,207,100149,207,99839,100,100233,100,99817,100,100256,100,99800,100,100442,100,99702,100,100660,100,99626,100,,,99612,100,,,99304,100
2019-06-28 10:03:50.000000000,100031,262,99880,262,100032,362,99848,262,100035,100,99839,100,100149,100,99817,100,100233,100,99800,100,100256,100,99702,100,100442,100,99626,100,100660,100,99612,100,,,99304,100,,,99275,100
2019-06-28 10:04:00.000000000,100031,181,99880,181,100032,281,99848,181,100035,181,99839,181,100149,181,99817,181,100233,100,99800,100,100256,100,99702,100,100442,100,99626,100,100660,100,99612,100,,,99304,100,,,99275,100
2019-06-28 10:04:10.000000000,100031,424,99880,424,100032,200,99848,100,100035,100,99839,100,100149,100,99817,100,100233,100,99800,100,100256,100,99702,100,100442,100,99626,100,100660,100,99612,100,,,99304,100,,,99275,100
2019-06-28 10:04:10.019431849,100031,424,99901,100,100032,200,99880,424,100035,100,99848,100,100149,100,99839,100,100233,100,99817,100,100256,100,99800,100,100442,100,99702,100,100660,100,99626,100,,,99612,100,,,99304,100
2019-06-28 10:04:20.000000000,100031,165,99901,165,100032,265,99880,165,100035,165,99848,165,100149,165,99839,165,100233,165,99817,165,100256,100,99800,100,100442,100,99702,100,100660,100,99626,100,,,99612,100,,,99304,100
2019-06-28 10:04:30.000000000,100031,210,99901,210,100032,307,99880,207,100035,207,99848,207,100149,100,99839,100,100233,100,99817,100,100256,100,99800,100,100442,100,99702,100,100660,100,99626,100,,,99612,100,,,99304,100
2019-06-28 10:04:40.000000000,100031,181,99901,181,100032,281,99880,181,100035,181,99848,181,100149,181,99839,181,100233,100,99817,100,100256,100,99800,100,100442,100,99702,100,100660,100,99626,100,,,99612,100,,,99304,100
2019-06-28 10:04:50.000000000,100031,210,99901,210,100032,307,99880,207,100035,207,99848,207,100149,100,99839,100,100233,100,99817,100,100256,100,99800,100,100442,100,99702,100,100660,100,99626,100,,,99612,100,,,99304,100
2019-06-28 10:04:56.436758544,100031,210,99901,110,100032,307,99880,207,100035,207,99848,207,100149,100,99839,100,100233,100,99817,100,100256,100,99800,100,100442,100,99702,100,100660,100,99626,100,,,99612,100,,,99304,100
2019-06-28 10:05:00.000000000,100031,165,99880,165,100032,265,99848,165,100035,165,99839,165,100149,165,99817,165,100233,165,99800,165,100256,100,99702,100,100442,100,99626,100,100660,100,99612,100,,,99304,100,,,99275,100
2019-06-28 10:05:10.000000000,100031,181,99880,181,100032,281,99848,181,100035,181,99839,181,100149,181,99817,181,100233,100,99800,100,100256,100,99702,100,100442,100,99626,100,100660,100,99612,100,,,99304,100,,,99275,100
2019-06-28 10:05:20.000000000,100031,262,99880,262,100032,362,99848,262,100035,100,99839,100,100149,100,99817,100,100233,100,99800,100,100256,100,99702,100,100442,100,99626,100,100660,100,99612,100,,,99304,100,,,99275,100
2019-06-28 10:05:25.346432228,100031,262,99902,100,100032,362,99880,262,100035,100,99848,262,100149,100,99839,100,100233,100,99817,100,100256,100,99800,100,100442,100,99702,100,100660,100,99626,100,,,99612,100,,,99304,100
2019-06-28 10:05:26.709760848,100031,262,99880,262,100032,362,99848,162,100035,100,99839,100,100149,100,99817,100,100233,100,99800,100,100256,100,99702,100,100442,100,99626,100,100660,100,99612,100,,,99304,100,,,99275,100
2019-06-28 10:05:30.000000000,100031,181,99880,181,100032,281,99839,181,100035,181,99817,181,100149,181,99800,181,100233,100,99702,100,100256,100,99626,100,100442,100,99612,100,100660,100,99304,100,,,99275,100,,,99103,100
2019-06-28 10:05:31.672902444,100031,181,99880,81,100032,281,99839,181,100035,181,99817,181,100149,181,99800,181,100233,100,99702,100,100256,100,99626,100,100442,100,99612,100,100660,100,99304,100,,,99275,100,,,99103,100
2019-06-28 10:05:35.649114814,100031,181,99881,100,100032,281,99880,81,100035,181,99839,181,100149,181,99817,181,100233,100,99800,181,100256,100,99702,100,100442,100,99626,100,100660,100,99612,100,,,99304,100,,,99275,100
2019-06-28 10:05:40.000000000,100031,424,99881,424,100032,200,99839,100,100035,100,99817,100,100149,100,99800,100,100233,100,99702,100,100256,100,99626,100,100442,100,99612,100,100660,100,99304,100,,,99275,100,,,99103,100
2019-06-28 10:05:50.000000000,100031,262,99881,262,100032,362,99839,262,100035,100,99817,100,100149,100,99800,100,100233,100,99702,100,100256,100,99626,100,100442,100,99612,100,100660,100,99304,100,,,99275,100,,,99103,100
2019-06-28 10:05:50.960195406,100031,262,99881,262,100032,362,99839,262,100035,100,99817,100,100149,100,99800,100,100233,100,99702,100,100256,100,99626,100,100442,100,99612,100,100660,100,99304,100,100698,100,99275,100,,,99103,100
2019-06-28 10:05:54.602132563,100031,162,99881,262,100032,362,99839,262,100035,100,99817,100,100149,100,99800,100,100233,100,99702,100,100256,100,99626,100,100442,100,99612,100,100660,100,99304,100,100698,100,99275,100,,,99103,100
2019-06-28 10:06:00.000000000,100032,362,99881,262,100035,262,99839,262,100149,100,99817,100,100233,100,99800,100,100256,100,99702,100,100442,100,99626,100,100660,100,99612,100,100698,100,99304,100,,,99275,100,,,99103,100
2019-06-28 10:06:03.970488277,100032,362,99881,262,100035,262,99839,262,100149,100,99817,100,100233,100,99800,100,100256,100,99702,100,100442,100,99612,100,100469,100,99304,100,100660,100,99275,100,100698,100,99103,100,,,99058,100
2019-06-28 10:06:10.000000000,100032,281,99881,181,100035,181,99839,181,100149,181,99817,181,100233,181,99800,181,100256,100,99702,100,100442,100,99612,100,100469,100,99304,100,100660,100,99275,100,100698,100,99103,100,,,99058,100
2019-06-28 10:06:20.000000000,100032,281,99881,181,100035,181,99839,181,100149,181,99817,181,100233,181,99800,181,100256,100,99702,100,100442,100,99612,100,100469,100,99304,100,100660,100,99275,100,100698,100,99103,100,,,99058,100
2019-06-28 10:06:26.448212209,100032,281,99882,100,100035,181,99881,181,100149,181,99839,181,100233,181,99817,181,100256,100,99800,181,100442,100,99702,100,100469,100,99612,100,100660,100,99304,100,100698,100,99275,100,,,99103,100
2019-06-28 10:06:30.000000000,100032,265,99882,165,100035,165,99881,165,100149,165,99839,165,100233,165,99817,165,100256,165,99800,165,100442,100,99702,100,100469,100,99612,100,100660,100,99304,100,100698,100,99275,100,,,99103,100
2019-06-28 10:06:40.000000000,100032,362,99882,262,100035,262,99881,262,100149,100,99839,100,100233,100,99817,100,100256,100,99800,100,100442,100,99702,100,100469,100,99612,100,100660,100,99304,100,100698,100,99275,100,,,99103,100
2019-06-28 10:06:50.000000000,100032,524,99882,424,100035,100,99881,100,100149,100,99839,100,100233,100,99817,100,100256,100,99800,100,100442,100,99702,100,100469,100,99612,100,100660,100,99304,100,100698,100,99275,100,,,99103,100
2019-06-28 10:07:00.000000000,100032,362,99882,262,100035,262,99881,262,100149,100,99839,100,100233,100,99817,100,100256,100,99800,100,100442,100,99702,100,100469,100,99612,100,100660,100,99304,100,100698,100,99275,100,,,99103,100
2019-06-28 10:07:10.000000000,100032,524,99882,424,100035,100,99881,100,100149,100,99839,100,100233,100,99817,100,100256,100,99800,100,100442,100,99702,100,100469,100,99612,100,100660,100,99304,100,100698,100,99275,100,,,99103,100
2019-06-28 10:07:15.482380818,100032,524,99882,424,100035,100,99881,100,100149,100,99839,100,100233,100,99817,100,100256,100,99800,100,100442,100,99702,100,100469,100,99612,100,100660,100,99304,100,100698,100,99275,100,101268,100,99103,100
2019-06-28 10:07:20.000000000,100032,310,99882,210,100035,207,99881,207,100149,207,99839,207,100233,100,99817,100,100256,100,99800,100,100442,100,99702,100,100469,100,99612,100,100660,100,99304,100,100698,100,99275,100,101268,100,99103,100
2019-06-28 10:07:26.234716509,100032,210,99882,210,100035,207,99881,207,100149,207,99839,207,100233,100,99800,100,100256,100,99702,100,100442,100,99612,100,100469,100,99304,100,100660,100,99275,100,100698,100,99103,100,101268,100,99058,100
2019-06-28 10:07:27.486223218,100032,210,99882,210,100035,207,99881,207,100149,207,99839,207,100233,100,99800,100,100256,100,99702,100,100442,100,99612,100,100469,100,99304,100,100660,100,99275,100,100698,100,99103,100,101238,100,99058,100
2019-06-28 10:07:30.000000000,100032,181,99882,181,100035,181,99881,181,100149,181,99839,181,100233,181,99800,181,100256,100,99702,100,100442,100,99612,100,100469,100,99304,100,100660,100,99275,100,100698,100,99103,100,101238,100,99058,100
2019-06-28 10:07:40.000000000,100032,424,99882,424,100035,100,99881,100,100149,100,99839,100,100233,100,99800,100,100256,100,99702,100,100442,100,99612,100,100469,100,99304,100,100660,100,99275,100,100698,100,99103,100,101238,100,99058,100
2019-06-28 10:07:42.558975804,100032,424,99882,424,100035,100,99881,100,100149,100,99839,100,100233,100,99800,100,100256,100,99702,100,100442,100,99612,100,100469,100,99304,100,100660,100,99275,100,100698,100,99103,100,101003,100,99058,100
2019-06-28 10:07:43.821386117,100032,424,99882,424,100035,100,99881,100,100149,100,99839,100,100233,100,99800,100,100256,100,99702,100,100469,100,99612,100,100660,100,99304,100,100698,100,99275,100,100980,100,99103,100,101003,100,99058,100
2019-06-28 10:07:50.000000000,100032,262,99882,262,100035,262,99881,262,100149,100,99839,100,100233,100,99800,100,100256,100,99702,100,100469,100,99612,100,100660,100,99304,100,100698,100,99275,100,100980,100,99103,100,101003,100,99058,100
