,ask_price_1,ask_size_1,bid_price_1,bid_size_1,ask_price_2,ask_size_2,bid_price_2,bid_size_2,ask_price_3,ask_size_3,bid_price_3,bid_size_3,ask_price_4,ask_size_4,bid_price_4,bid_size_4,ask_price_5,ask_size_5,bid_price_5,bid_size_5,ask_price_6,ask_size_6,bid_price_6,bid_size_6,ask_price_7,ask_size_7,bid_price_7,bid_size_7,ask_price_8,ask_size_8,bid_price_8,bid_size_8,ask_price_9,ask_size_9,bid_price_9,bid_size_9,ask_price_10,ask_size_10,bid_price_10,bid_size_10
2019-06-28 09:30:00.000000000,,,99966,100,,,,,,,,,,,,,,,,,,,,,,,,,,,,,,,,,,,,
2019-06-28 09:30:00.000000001,100104,100,99966,100,,,99877,100,,,,,,,,,,,,,,,,,,,,,,,,,,,,,,,,
2019-06-28 09:30:00.000000002,99975,100,99966,100,100104,100,99877,100,,,,,,,,,,,,,,,,,,,,,,,,,,,,,,,,
2019-06-28 09:30:00.000000006,99975,100,99966,100,100104,100,99877,100,,,99772,100,,,,,,,,,,,,,,,,,,,,,,,,,,,,
2019-06-28 09:30:00.000000007,99975,100,99966,100,100084,100,99877,100,100104,100,99772,100,,,,,,,,,,,,,,,,,,,,,,,,,,,,
2019-06-28 09:30:00.000000008,100084,100,99966,100,100104,100,99877,100,100210,100,99772,100,,,,,,,,,,,,,,,,,,,,,,,,,,,,
2019-06-28 09:30:00.000000009,100084,100,99877,100,100104,100,99772,100,100210,100,,,,,,,,,,,,,,,,,,,,,,,,,,,,,,
2019-06-28 09:30:00.000000010,100006,100,99877,100,100084,100,99772,100,100104,100,,,100210,100,,,,,,,,,,,,,,,,,,,,,,,,,,
2019-06-28 09:30:00.000000011,99975,100,99877,100,100006,100,99772,100,100084,100,,,100104,100,,,100210,100,,,,,,,,,,,,,,,,,,,,,,
2019-06-28 09:30:00.000000012,99975,100,99877,100,99994,100,99772,100,100006,100,,,100084,100,,,100104,100,,,100210,100,,,,,,,,,,,,,,,,,,
2019-06-28 09:30:00.000000013,99975,100,99932,100,99994,100,99877,100,100006,100,99772,100,100084,100,,,100104,100,,,100210,100,,,,,,,,,,,,,,,,,,
2019-06-28 09:30:00.000000014,99975,100,99954,100,99994,100,99932,100,100006,100,99877,100,100084,100,99772,100,100104,100,,,100210,100,,,,,,,,,,,,,,,,,,
2019-06-28 09:30:00.000000015,99975,100,99954,100,99994,100,99950,100,100006,100,99932,100,100084,100,99877,100,100104,100,99772,100,100151,100,,,100210,100,,,,,,,,,,,,,,
2019-06-28 09:30:00.000000016,99975,100,99950,100,99994,100,99932,100,100006,100,99877,100,100084,100,99772,100,100104,100,,,100151,100,,,100210,100,,,,,,,,,,,,,,
2019-06-28 09:30:00.000000017,99975,100,99950,100,99994,100,99932,100,100006,100,99877,100,100016,100,99772,100,100084,100,,,100104,100,,,100151,100,,,100210,100,,,,,,,,,,
2019-06-28 09:30:00.000000020,99975,100,99954,100,99994,100,99950,100,100006,100,99932,100,100016,100,99877,100,100084,100,99875,100,100104,100,99772,100,100151,100,,,100210,100,,,,,,,,,,
2019-06-28 09:30:00.000000025,99975,100,99954,200,99994,100,99950,100,100006,100,99932,100,100016,100,99877,100,100084,100,99875,100,100104,100,99772,100,100133,100,,,100151,100,,,100210,100,,,,,,
2019-06-28 09:30:00.000000026,99975,100,99954,300,99994,100,99950,100,100006,100,99932,100,100016,100,99877,100,100084,100,99875,100,100104,100,99772,100,100133,100,,,100151,100,,,100210,100,,,,,,
2019-06-28 09:30:00.000000033,99975,100,99967,100,99994,100,99954,300,100006,100,99950,100,100016,100,99932,100,100080,100,99877,100,100084,100,99875,100,100104,100,99772,100,100133,100,,,100151,100,,,100210,100,,
2019-06-28 09:30:00.000000037,99975,100,99954,300,99994,100,99950,100,100006,100,99932,100,100016,100,99877,100,100080,100,99875,100,100084,100,99772,100,100104,100,,,100133,100,,,100151,100,,,100210,100,,
2019-06-28 09:30:00.000000038,99975,100,99954,300,99994,100,99950,100,100006,100,99932,100,100016,100,99926,100,100080,100,99877,100,100084,100,99875,100,100104,100,99772,100,100133,100,,,100151,100,,,100210,100,,
2019-06-28 09:30:00.000000039,99975,100,99954,300,99994,100,99950,100,100006,100,99932,100,100015,100,99926,100,100016,100,99877,100,100080,100,99875,100,100084,100,99772,100,100104,100,,,100133,100,,,100151,100,,
2019-06-28 09:30:00.000000041,99975,100,99954,300,99994,100,99950,100,100006,100,99932,100,100015,100,99926,100,100016,100,99877,100,100080,100,99875,100,100084,100,99772,100,100104,100,,,100133,100,,,100140,100,,
2019-06-28 09:30:00.000000044,99975,100,99954,300,99994,100,99950,100,100005,100,99932,100,100006,100,99926,100,100015,100,99877,100,100016,100,99875,100,100080,100,99772,100,100084,100,,,100104,100,,,100133,100,,
2019-06-28 09:30:00.000000046,99994,100,99966,100,100005,100,99954,300,100006,100,99950,100,100015,100,99932,100,100016,100,99926,100,100080,100,99910,100,100084,100,99877,100,100104,100,99875,100,100133,100,99772,100,100139,100,,
2019-06-28 09:30:00.000000048,99994,100,99990,100,100005,100,99966,100,100006,100,99954,300,100015,100,99950,100,100016,100,99932,100,100080,100,99926,100,100084,100,99910,100,100104,100,99877,100,100133,100,99875,100,100139,100,99772,100
2019-06-28 09:30:00.000000051,99994,100,99990,100,100005,100,99966,100,100006,100,99954,300,100015,100,99950,100,100016,100,99932,100,100067,100,99926,100,100080,100,99910,100,100084,100,99877,100,100104,100,99875,100,100133,100,99772,100
2019-06-28 09:30:00.000000054,99994,100,99966,100,100005,100,99954,300,100006,100,99950,100,100015,100,99932,100,100016,100,99926,100,100067,100,99910,100,100080,100,99877,100,100084,100,99875,100,100104,100,99772,100,100109,100,,
2019-06-28 09:30:00.000000055,99994,100,99966,100,100005,100,99954,300,100006,100,99950,100,100015,100,99932,100,100016,100,99926,100,100067,100,99910,100,100080,100,99877,100,100084,100,99875,100,100104,100,99871,100,100109,100,99830,100
2019-06-28 09:30:00.000000056,99994,100,99966,100,100005,100,99954,300,100006,100,99950,100,100015,100,99932,100,100016,100,99926,100,100043,100,99910,100,100067,100,99877,100,100080,100,99875,100,100084,100,99871,100,100104,100,99830,100
2019-06-28 09:30:00.000000058,99990,100,99966,100,99994,100,99954,300,100005,100,99950,100,100006,100,99932,100,100015,100,99926,100,100016,100,99910,100,100043,100,99877,100,100067,100,99875,100,100080,100,99871,100,100084,100,99830,100
2019-06-28 09:30:00.000000060,99990,100,99966,100,99994,100,99954,300,100005,100,99950,100,100006,100,99932,100,100015,100,99926,100,100016,100,99910,100,100043,100,99909,100,100067,100,99877,100,100080,100,99875,100,100084,100,99871,100
2019-06-28 09:30:00.000000061,99990,200,99966,100,99994,100,99954,300,100005,100,99950,100,100006,100,99932,100,100015,100,99926,100,100016,100,99910,100,100043,100,99909,100,100067,100,99877,100,100080,100,99875,100,100084,100,99871,100
2019-06-28 09:30:00.000000062,99990,200,99975,100,99994,100,99966,100,100005,100,99954,300,100006,100,99950,100,100015,100,99932,100,100016,100,99926,100,100043,100,99910,100,100067,100,99909,100,100080,100,99877,100,100084,100,99875,100
2019-06-28 09:30:00.000000063,99990,200,99975,200,99994,100,99966,100,100005,100,99954,300,100006,100,99950,100,100015,100,99932,100,100016,100,99926,100,100033,100,99910,100,100043,100,99909,100,100067,100,99877,100,100080,100,99875,100
2019-06-28 09:30:00.000000065,99990,200,99975,200,99994,100,99966,100,100005,100,99954,300,100006,100,99950,100,100015,100,99932,100,100016,100,99926,100,100033,100,99912,100,100043,100,99910,100,100067,100,99909,100,100080,100,99877,100
2019-06-28 09:30:00.000000068,99990,100,99975,200,99994,100,99966,100,100005,100,99954,300,100006,100,99950,100,100015,100,99932,100,100016,100,99926,100,100033,100,99912,100,100043,100,99910,100,100067,100,99909,100,100080,100,99877,100
2019-06-28 09:30:00.000000070,99989,100,99975,200,99990,100,99966,100,99994,100,99954,300,100005,100,99950,100,100006,100,99932,100,100015,100,99926,100,100016,100,99912,100,100033,100,99910,100,100043,100,99909,100,100067,100,99877,100
2019-06-28 09:30:00.000000071,99989,100,99975,200,99990,100,99966,100,99994,100,99954,300,100005,100,99950,100,100006,100,99949,100,100015,100,99932,100,100016,100,99926,100,100033,100,99912,100,100043,100,99910,100,100067,100,99909,100
2019-06-28 09:30:00.000000078,99990,100,99975,200,99994,100,99966,100,100005,100,99954,300,100006,100,99950,100,100015,100,99949,100,100016,100,99932,100,100033,100,99926,100,100043,100,99912,100,100067,100,99910,100,100069,100,99909,100
2019-06-28 09:30:00.000000081,99994,100,99975,200,100005,100,99966,100,100006,100,99954,300,100015,100,99950,100,100016,100,99949,100,100033,100,99932,100,100043,100,99926,100,100063,100,99912,100,100067,100,99910,100,100069,100,99909,100
2019-06-28 09:30:00.000000082,99994,100,99975,200,100005,100,99966,100,100006,100,99954,300,100015,100,99950,100,100016,100,99949,100,100019,100,99932,100,100033,100,99926,100,100043,100,99912,100,100063,100,99910,100,100067,100,99909,100
2019-06-28 09:30:00.000000083,99994,100,99989,100,100005,100,99975,200,100006,100,99966,100,100015,100,99954,300,100016,100,99950,100,100019,100,99949,100,100033,100,99932,100,100043,100,99926,100,100063,100,99912,100,100067,100,99910,100
2019-06-28 09:30:00.000000086,100005,100,99989,100,100006,100,99975,200,100015,100,99966,100,100016,100,99954,300,100019,100,99950,100,100033,100,99949,100,100043,100,99932,100,100063,100,99926,100,100067,100,99912,100,100069,100,99910,100
2019-06-28 09:30:00.000000087,100005,100,99989,100,100006,100,99975,200,100015,100,99966,100,100016,100,99954,300,100019,100,99950,100,100033,100,99949,100,100043,100,99932,100,100063,100,99926,100,100067,100,99912,100,100069,100,99910,100
2019-06-28 09:30:00.000000088,100005,100,99990,100,100006,100,99989,100,100010,100,99975,200,100015,100,99966,100,100016,100,99954,300,100019,100,99950,100,100033,100,99949,100,100043,100,99932,100,100063,100,99926,100,100067,100,99912,100
2019-06-28 09:30:00.000000092,100005,100,99990,200,100006,100,99989,100,100010,100,99975,200,100015,100,99966,100,100016,100,99954,300,100019,100,99950,100,100033,100,99949,100,100043,100,99932,100,100063,100,99926,100,100067,100,99912,100
2019-06-28 09:30:00.000000093,100005,100,99990,200,100006,100,99989,100,100010,100,99975,200,100015,100,99966,100,100016,100,99954,300,100019,100,99950,100,100023,100,99949,100,100033,100,99932,100,100043,100,99926,100,100063,100,99912,100
2019-06-28 09:30:00.000000095,100005,100,99990,200,100006,100,99989,100,100010,100,99975,200,100015,100,99966,100,100016,100,99954,300,100019,100,99950,100,100023,100,99949,100,100033,100,99932,100,100043,100,99926,100,100060,100,99912,100
2019-06-28 09:30:00.000000099,100005,100,99990,200,100006,100,99989,100,100010,100,99975,200,100015,100,99966,100,100016,100,99954,300,100019,100,99950,100,100023,100,99949,100,100033,100,99932,100,100043,100,99926,100,100057,100,99912,100
2019-06-28 09:30:10.000000000,100005,529,99990,629,100006,100,99989,100,100010,100,99975,200,100015,100,99966,100,100016,100,99954,300,100019,100,99950,100,100023,100,99949,100,100033,100,99932,100,100043,100,99926,100,100057,100,99912,100
2019-06-28 09:30:12.486694235,100005,529,99990,629,100006,100,99989,100,100010,100,99975,200,100015,100,99966,100,100016,100,99954,300,100019,100,99950,100,100023,100,99949,100,100033,100,99932,100,100043,100,99926,100,100057,100,99912,100
2019-06-28 09:30:20.000000000,100005,186,99990,286,100006,186,99989,186,100010,186,99975,286,100015,186,99966,186,100016,186,99954,386,100019,100,99950,100,100023,100,99949,100,100033,100,99932,100,100043,100,99926,100,100057,100,99912,100
2019-06-28 09:30:20.998068041,100005,186,99990,286,100006,186,99989,186,100010,186,99975,286,100015,186,99966,186,100016,186,99954,386,100019,100,99950,100,100023,100,99949,100,100033,100,99932,100,100043,100,99926,100,100057,100,99912,100
2019-06-28 09:30:21.992386125,100005,186,99990,286,100006,186,99989,186,100010,186,99975,286,100015,186,99966,186,100016,186,99954,386,100019,100,99950,100,100033,100,99949,100,100043,100,99932,100,100057,100,99926,100,100060,100,99912,100
2019-06-28 09:30:30.000000000,100005,186,99990,286,100006,186,99989,186,100010,186,99975,286,100015,186,99966,186,100016,186,99954,386,100019,100,99950,100,100033,100,99949,100,100043,100,99932,100,100057,100,99926,100,100060,100,99912,100
2019-06-28 09:30:38.035455165,100005,86,99990,286,100006,186,99989,186,100010,186,99975,286,100015,186,99966,186,100016,186,99954,386,100019,100,99950,100,100033,100,99949,100,100043,100,99932,100,100057,100,99926,100,100060,100,99912,100
2019-06-28 09:30:40.000000000,100006,314,99990,414,100010,314,99989,314,100015,100,99975,200,100016,100,99966,100,100019,100,99954,300,100033,100,99950,100,100043,100,99949,100,100057,100,99932,100,100060,100,99926,100,100063,100,99912,100
2019-06-28 09:30:42.166253315,100006,314,99990,314,100010,314,99989,314,100015,100,99975,200,100016,100,99966,100,100019,100,99954,300,100033,100,99950,100,100043,100,99949,100,100057,100,99932,100,100060,100,99926,100,100063,100,99912,100
2019-06-28 09:30:50.000000000,100006,314,99990,314,100010,314,99989,314,100015,100,99975,200,100016,100,99966,100,100019,100,99954,300,100033,100,99950,100,100043,100,99949,100,100057,100,99932,100,100060,100,99926,100,100063,100,99912,100
2019-06-28 09:31:00.000000000,100006,207,99990,207,100010,207,99989,207,100015,207,99975,307,100016,207,99966,207,100019,100,99954,300,100033,100,99950,100,100043,100,99949,100,100057,100,99932,100,100060,100,99926,100,100063,100,99912,100
2019-06-28 09:31:10.000000000,100006,529,99990,529,100010,100,99989,100,100015,100,99975,200,100016,100,99966,100,100019,100,99954,300,100033,100,99950,100,100043,100,99949,100,100057,100,99932,100,100060,100,99926,100,100063,100,99912,100
2019-06-28 09:31:12.991359608,100006,429,99990,529,100010,100,99989,100,100015,100,99975,200,100016,100,99966,100,100019,100,99954,300,100033,100,99950,100,100043,100,99949,100,100057,100,99932,100,100060,100,99926,100,100063,100,99912,100
2019-06-28 09:31:20.000000000,100010,246,99990,246,100015,242,99989,242,100016,242,99975,342,100019,100,99966,100,100033,100,99954,300,100043,100,99950,100,100057,100,99949,100,100060,100,99932,100,100063,100,99926,100,100065,100,99912,100
2019-06-28 09:31:22.846953673,100010,146,99990,246,100015,242,99989,242,100016,242,99975,342,100019,100,99966,100,100033,100,99954,300,100043,100,99950,100,100057,100,99949,100,100060,100,99932,100,100063,100,99926,100,100065,100,99912,100
2019-06-28 09:31:30.000000000,100015,314,99990,314,100016,314,99989,314,100019,100,99975,200,100033,100,99966,100,100043,100,99954,300,100057,100,99950,100,100060,100,99949,100,100063,100,99932,100,100065,100,99926,100,100067,100,99912,100
2019-06-28 09:31:40.000000000,100015,314,99990,314,100016,314,99989,314,100019,100,99975,200,100033,100,99966,100,100043,100,99954,300,100057,100,99950,100,100060,100,99949,100,100063,100,99932,100,100065,100,99926,100,100067,100,99912,100
2019-06-28 09:31:50.000000000,100015,246,99990,246,100016,242,99989,242,100019,242,99975,342,100033,100,99966,100,100043,100,99954,300,100057,100,99950,100,100060,100,99949,100,100063,100,99932,100,100065,100,99926,100,100067,100,99912,100
2019-06-28 09:31:53.495826731,100015,146,99990,246,100016,242,99989,242,100019,242,99975,342,100033,100,99966,100,100043,100,99954,300,100057,100,99950,100,100060,100,99949,100,100063,100,99932,100,100065,100,99926,100,100067,100,99912,100
2019-06-28 09:32:00.000000000,100016,246,99990,246,100019,242,99989,242,100033,242,99975,342,100043,100,99966,100,100057,100,99954,300,100060,100,99950,100,100063,100,99949,100,100065,100,99932,100,100067,100,99926,100,100069,100,99912,100
2019-06-28 09:32:00.583626109,100016,246,100010,100,100019,242,99990,246,100033,242,99989,242,100043,100,99975,342,100057,100,99966,100,100060,100,99954,200,100063,100,99950,100,100065,100,99949,100,100067,100,99932,100,100069,100,99926,100
2019-06-28 09:32:02.038201938,100016,246,100010,200,100019,242,99990,246,100033,242,99989,142,100043,100,99975,342,100057,100,99966,100,100060,100,99954,200,100063,100,99950,100,100065,100,99949,100,100067,100,99932,100,100069,100,99926,100
2019-06-28 09:32:06.873522434,100016,246,100010,300,100019,242,99990,246,100033,242,99989,142,100043,100,99975,342,100057,100,99966,100,100060,100,99954,100,100063,100,99950,100,100065,100,99949,100,100067,100,99932,100,100069,100,99926,100
2019-06-28 09:32:10.000000000,100016,529,100010,729,100019,100,99990,100,100033,100,99975,200,100043,100,99966,100,100057,100,99954,100,100060,100,99950,100,100063,100,99949,100,100065,100,99932,100,100067,100,99926,100,100069,100,99912,100
2019-06-28 09:32:10.750447230,100016,529,100010,729,100019,100,99990,100,100033,100,99975,200,100043,100,99966,100,100060,100,99954,100,100063,100,99950,100,100065,100,99949,100,100067,100,99932,100,100069,100,99926,100,100079,100,99912,100
2019-06-28 09:32:18.779521615,100016,529,100010,729,100019,100,99990,100,100033,100,99975,200,100043,100,99966,100,100060,100,99954,100,100063,100,99950,100,100065,100,99949,100,100067,100,99926,100,100069,100,99912,100,100079,100,99910,100
2019-06-28 09:32:20.000000000,100016,207,100010,407,100019,207,99990,207,100033,207,99975,307,100043,207,99966,207,100060,100,99954,100,100063,100,99950,100,100065,100,99949,100,100067,100,99926,100,100069,100,99912,100,100079,100,99910,100
2019-06-28 09:32:30.000000000,100016,529,100010,729,100019,100,99990,100,100033,100,99975,200,100043,100,99966,100,100060,100,99954,100,100063,100,99950,100,100065,100,99949,100,100067,100,99926,100,100069,100,99912,100,100079,100,99910,100
2019-06-28 09:32:30.806628109,100016,529,100010,729,100019,100,99990,100,100033,100,99975,200,100043,100,99966,100,100060,100,99954,100,100063,100,99950,100,100065,100,99949,100,100067,100,99926,100,100069,100,99912,100,100079,100,99910,100
2019-06-28 09:32:35.395552171,100016,429,100010,729,100019,100,99990,100,100033,100,99975,200,100043,100,99966,100,100060,100,99954,100,100065,100,99950,100,100067,100,99949,100,100069,100,99926,100,100079,100,99912,100,100084,100,99910,100
2019-06-28 09:32:40.000000000,100019,207,100010,407,100033,207,99990,207,100043,207,99975,307,100060,207,99966,207,100065,100,99954,100,100067,100,99950,100,100069,100,99949,100,100079,100,99926,100,100084,100,99912,100,100104,100,99910,100
2019-06-28 09:32:50.000000000,100019,186,100010,386,100033,186,99990,186,100043,186,99975,286,100060,186,99966,186,100065,186,99954,186,100067,100,99950,100,100069,100,99949,100,100079,100,99926,100,100084,100,99912,100,100104,100,99910,100
2019-06-28 09:33:00.000000000,100019,314,100010,514,100033,314,99990,314,100043,100,99975,200,100060,100,99966,100,100065,100,99954,100,100067,100,99950,100,100069,100,99949,100,100079,100,99926,100,100084,100,99912,100,100104,100,99910,100
2019-06-28 09:33:10.000000000,100019,314,100010,514,100033,314,99990,314,100043,100,99975,200,100060,100,99966,100,100065,100,99954,100,100067,100,99950,100,100069,100,99949,100,100079,100,99926,100,100084,100,99912,100,100104,100,99910,100
2019-06-28 09:33:12.746692959,100019,314,100010,514,100033,314,99990,314,100043,100,99975,100,100060,100,99966,100,100065,100,99954,100,100067,100,99950,100,100069,100,99949,100,100079,100,99926,100,100084,100,99912,100,100104,100,99910,100
2019-06-28 09:33:17.083486360,100019,314,100010,414,100033,314,99990,314,100043,100,99975,100,100060,100,99966,100,100065,100,99954,100,100067,100,99950,100,100069,100,99949,100,100079,100,99926,100,100084,100,99912,100,100104,100,99910,100
2019-06-28 09:33:20.000000000,100019,186,100010,286,100033,186,99990,186,100043,186,99975,186,100060,186,99966,186,100065,186,99954,186,100067,100,99950,100,100069,100,99949,100,100079,100,99926,100,100084,100,99912,100,100104,100,99910,100
2019-06-28 09:33:30.000000000,100019,246,100010,346,100033,242,99990,242,100043,242,99975,242,100060,100,99966,100,100065,100,99954,100,100067,100,99950,100,100069,100,99949,100,100079,100,99926,100,100084,100,99912,100,100104,100,99910,100
2019-06-28 09:33:40.000000000,100019,246,100010,346,100033,242,99990,242,100043,242,99975,242,100060,100,99966,100,100065,100,99954,100,100067,100,99950,100,100069,100,99949,100,100079,100,99926,100,100084,100,99912,100,100104,100,99910,100
2019-06-28 09:33:50.000000000,100019,246,100010,346,100033,242,99990,242,100043,242,99975,242,100060,100,99966,100,100065,100,99954,100,100067,100,99950,100,100069,100,99949,100,100079,100,99926,100,100084,100,99912,100,100104,100,99910,100
2019-06-28 09:33:57.691780905,100019,246,100010,346,100033,242,99990,142,100043,242,99975,242,100060,100,99966,100,100065,100,99954,100,100067,100,99950,100,100069,100,99949,100,100079,100,99926,100,100084,100,99912,100,100104,100,99910,100
2019-06-28 09:34:00.000000000,100019,207,100010,307,100033,207,99975,207,100043,207,99966,207,100060,207,99954,207,100065,100,99950,100,100067,100,99949,100,100069,100,99926,100,100079,100,99912,100,100084,100,99910,100,100104,100,99877,100
2019-06-28 09:34:08.125250477,100019,207,100010,307,100033,207,99975,207,100043,207,99966,207,100060,207,99954,207,100065,100,99949,100,100067,100,99926,100,100069,100,99912,100,100079,100,99910,100,100084,100,99877,100,100104,100,99875,100
2019-06-28 09:34:09.878297056,100019,207,100015,100,100033,207,100010,207,100043,207,99975,207,100060,207,99966,207,100065,100,99954,207,100067,100,99949,100,100069,100,99926,100,100079,100,99912,100,100084,100,99910,100,100104,100,99877,100
2019-06-28 09:34:10.000000000,100019,529,100015,529,100033,100,100010,100,100043,100,99975,100,100060,100,99966,100,100065,100,99954,100,100067,100,99949,100,100069,100,99926,100,100079,100,99912,100,100084,100,99910,100,100104,100,99877,100
2019-06-28 09:34:14.909818152,100019,429,100015,529,100033,100,100010,100,100043,100,99975,100,100060,100,99966,100,100065,100,99954,100,100067,100,99949,100,100069,100,99926,100,100079,100,99912,100,100084,100,99910,100,100104,100,99877,100
2019-06-28 09:34:20.000000000,100033,314,100015,314,100043,314,100010,314,100060,100,99975,100,100065,100,99966,100,100067,100,99954,100,100069,100,99949,100,100079,100,99926,100,100084,100,99912,100,100104,100,99910,100,100113,100,99877,100
2019-06-28 09:34:30.000000000,100033,246,100015,246,100043,242,100010,242,100060,242,99975,242,100065,100,99966,100,100067,100,99954,100,100069,100,99949,100,100079,100,99926,100,100084,100,99912,100,100104,100,99910,100,100113,100,99877,100
2019-06-28 09:34:33.181760338,100033,246,100015,346,100043,242,100010,242,100060,242,99975,142,100065,100,99966,100,100067,100,99954,100,100069,100,99949,100,100079,100,99926,100,100084,100,99912,100,100104,100,99910,100,100113,100,99877,100
2019-06-28 09:34:40.000000000,100033,207,100015,307,100043,207,100010,207,100060,207,99966,207,100065,207,99954,207,100067,100,99949,100,100069,100,99926,100,100079,100,99912,100,100084,100,99910,100,100104,100,99877,100,100113,100,99875,100
2019-06-28 09:34:44.902258484,100033,207,100015,307,100043,207,100010,207,100060,207,99966,207,100065,207,99954,207,100067,100,99949,100,100069,100,99926,100,100079,100,99912,100,100084,100,99910,100,100104,100,99877,100,100113,100,99875,100
2019-06-28 09:34:50.000000000,100033,529,100015,629,100043,100,100010,100,100060,100,99966,100,100065,100,99954,100,100067,100,99949,100,100069,100,99926,100,100079,100,99912,100,100084,100,99910,100,100104,100,99877,100,100113,100,99875,100
2019-06-28 09:34:51.400850050,100033,529,100015,629,100043,100,100010,100,100060,100,99966,100,100065,100,99954,100,100067,100,99949,100,100069,100,99926,100,100079,100,99912,100,100084,100,99910,100,100104,100,99877,100,100113,100,99875,100
2019-06-28 09:35:00.000000000,100033,529,100015,629,100043,100,100010,100,100060,100,99966,100,100065,100,99954,100,100067,100,99949,100,100069,100,99926,100,100079,100,99912,100,100084,100,99910,100,100104,100,99877,100,100113,100,99875,100
2019-06-28 09:35:10.000000000,100033,186,100015,286,100043,186,100010,186,100060,186,99966,186,100065,186,99954,186,100067,186,99949,186,100069,100,99926,100,100079,100,99912,100,100084,100,99910,100,100104,100,99877,100,100113,100,99875,100
2019-06-28 09:35:12.276376205,100033,186,100015,286,100043,186,100010,186,100060,186,99966,186,100065,186,99954,186,100067,186,99949,186,100069,100,99926,100,100084,100,99912,100,100104,100,99910,100,100113,100,99877,100,100133,100,99875,100
2019-06-28 09:35:20.000000000,100033,186,100015,286,100043,186,100010,186,100060,186,99966,186,100065,186,99954,186,100067,186,99949,186,100069,100,99926,100,100084,100,99912,100,100104,100,99910,100,100113,100,99877,100,100133,100,99875,100
2019-06-28 09:35:30.000000000,100033,207,100015,307,100043,207,100010,207,100060,207,99966,207,100065,207,99954,207,100067,100,99949,100,100069,100,99926,100,100084,100,99912,100,100104,100,99910,100,100113,100,99877,100,100133,100,99875,100
2019-06-28 09:35:40.000000000,100033,314,100015,414,100043,314,100010,314,100060,100,99966,100,100065,100,99954,100,100067,100,99949,100,100069,100,99926,100,100084,100,99912,100,100104,100,99910,100,100113,100,99877,100,100133,100,99875,100
2019-06-28 09:35:41.216302800,100033,314,100015,414,100043,314,100010,314,100060,100,99966,100,100065,100,99954,100,100067,100,99949,100,100069,100,99926,100,100084,100,99912,100,100104,100,99910,100,100113,100,99877,100,100133,100,99875,100
2019-06-28 09:35:50.000000000,100033,314,100015,414,100043,314,100010,314,100060,100,99966,100,100065,100,99954,100,100067,100,99949,100,100069,100,99926,100,100084,100,99912,100,100104,100,99910,100,100113,100,99877,100,100133,100,99875,100
2019-06-28 09:35:55.090378807,100033,314,100015,514,100043,314,100010,314,100060,100,99966,100,100065,100,99954,100,100067,100,99949,100,100069,100,99926,100,100084,100,99912,100,100104,100,99910,100,100113,100,99877,100,100133,100,99875,100
2019-06-28 09:36:00.000000000,100033,207,100015,407,100043,207,100010,207,100060,207,99966,207,100065,207,99954,207,100067,100,99949,100,100069,100,99926,100,100084,100,99912,100,100104,100,99910,100,100113,100,99877,100,100133,100,99875,100
2019-06-28 09:36:10.000000000,100033,207,100015,407,100043,207,100010,207,100060,207,99966,207,100065,207,99954,207,100067,100,99949,100,100069,100,99926,100,100084,100,99912,100,100104,100,99910,100,100113,100,99877,100,100133,100,99875,100
2019-06-28 09:36:13.694237332,100033,207,100015,407,100043,207,100010,207,100060,207,99966,207,100065,207,99954,207,100067,100,99949,100,100069,100,99926,100,100084,100,99912,100,100104,100,99910,100,100113,100,99877,100,100133,100,99875,100
2019-06-28 09:36:20.000000000,100033,529,100015,729,100043,100,100010,100,100060,100,99966,100,100065,100,99954,100,100067,100,99949,100,100069,100,99926,100,100084,100,99912,100,100104,100,99910,100,100113,100,99877,100,100133,100,99875,100
2019-06-28 09:36:30.000000000,100033,246,100015,446,100043,242,100010,242,100060,242,99966,242,100065,100,99954,100,100067,100,99949,100,100069,100,99926,100,100084,100,99912,100,100104,100,99910,100,100113,100,99877,100,100133,100,99875,100
2019-06-28 09:36:37.311629557,100033,246,100015,446,100043,242,100010,242,100060,242,99966,242,100065,100,99954,100,100067,100,99949,100,100069,100,99926,100,100084,100,99912,100,100104,100,99910,100,100113,100,99877,100,100133,100,99875,100
2019-06-28 09:36:38.536606458,100033,246,100015,446,100043,242,100010,242,100060,242,99966,242,100065,100,99954,100,100067,100,99949,100,100069,100,99926,100,100084,100,99912,100,100104,100,99910,100,100113,100,99877,100,100133,100,99875,100
2019-06-28 09:36:40.000000000,100033,314,100015,514,100043,314,100010,314,100060,100,99966,100,100065,100,99954,100,100067,100,99949,100,100069,100,99926,100,100084,100,99912,100,100104,100,99910,100,100113,100,99877,100,100133,100,99875,100
2019-06-28 09:36:50.000000000,100033,529,100015,729,100043,100,100010,100,100060,100,99966,100,100065,100,99954,100,100067,100,99949,100,100069,100,99926,100,100084,100,99912,100,100104,100,99910,100,100113,100,99877,100,100133,100,99875,100
2019-06-28 09:36:56.269742849,100033,529,100015,729,100043,100,100010,100,100060,100,99966,100,100065,100,99954,100,100067,100,99949,100,100069,100,99926,100,100084,100,99912,100,100104,100,99910,100,100113,100,99877,100,100133,100,99875,100
2019-06-28 09:36:57.347908489,100033,429,100015,729,100060,100,100010,100,100065,100,99966,100,100067,100,99954,100,100069,100,99949,100,100084,100,99926,100,100104,100,99912,100,100113,100,99910,100,100133,100,99877,100,100139,100,99875,100
2019-06-28 09:37:00.000000000,100060,246,100015,446,100065,242,100010,242,100067,242,99966,242,100069,100,99954,100,100084,100,99949,100,100104,100,99926,100,100113,100,99912,100,100133,100,99910,100,100139,100,99877,100,100140,100,99875,100
2019-06-28 09:37:06.948214079,100060,246,100015,446,100065,242,100010,242,100067,242,99966,242,100069,100,99954,100,100084,100,99949,100,100104,100,99926,100,100113,100,99912,100,100133,100,99910,100,100139,100,99877,100,100140,100,99875,100
2019-06-28 09:37:10.000000000,100060,314,100015,514,100065,314,100010,314,100067,100,99966,100,100069,100,99954,100,100084,100,99949,100,100104,100,99926,100,100113,100,99912,100,100133,100,99910,100,100139,100,99877,100,100140,100,99875,100
2019-06-28 09:37:20.000000000,100060,207,100015,407,100065,207,100010,207,100067,207,99966,207,100069,207,99954,207,100084,100,99949,100,100104,100,99926,100,100113,100,99912,100,100133,100,99910,100,100139,100,99877,100,100140,100,99875,100
2019-06-28 09:37:30.000000000,100060,314,100015,514,100065,314,100010,314,100067,100,99966,100,100069,100,99954,100,100084,100,99949,100,100104,100,99926,100,100113,100,99912,100,100133,100,99910,100,100139,100,99877,100,100140,100,99875,100
2019-06-28 09:37:40.000000000,100060,314,100015,514,100065,314,100010,314,100067,100,99966,100,100069,100,99954,100,100084,100,99949,100,100104,100,99926,100,100113,100,99912,100,100133,100,99910,100,100139,100,99877,100,100140,100,99875,100
2019-06-28 09:37:40.774744401,100060,114,100015,514,100065,314,100010,314,100067,100,99966,100,100069,100,99954,100,100084,100,99949,100,100104,100,99926,100,100113,100,99912,100,100133,100,99910,100,100139,100,99877,100,100140,100,99875,100
2019-06-28 09:37:49.545684072,100060,14,100015,514,100065,314,100010,314,100067,100,99966,100,100069,100,99954,100,100084,100,99949,100,100104,100,99912,100,100113,100,99910,100,100133,100,99877,100,100139,100,99875,100,100140,100,99871,100
2019-06-28 09:37:50.000000000,100065,246,100015,446,100067,242,100010,242,100069,242,99966,242,100084,100,99954,100,100104,100,99949,100,100113,100,99912,100,100133,100,99910,100,100139,100,99877,100,100140,100,99875,100,100157,100,99871,100
2019-06-28 09:38:00.000000000,100065,246,100015,446,100067,242,100010,242,100069,242,99966,242,100084,100,99954,100,100104,100,99949,100,100113,100,99912,100,100133,100,99910,100,100139,100,99877,100,100140,100,99875,100,100157,100,99871,100
2019-06-28 09:38:02.384583223,100065,146,100015,446,100067,242,100010,242,100069,142,99966,242,100084,100,99954,100,100104,100,99949,100,100113,100,99912,100,100133,100,99910,100,100139,100,99877,100,100140,100,99875,100,100157,100,99871,100
2019-06-28 09:38:10.000000000,100067,314,100015,514,100084,314,100010,314,100104,100,99966,100,100113,100,99954,100,100133,100,99949,100,100139,100,99912,100,100140,100,99910,100,100157,100,99877,100,100210,100,99875,100,100654,100,99871,100
2019-06-28 09:38:18.787222220,100067,214,100015,514,100084,314,100010,314,100104,100,99966,100,100113,100,99954,100,100133,100,99949,100,100139,100,99912,100,100140,100,99910,100,100157,100,99877,100,100210,100,99875,100,100654,100,99871,100
2019-06-28 09:38:20.000000000,100084,207,100015,407,100104,207,100010,207,100113,207,99966,207,100133,207,99954,207,100139,100,99949,100,100140,100,99912,100,100157,100,99910,100,100210,100,99877,100,100654,100,99875,100,100760,100,99871,100
2019-06-28 09:38:26.715542736,100084,207,100015,407,100104,207,100010,207,100113,207,99966,207,100133,207,99954,207,100139,100,99949,100,100140,100,99912,100,100157,100,99910,100,100210,100,99877,100,100654,100,99875,100,100697,100,99871,100
2019-06-28 09:38:29.049765711,100084,207,100015,407,100104,207,100010,207,100113,207,99966,207,100133,207,99954,207,100139,100,99949,100,100140,100,99912,100,100157,100,99910,100,100210,100,99877,100,100654,100,99875,100,100749,100,99871,100
2019-06-28 09:38:30.000000000,100084,314,100015,514,100104,314,100010,314,100113,100,99966,100,100133,100,99954,100,100139,100,99949,100,100140,100,99912,100,100157,100,99910,100,100210,100,99877,100,100654,100,99875,100,100749,100,99871,100
2019-06-28 09:38:30.239091543,100084,314,100015,514,100104,314,100010,314,100113,100,99966,100,100133,100,99954,100,100139,100,99949,100,100140,100,99912,100,100157,100,99910,100,100210,100,99877,100,100654,100,99875,100,100747,100,99871,100
2019-06-28 09:38:34.609056313,100084,214,100015,514,100104,314,100010,314,100133,100,99966,100,100139,100,99954,100,100140,100,99949,100,100157,100,99912,100,100210,100,99910,100,100654,100,99877,100,100747,100,99875,100,100749,100,99871,100
2019-06-28 09:38:40.000000000,100104,207,100015,407,100133,207,100010,207,100139,207,99966,207,100140,207,99954,207,100157,100,99949,100,100210,100,99912,100,100654,100,99910,100,100747,100,99877,100,100749,100,99875,100,100760,100,99871,100
2019-06-28 09:38:49.441900584,100104,207,100015,407,100133,207,100010,207,100139,107,99966,207,100140,207,99954,207,100157,100,99949,100,100210,100,99912,100,100654,100,99910,100,100747,100,99877,100,100749,100,99875,100,100760,100,99871,100
2019-06-28 09:38:50.000000000,100104,246,100015,446,100133,242,100010,242,100140,242,99966,242,100157,100,99954,100,100210,100,99949,100,100654,100,99912,100,100747,100,99910,100,100749,100,99877,100,100760,100,99875,100,100821,100,99871,100
2019-06-28 09:39:00.000000000,100104,246,100015,446,100133,242,100010,242,100140,242,99966,242,100157,100,99954,100,100210,100,99949,100,100654,100,99912,100,100747,100,99910,100,100749,100,99877,100,100760,100,99875,100,100821,100,99871,100
2019-06-28 09:39:04.891978475,100104,146,100015,446,100133,242,100010,242,100140,242,99966,242,100210,100,99954,100,100654,100,99949,100,100747,100,99912,100,100749,100,99910,100,100760,100,99877,100,100821,100,99875,100,100835,100,99871,100
2019-06-28 09:39:09.029143122,100104,46,100015,446,100133,242,100010,242,100140,242,99966,242,100210,100,99954,100,100654,100,99949,100,100747,100,99912,100,100749,100,99910,100,100760,100,99877,100,100821,100,99875,100,100835,100,99871,100
2019-06-28 09:39:10.000000000,100133,529,100015,729,100140,100,100010,100,100210,100,99966,100,100654,100,99954,100,100747,100,99949,100,100749,100,99912,100,100760,100,99910,100,100821,100,99877,100,100835,100,99875,100,100852,100,99871,100
2019-06-28 09:39:20.000000000,100133,207,100015,407,100140,207,100010,207,100210,207,99966,207,100654,207,99954,207,100747,100,99949,100,100749,100,99912,100,100760,100,99910,100,100821,100,99877,100,100835,100,99875,100,100852,100,99871,100
2019-06-28 09:39:24.026790317,100133,207,100104,100,100140,207,100015,407,100210,207,100010,207,100654,207,99966,207,100747,100,99954,207,100749,100,99949,100,100760,100,99912,100,100821,100,99910,100,100835,100,99877,100,100852,100,99875,100
2019-06-28 09:39:30.000000000,100133,314,100104,314,100140,314,100015,514,100210,100,100010,100,100654,100,99966,100,100747,100,99954,100,100749,100,99949,100,100760,100,99912,100,100821,100,99910,100,100835,100,99877,100,100852,100,99875,100
2019-06-28 09:39:40.000000000,100133,529,100104,529,100140,100,100015,300,100210,100,100010,100,100654,100,99966,100,100747,100,99954,100,100749,100,99949,100,100760,100,99912,100,100821,100,99910,100,100835,100,99877,100,100852,100,99875,100
2019-06-28 09:39:50.000000000,100133,314,100104,314,100140,314,100015,514,100210,100,100010,100,100654,100,99966,100,100747,100,99954,100,100749,100,99949,100,100760,100,99912,100,100821,100,99910,100,100835,100,99877,100,100852,100,99875,100
2019-06-28 09:39:57.026138810,100133,314,100104,314,100140,314,100015,514,100210,100,100010,100,100520,100,99966,100,100654,100,99954,100,100747,100,99949,100,100749,100,99912,100,100760,100,99910,100,100821,100,99877,100,100835,100,99875,100
2019-06-28 09:40:00.000000000,100133,207,100104,207,100140,207,100015,407,100210,207,100010,207,100520,207,99966,207,100654,100,99954,100,100747,100,99949,100,100749,100,99912,100,100760,100,99910,100,100821,100,99877,100,100835,100,99875,100
2019-06-28 09:40:01.153360364,100133,207,100104,207,100140,207,100015,407,100210,207,100010,207,100462,100,99966,207,100520,207,99954,100,100654,100,99949,100,100747,100,99912,100,100749,100,99877,100,100760,100,99875,100,100821,100,99871,100
2019-06-28 09:40:10.000000000,100133,186,100104,186,100140,186,100015,386,100210,186,100010,186,100462,186,99966,186,100520,186,99954,186,100654,100,99949,100,100747,100,99912,100,100749,100,99877,100,100760,100,99875,100,100821,100,99871,100
2019-06-28 09:40:11.788555511,100133,86,100104,186,100140,186,100015,386,100210,186,100010,186,100462,186,99966,186,100520,186,99954,186,100654,100,99949,100,100747,100,99912,100,100749,100,99877,100,100760,100,99875,100,100821,100,99871,100
2019-06-28 09:40:17.228450822,100133,86,100104,186,100140,186,100015,386,100210,186,100010,186,100374,100,99966,186,100462,86,99954,186,100520,186,99949,100,100654,100,99912,100,100747,100,99877,100,100749,100,99875,100,100760,100,99871,100
2019-06-28 09:40:20.000000000,100140,529,100104,529,100210,100,100015,300,100374,100,100010,100,100520,100,99966,100,100654,100,99954,100,100747,100,99949,100,100749,100,99912,100,100760,100,99877,100,100821,100,99875,100,100835,100,99871,100
2019-06-28 09:40:26.645675984,100140,529,100104,529,100210,100,100015,300,100340,100,100010,100,100374,100,99966,100,100520,100,99954,100,100654,100,99949,100,100747,100,99912,100,100749,100,99877,100,100760,100,99875,100,100821,100,99871,100
2019-06-28 09:40:30.000000000,100140,529,100104,529,100210,100,100015,300,100340,100,100010,100,100374,100,99966,100,100520,100,99954,100,100654,100,99949,100,100747,100,99912,100,100749,100,99877,100,100760,100,99875,100,100821,100,99871,100
2019-06-28 09:40:40.000000000,100140,207,100104,207,100210,207,100015,407,100340,207,100010,207,100374,207,99966,207,100520,100,99954,100,100654,100,99949,100,100747,100,99912,100,100749,100,99877,100,100760,100,99875,100,100821,100,99871,100
2019-06-28 09:40:47.989060843,100140,207,100104,207,100210,207,100015,407,100340,207,100010,207,100374,207,99966,207,100520,100,99954,100,100654,100,99949,100,100747,100,99912,100,100749,100,99877,100,100760,100,99875,100,100821,100,99871,100
2019-06-28 09:40:50.000000000,100140,246,100104,246,100210,242,100015,442,100340,242,100010,242,100374,100,99966,100,100520,100,99954,100,100654,100,99949,100,100747,100,99912,100,100749,100,99877,100,100760,100,99875,100,100821,100,99871,100
2019-06-28 09:41:00.000000000,100140,529,100104,529,100210,100,100015,300,100340,100,100010,100,100374,100,99966,100,100520,100,99954,100,100654,100,99949,100,100747,100,99912,100,100749,100,99877,100,100760,100,99875,100,100821,100,99871,100
2019-06-28 09:41:10.000000000,100140,207,100104,207,100210,207,100015,407,100340,207,100010,207,100374,207,99966,207,100520,100,99954,100,100654,100,99949,100,100747,100,99912,100,100749,100,99877,100,100760,100,99875,100,100821,100,99871,100
2019-06-28 09:41:20.000000000,100140,529,100104,529,100210,100,100015,300,100340,100,100010,100,100374,100,99966,100,100520,100,99954,100,100654,100,99949,100,100747,100,99912,100,100749,100,99877,100,100760,100,99875,100,100821,100,99871,100
2019-06-28 09:41:21.289082174,100140,529,100104,529,100210,100,100015,300,100340,100,100010,100,100374,100,99966,100,100520,100,99954,100,100654,100,99949,100,100747,100,99912,100,100749,100,99877,100,100760,100,99875,100,100821,100,99871,100
2019-06-28 09:41:30.000000000,100140,246,100104,246,100210,242,100015,442,100340,242,100010,242,100374,100,99966,100,100520,100,99954,100,100654,100,99949,100,100747,100,99912,100,100749,100,99877,100,100760,100,99875,100,100821,100,99871,100
2019-06-28 09:41:40.000000000,100140,314,100104,314,100210,314,100015,514,100340,100,100010,100,100374,100,99966,100,100520,100,99954,100,100654,100,99949,100,100747,100,99912,100,100749,100,99877,100,100760,100,99875,100,100821,100,99871,100
2019-06-28 09:41:50.000000000,100140,314,100104,314,100210,314,100015,514,100340,100,100010,100,100374,100,99966,100,100520,100,99954,100,100654,100,99949,100,100747,100,99912,100,100749,100,99877,100,100760,100,99875,100,100821,100,99871,100
2019-06-28 09:42:00.000000000,100140,314,100104,314,100210,314,100015,514,100340,100,100010,100,100374,100,99966,100,100520,100,99954,100,100654,100,99949,100,100747,100,99912,100,100749,100,99877,100,100760,100,99875,100,100821,100,99871,100
2019-06-28 09:42:10.000000000,100140,529,100104,529,100210,100,100015,300,100340,100,100010,100,100374,100,99966,100,100520,100,99954,100,100654,100,99949,100,100747,100,99912,100,100749,100,99877,100,100760,100,99875,100,100821,100,99871,100
2019-06-28 09:42:20.000000000,100140,529,100104,529,100210,100,100015,300,100340,100,100010,100,100374,100,99966,100,100520,100,99954,100,100654,100,99949,100,100747,100,99912,100,100749,100,99877,100,100760,100,99875,100,100821,100,99871,100
2019-06-28 09:42:25.207792096,100140,529,100104,429,100210,100,100015,300,100340,100,100010,100,100374,100,99966,100,100520,100,99954,100,100654,100,99949,100,100747,100,99912,100,100749,100,99877,100,100760,100,99875,100,100821,100,99871,100
2019-06-28 09:42:27.036081176,100140,529,100104,329,100210,100,100015,300,100340,100,100010,100,100374,100,99966,100,100520,100,99954,100,100654,100,99949,100,100747,100,99912,100,100749,100,99877,100,100760,100,99875,100,100821,100,99871,100
2019-06-28 09:42:30.000000000,100140,314,100015,514,100210,314,100010,314,100340,100,99966,100,100374,100,99954,100,100520,100,99949,100,100654,100,99912,100,100747,100,99877,100,100749,100,99875,100,100760,100,99871,100,100821,100,99868,100
2019-06-28 09:42:30.859322733,100140,314,100015,514,100210,314,100010,314,100340,100,99966,100,100374,100,99954,100,100520,100,99949,100,100654,100,99912,100,100747,100,99877,100,100749,100,99875,100,100760,100,99871,100,100821,100,99868,100
2019-06-28 09:42:34.684824787,100140,314,100015,514,100210,314,100010,314,100340,100,99966,100,100374,100,99954,100,100520,100,99949,100,100654,100,99912,100,100749,100,99877,100,100760,100,99875,100,100821,100,99871,100,100835,100,99868,100
2019-06-28 09:42:40.000000000,100140,186,100015,386,100210,186,100010,186,100340,186,99966,186,100374,186,99954,186,100520,186,99949,186,100654,100,99912,100,100749,100,99877,100,100760,100,99875,100,100821,100,99871,100,100835,100,99868,100
2019-06-28 09:42:45.412579217,100140,186,100015,286,100210,186,100010,186,100340,186,99966,186,100374,186,99954,186,100520,186,99949,186,100654,100,99912,100,100749,100,99877,100,100760,100,99875,100,100821,100,99871,100,100835,100,99868,100
2019-06-28 09:42:50.000000000,100140,186,100015,286,100210,186,100010,186,100340,186,99966,186,100374,186,99954,186,100520,186,99949,186,100654,100,99912,100,100749,100,99877,100,100760,100,99875,100,100821,100,99871,100,100835,100,99868,100
2019-06-28 09:43:00.000000000,100140,207,100015,307,100210,207,100010,207,100340,207,99966,207,100374,207,99954,207,100520,100,99949,100,100654,100,99912,100,100749,100,99877,100,100760,100,99875,100,100821,100,99871,100,100835,100,99868,100
2019-06-28 09:43:08.974370506,100140,207,100015,307,100210,207,100010,207,100340,207,99966,207,100374,207,99954,207,100520,100,99949,100,100654,100,99912,100,100749,100,99877,100,100760,100,99875,100,100821,100,99871,100,100835,100,99868,100
2019-06-28 09:43:10.000000000,100140,207,100015,307,100210,207,100010,207,100340,207,99966,207,100374,207,99954,207,100520,100,99949,100,100654,100,99912,100,100749,100,99877,100,100760,100,99875,100,100821,100,99871,100,100835,100,99868,100
2019-06-28 09:43:20.000000000,100140,207,100015,307,100210,207,100010,207,100340,207,99966,207,100374,207,99954,207,100520,100,99949,100,100654,100,99912,100,100749,100,99877,100,100760,100,99875,100,100821,100,99871,100,100835,100,99868,100
2019-06-28 09:43:28.045082718,100104,100,100015,207,100140,207,100010,207,100210,207,99966,207,100340,207,99954,207,100374,207,99949,100,100520,100,99912,100,100654,100,99877,100,100749,100,99875,100,100760,100,99871,100,100821,100,99868,100
2019-06-28 09:43:30.000000000,100104,314,100015,314,100140,314,100010,314,100210,100,99966,100,100340,100,99954,100,100374,100,99949,100,100520,100,99912,100,100654,100,99877,100,100749,100,99875,100,100760,100,99871,100,100821,100,99868,100
2019-06-28 09:43:31.684172440,100104,314,100015,214,100140,314,100010,314,100210,100,99966,100,100340,100,99954,100,100374,100,99949,100,100520,100,99912,100,100654,100,99877,100,100749,100,99875,100,100760,100,99871,100,100821,100,99868,100
2019-06-28 09:43:36.314735281,100104,314,100015,214,100140,314,100010,314,100210,100,99966,100,100340,100,99954,100,100374,100,99949,100,100520,100,99912,100,100654,100,99877,100,100749,100,99875,100,100760,100,99871,100,100821,100,99868,100
2019-06-28 09:43:37.647638856,100104,314,100015,114,100140,314,100010,314,100210,100,99966,100,100340,100,99954,100,100374,100,99949,100,100520,100,99912,100,100654,100,99877,100,100749,100,99875,100,100760,100,99871,100,100821,100,99868,100
2019-06-28 09:43:40.000000000,100104,314,100010,314,100140,314,99966,314,100210,100,99954,100,100340,100,99949,100,100374,100,99912,100,100520,100,99877,100,100654,100,99875,100,100749,100,99871,100,100760,100,99868,100,100821,100,99850,100
2019-06-28 09:43:48.278473845,100104,314,100010,314,100140,314,99966,314,100210,100,99954,100,100340,100,99949,100,100374,100,99912,100,100520,100,99877,100,100654,100,99875,100,100749,100,99871,100,100760,100,99868,100,100821,100,99850,100
2019-06-28 09:43:48.976680953,100104,314,100010,314,100140,314,99966,314,100210,100,99954,100,100340,100,99949,100,100374,100,99912,100,100520,100,99877,100,100654,100,99875,100,100749,100,99871,100,100760,100,99868,100,100821,100,99850,100
2019-06-28 09:43:50.000000000,100104,246,100010,246,100140,242,99966,242,100210,242,99954,242,100340,100,99949,100,100374,100,99912,100,100520,100,99877,100,100654,100,99875,100,100749,100,99871,100,100760,100,99868,100,100821,100,99850,100
2019-06-28 09:44:00.000000000,100104,314,100010,314,100140,314,99966,314,100210,100,99954,100,100340,100,99949,100,100374,100,99912,100,100520,100,99877,100,100654,100,99875,100,100749,100,99871,100,100760,100,99868,100,100821,100,99850,100
2019-06-28 09:44:00.566586134,100104,314,100010,314,100140,314,99966,314,100210,100,99954,100,100340,100,99949,100,100374,100,99912,100,100520,100,99877,100,100654,100,99875,100,100749,100,99871,100,100760,100,99868,100,100821,100,99850,100
2019-06-28 09:44:09.066955360,100104,314,100010,214,100140,314,99966,314,100210,100,99954,100,100340,100,99949,100,100374,100,99912,100,100520,100,99877,100,100654,100,99875,100,100749,100,99871,100,100760,100,99868,100,100821,100,99850,100
2019-06-28 09:44:10.000000000,100104,207,99966,207,100140,207,99954,207,100210,207,99949,207,100340,207,99912,207,100374,100,99877,100,100520,100,99875,100,100654,100,99871,100,100749,100,99868,100,100760,100,99850,100,100821,100,99830,100
2019-06-28 09:44:16.531581517,100104,207,99966,207,100140,207,99954,207,100210,207,99949,207,100340,207,99912,207,100374,100,99877,100,100654,100,99875,100,100749,100,99871,100,100760,100,99868,100,100821,100,99850,100,100852,100,99830,100
2019-06-28 09:44:20.000000000,100104,529,99966,529,100140,100,99954,100,100210,100,99949,100,100340,100,99912,100,100374,100,99877,100,100654,100,99875,100,100749,100,99871,100,100760,100,99868,100,100821,100,99850,100,100852,100,99830,100
2019-06-28 09:44:24.551546867,100104,529,99966,429,100140,100,99954,100,100210,100,99949,100,100340,100,99912,100,100374,100,99877,100,100654,100,99875,100,100749,100,99871,100,100760,100,99868,100,100821,100,99850,100,100852,100,99830,100
2019-06-28 09:44:30.000000000,100104,207,99954,207,100140,207,99949,207,100210,207,99912,207,100340,207,99877,207,100374,100,99875,100,100654,100,99871,100,100749,100,99868,100,100760,100,99850,100,100821,100,99830,100,100852,100,99645,100
2019-06-28 09:44:30.417239670,100104,207,99954,207,100140,207,99949,207,100210,207,99912,207,100340,207,99877,207,100374,100,99875,100,100654,100,99871,100,100749,100,99868,100,100760,100,99850,100,100821,100,99830,100,100852,100,99645,100
2019-06-28 09:44:40.000000000,100104,529,99954,529,100140,100,99949,100,100210,100,99912,100,100340,100,99877,100,100374,100,99875,100,100654,100,99871,100,100749,100,99868,100,100760,100,99850,100,100821,100,99830,100,100852,100,99645,100
2019-06-28 09:44:48.509031576,100104,529,99954,529,100140,100,99949,100,100210,100,99912,100,100340,100,99877,100,100374,100,99875,100,100654,100,99871,100,100749,100,99868,100,100760,100,99850,100,100821,100,99830,100,100852,100,99645,100
2019-06-28 09:44:50.000000000,100104,207,99954,207,100140,207,99949,207,100210,207,99912,207,100340,207,99877,207,100374,100,99875,100,100654,100,99871,100,100749,100,99868,100,100760,100,99850,100,100821,100,99830,100,100852,100,99645,100
2019-06-28 09:45:00.000000000,100104,246,99954,246,100140,242,99949,242,100210,242,99912,242,100340,100,99877,100,100374,100,99875,100,100654,100,99871,100,100749,100,99868,100,100760,100,99850,100,100821,100,99830,100,100852,100,99645,100
2019-06-28 09:45:10.000000000,100104,529,99954,529,100140,100,99949,100,100210,100,99912,100,100340,100,99877,100,100374,100,99875,100,100654,100,99871,100,100749,100,99868,100,100760,100,99850,100,100821,100,99830,100,100852,100,99645,100
2019-06-28 09:45:11.497035079,100104,529,99954,429,100140,100,99949,100,100210,100,99912,100,100340,100,99877,100,100374,100,99875,100,100654,100,99871,100,100749,100,99868,100,100760,100,99850,100,100821,100,99830,100,100852,100,99645,100
2019-06-28 09:45:20.000000000,100104,314,99949,314,100140,314,99912,314,100210,100,99877,100,100340,100,99875,100,100374,100,99871,100,100654,100,99868,100,100749,100,99850,100,100760,100,99830,100,100821,100,99645,100,100852,100,98950,100
2019-06-28 09:45:24.927887147,100104,314,99949,314,100140,314,99912,314,100210,100,99877,100,100340,100,99875,100,100374,100,99871,100,100654,100,99868,100,100749,100,99850,100,100760,100,99830,100,100821,100,99645,100,100852,100,98950,100
2019-06-28 09:45:30.000000000,100104,246,99949,246,100140,242,99912,242,100210,242,99877,242,100340,100,99875,100,100374,100,99871,100,100654,100,99868,100,100749,100,99850,100,100760,100,99830,100,100821,100,99645,100,100852,100,98950,100
2019-06-28 09:45:40.000000000,100104,246,99949,246,100140,242,99912,242,100210,242,99877,242,100340,100,99875,100,100374,100,99871,100,100654,100,99868,100,100749,100,99850,100,100760,100,99830,100,100821,100,99645,100,100852,100,98950,100
2019-06-28 09:45:43.900303065,100104,246,99949,246,100140,242,99912,142,100210,242,99877,242,100340,100,99875,100,100374,100,99871,100,100654,100,99868,100,100749,100,99850,100,100760,100,99830,100,100821,100,99645,100,100852,100,98950,100
2019-06-28 09:45:46.631432321,100104,246,99949,146,100140,242,99912,142,100210,242,99877,242,100340,100,99875,100,100374,100,99871,100,100654,100,99868,100,100749,100,99850,100,100760,100,99830,100,100821,100,99645,100,100852,100,98950,100
2019-06-28 09:45:47.021930489,100104,246,99949,46,100140,242,99912,142,100210,242,99877,242,100340,100,99875,100,100374,100,99871,100,100654,100,99868,100,100749,100,99850,100,100760,100,99830,100,100821,100,99645,100,100852,100,98950,100
2019-06-28 09:45:50.000000000,100104,207,99877,207,100140,207,99875,207,100210,207,99871,207,100340,207,99868,207,100374,100,99850,100,100654,100,99830,100,100749,100,99645,100,100760,100,98950,100,100821,100,98856,100,100852,100,98814,100
2019-06-28 09:45:59.220873640,100104,207,99877,107,100140,207,99875,207,100210,207,99871,207,100340,207,99868,207,100374,100,99850,100,100654,100,99830,100,100749,100,99645,100,100760,100,98950,100,100821,100,98856,100,100852,100,98814,100
2019-06-28 09:46:00.000000000,100104,529,99875,529,100140,100,99871,100,100210,100,99868,100,100340,100,99850,100,100374,100,99830,100,100654,100,99645,100,100749,100,98950,100,100760,100,98856,100,100821,100,98814,100,100852,100,98624,100
2019-06-28 09:46:10.000000000,100104,529,99875,529,100140,100,99871,100,100210,100,99868,100,100340,100,99850,100,100374,100,99830,100,100654,100,99645,100,100749,100,98950,100,100760,100,98856,100,100821,100,98814,100,100852,100,98624,100
2019-06-28 09:46:10.805238747,99949,100,99875,529,100104,529,99871,100,100140,100,99868,100,100210,100,99850,100,100340,100,99830,100,100374,100,99645,100,100654,100,98950,100,100749,100,98856,100,100760,100,98814,100,100821,100,98624,100
2019-06-28 09:46:14.666607809,99949,100,99875,529,100104,529,99871,100,100140,100,99868,100,100210,100,99850,100,100340,100,99830,100,100374,100,99645,100,100654,100,98950,100,100749,100,98867,100,100760,100,98856,100,100821,100,98814,100
2019-06-28 09:46:20.000000000,99949,186,99875,186,100104,186,99871,186,100140,186,99868,186,100210,186,99850,186,100340,186,99830,186,100374,100,99645,100,100654,100,98950,100,100749,100,98867,100,100760,100,98856,100,100821,100,98814,100
2019-06-28 09:46:30.000000000,99949,186,99875,186,100104,186,99871,186,100140,186,99868,186,100210,186,99850,186,100340,186,99830,186,100374,100,99645,100,100654,100,98950,100,100749,100,98867,100,100760,100,98856,100,100821,100,98814,100
2019-06-28 09:46:31.487113285,99949,186,99875,186,100104,186,99871,186,100140,186,99868,186,100210,186,99850,186,100340,186,99830,186,100374,100,99645,100,100654,100,98950,100,100749,100,98867,100,100760,100,98856,100,100852,100,98814,100
2019-06-28 09:46:40.000000000,99949,529,99875,529,100104,100,99871,100,100140,100,99868,100,100210,100,99850,100,100340,100,99830,100,100374,100,99645,100,100654,100,98950,100,100749,100,98867,100,100760,100,98856,100,100852,100,98814,100
2019-06-28 09:46:44.467569872,99949,629,99875,529,100104,100,99871,100,100140,100,99868,100,100210,100,99850,100,100340,100,99830,100,100374,100,99645,100,100654,100,98950,100,100749,100,98867,100,100760,100,98856,100,100852,100,98814,100
2019-06-28 09:46:50.000000000,99949,307,99875,207,100104,207,99871,207,100140,207,99868,207,100210,207,99850,207,100340,100,99830,100,100374,100,99645,100,100654,100,98950,100,100749,100,98867,100,100760,100,98856,100,100852,100,98814,100
2019-06-28 09:47:00.000000000,99949,286,99875,186,100104,186,99871,186,100140,186,99868,186,100210,186,99850,186,100340,186,99830,186,100374,100,99645,100,100654,100,98950,100,100749,100,98867,100,100760,100,98856,100,100852,100,98814,100
2019-06-28 09:47:10.000000000,99949,307,99875,207,100104,207,99871,207,100140,207,99868,207,100210,207,99850,207,100340,100,99830,100,100374,100,99645,100,100654,100,98950,100,100749,100,98867,100,100760,100,98856,100,100852,100,98814,100
2019-06-28 09:47:20.000000000,99949,346,99875,246,100104,242,99871,242,100140,242,99868,242,100210,100,99850,100,100340,100,99830,100,100374,100,99645,100,100654,100,98950,100,100749,100,98867,100,100760,100,98856,100,100852,100,98814,100
2019-06-28 09:47:30.000000000,99949,629,99875,529,100104,100,99871,100,100140,100,99868,100,100210,100,99850,100,100340,100,99830,100,100374,100,99645,100,100654,100,98950,100,100749,100,98867,100,100760,100,98856,100,100852,100,98814,100
2019-06-28 09:47:32.471846319,99949,629,99875,529,100104,100,99871,100,100140,100,99868,100,100210,100,99850,100,100340,100,99830,100,100374,100,99645,100,100654,100,98976,100,100760,100,98950,100,100852,100,98867,100,100941,100,98856,100
2019-06-28 09:47:40.000000000,99949,346,99875,246,100104,242,99871,242,100140,242,99868,242,100210,100,99850,100,100340,100,99830,100,100374,100,99645,100,100654,100,98976,100,100760,100,98950,100,100852,100,98867,100,100941,100,98856,100
2019-06-28 09:47:44.858854811,99949,346,99875,246,100104,242,99871,242,100140,242,99868,242,100210,100,99850,100,100340,100,99830,100,100374,100,99645,100,100654,100,98976,100,100760,100,98950,100,100852,100,98867,100,100941,100,98856,100
2019-06-28 09:47:50.000000000,99949,629,99875,529,100104,100,99871,100,100140,100,99868,100,100210,100,99850,100,100340,100,99830,100,100374,100,99645,100,100654,100,98976,100,100760,100,98950,100,100852,100,98867,100,100941,100,98856,100
2019-06-28 09:47:51.519700551,99949,629,99875,529,100104,100,99871,100,100140,100,99868,100,100210,100,99850,100,100340,100,99830,100,100374,100,99645,100,100654,100,98976,100,100760,100,98950,100,100852,100,98867,100,100941,100,98856,100
2019-06-28 09:47:52.966086793,99949,629,99875,429,100104,100,99871,100,100210,100,99868,100,100340,100,99850,100,100374,100,99830,100,100654,100,99645,100,100760,100,98976,100,100852,100,98950,100,100941,100,98867,100,100989,100,98856,100
2019-06-28 09:48:00.000000000,99949,307,99871,207,100104,207,99868,207,100210,207,99850,207,100340,207,99830,207,100374,100,99645,100,100654,100,98976,100,100760,100,98950,100,100852,100,98867,100,100941,100,98856,100,100989,100,98832,100
2019-06-28 09:48:05.411344470,99949,307,99871,207,100104,207,99868,207,100210,207,99850,207,100340,207,99830,207,100374,100,99645,100,100654,100,98976,100,100760,100,98950,100,100852,100,98867,100,100941,100,98856,100,,,98832,100
2019-06-28 09:48:09.956360739,99949,307,99871,107,100104,207,99868,207,100210,207,99850,207,100340,207,99830,207,100374,100,99645,100,100654,100,98976,100,100760,100,98950,100,100852,100,98867,100,100941,100,98856,100,,,98832,100
2019-06-28 09:48:10.000000000,99949,414,99868,314,100104,314,99850,314,100210,100,99830,100,100340,100,99645,100,100374,100,98976,100,100654,100,98950,100,100760,100,98867,100,100852,100,98856,100,100941,100,98832,100,,,98820,100
2019-06-28 09:48:20.000000000,99949,346,99868,246,100104,242,99850,242,100210,242,99830,242,100340,100,99645,100,100374,100,98976,100,100654,100,98950,100,100760,100,98867,100,100852,100,98856,100,100941,100,98832,100,,,98820,100
2019-06-28 09:48:30.000000000,99949,629,99868,529,100104,100,99850,100,100210,100,99830,100,100340,100,99645,100,100374,100,98976,100,100654,100,98950,100,100760,100,98867,100,100852,100,98856,100,100941,100,98832,100,,,98820,100
2019-06-28 09:48:40.000000000,99949,286,99868,186,100104,186,99850,186,100210,186,99830,186,100340,186,99645,186,100374,186,98976,186,100654,100,98950,100,100760,100,98867,100,100852,100,98856,100,100941,100,98832,100,,,98820,100
2019-06-28 09:48:42.641310937,99949,286,99868,186,100104,186,99850,186,100210,186,99830,86,100340,186,99645,186,100374,186,98976,186,100654,100,98950,100,100760,100,98867,100,100852,100,98856,100,100941,100,98832,100,,,98820,100
2019-06-28 09:48:50.000000000,99949,414,99868,314,100104,314,99850,314,100210,100,99645,100,100340,100,98976,100,100374,100,98950,100,100654,100,98867,100,100760,100,98856,100,100852,100,98832,100,100941,100,98820,100,,,98814,100
2019-06-28 09:49:00.000000000,99949,346,99868,246,100104,242,99850,242,100210,242,99645,242,100340,100,98976,100,100374,100,98950,100,100654,100,98867,100,100760,100,98856,100,100852,100,98832,100,100941,100,98820,100,,,98814,100
2019-06-28 09:49:10.000000000,99949,286,99868,186,100104,186,99850,186,100210,186,99645,186,100340,186,98976,186,100374,186,98950,186,100654,100,98867,100,100760,100,98856,100,100852,100,98832,100,100941,100,98820,100,,,98814,100
2019-06-28 09:49:16.976015499,99949,286,99868,186,100104,186,99850,186,100210,186,99645,186,100340,186,98976,186,100374,186,98950,186,100654,100,98926,100,100760,100,98867,100,100852,100,98856,100,100941,100,98832,100,,,98820,100
2019-06-28 09:49:20.000000000,99949,414,99868,314,100104,314,99850,314,100210,100,99645,100,100340,100,98976,100,100374,100,98950,100,100654,100,98926,100,100760,100,98867,100,100852,100,98856,100,100941,100,98832,100,,,98820,100
2019-06-28 09:49:20.483614720,99875,100,99868,314,99949,414,99850,314,100104,314,99645,100,100210,100,98976,100,100340,100,98950,100,100374,100,98926,100,100654,100,98867,100,100760,100,98856,100,100852,100,98832,100,100941,100,98820,100
2019-06-28 09:49:30.000000000,99875,207,99868,207,99949,307,99850,207,100104,207,99645,207,100210,207,98976,207,100340,100,98950,100,100374,100,98926,100,100654,100,98867,100,100760,100,98856,100,100852,100,98832,100,100941,100,98820,100
2019-06-28 09:49:31.212863365,99875,207,99868,207,99949,307,99850,207,100104,207,99645,207,100210,207,98976,207,100340,100,98950,100,100374,100,98926,100,100654,100,98878,100,100760,100,98867,100,100852,100,98856,100,100941,100,98832,100
2019-06-28 09:49:40.000000000,99875,186,99868,186,99949,286,99850,186,100104,186,99645,186,100210,186,98976,186,100340,186,98950,186,100374,100,98926,100,100654,100,98878,100,100760,100,98867,100,100852,100,98856,100,100941,100,98832,100
2019-06-28 09:49:42.734402522,99875,186,99868,186,99949,286,99850,186,100104,186,99645,186,100210,186,98999,100,100340,186,98976,186,100374,100,98950,186,100654,100,98926,100,100760,100,98878,100,100852,100,98867,100,100941,100,98856,100
2019-06-28 09:49:49.783231351,99875,186,99868,86,99949,286,99850,186,100104,186,99645,186,100210,186,98999,100,100340,86,98976,186,100374,100,98950,186,100654,100,98926,100,100760,100,98878,100,100852,100,98867,100,100941,100,98856,100
2019-06-28 09:49:50.000000000,99875,246,99850,246,99949,342,99645,242,100104,242,98999,242,100210,100,98976,100,100374,100,98950,100,100654,100,98926,100,100760,100,98878,100,100852,100,98867,100,100941,100,98856,100,,,98832,100
2019-06-28 09:50:00.000000000,99875,246,99850,246,99949,342,99645,242,100104,242,98999,242,100210,100,98976,100,100374,100,98950,100,100654,100,98926,100,100760,100,98878,100,100852,100,98867,100,100941,100,98856,100,,,98832,100
2019-06-28 09:50:10.000000000,99875,246,99850,246,99949,342,99645,242,100104,242,98999,242,100210,100,98976,100,100374,100,98950,100,100654,100,98926,100,100760,100,98878,100,100852,100,98867,100,100941,100,98856,100,,,98832,100
2019-06-28 09:50:20.000000000,99875,246,99850,246,99949,342,99645,242,100104,242,98999,242,100210,100,98976,100,100374,100,98950,100,100654,100,98926,100,100760,100,98878,100,100852,100,98867,100,100941,100,98856,100,,,98832,100
2019-06-28 09:50:30.000000000,99875,529,99850,529,99949,200,99645,100,100104,100,98999,100,100210,100,98976,100,100374,100,98950,100,100654,100,98926,100,100760,100,98878,100,100852,100,98867,100,100941,100,98856,100,,,98832,100
2019-06-28 09:50:35.865218746,99871,100,99850,529,99875,529,99645,100,99949,200,98999,100,100104,100,98976,100,100210,100,98950,100,100374,100,98926,100,100654,100,98878,100,100760,100,98867,100,100852,100,98856,100,100941,100,98832,100
2019-06-28 09:50:39.237792871,99871,100,99850,529,99875,529,99645,100,99949,200,98999,100,100104,100,98976,100,100210,100,98950,100,100374,100,98926,100,100654,100,98878,100,100760,100,98867,100,100852,100,98856,100,100941,100,98832,100
2019-06-28 09:50:40.000000000,99871,246,99850,246,99875,242,99645,242,99949,342,98999,242,100104,100,98976,100,100210,100,98950,100,100374,100,98926,100,100654,100,98878,100,100760,100,98867,100,100852,100,98856,100,100941,100,98832,100
2019-06-28 09:50:44.785827541,99871,246,99850,146,99875,242,99645,242,99949,342,98999,242,100104,100,98976,100,100210,100,98950,100,100374,100,98926,100,100654,100,98878,100,100760,100,98867,100,100852,100,98856,100,100941,100,98832,100
2019-06-28 09:50:50.000000000,99871,246,99645,246,99875,242,98999,242,99949,342,98976,242,100104,100,98950,100,100210,100,98926,100,100374,100,98878,100,100654,100,98867,100,100760,100,98856,100,100852,100,98832,100,100941,100,98820,100
2019-06-28 09:51:00.000000000,99871,314,99645,314,99875,314,98999,314,99949,200,98976,100,100104,100,98950,100,100210,100,98926,100,100374,100,98878,100,100654,100,98867,100,100760,100,98856,100,100852,100,98832,100,100941,100,98820,100
2019-06-28 09:51:04.165100549,99871,314,99645,214,99875,314,98999,314,99949,200,98976,100,100104,100,98950,100,100210,100,98926,100,100374,100,98878,100,100654,100,98867,100,100760,100,98856,100,100852,100,98832,100,100941,100,98820,100
2019-06-28 09:51:10.000000000,99871,186,98999,186,99875,186,98976,186,99949,286,98950,186,100104,186,98926,186,100210,186,98878,186,100374,100,98867,100,100654,100,98856,100,100760,100,98832,100,100852,100,98820,100,100941,100,98624,100
2019-06-28 09:51:14.226354358,99871,186,98999,86,99875,186,98976,186,99949,286,98950,186,100104,186,98926,186,100210,186,98878,186,100374,100,98867,100,100760,100,98856,100,100852,100,98832,100,100941,100,98820,100,,,98624,100
2019-06-28 09:51:20.000000000,99871,314,98976,314,99875,314,98950,314,99949,200,98926,100,100104,100,98878,100,100210,100,98867,100,100374,100,98856,100,100760,100,98832,100,100852,100,98820,100,100941,100,98624,100,,,98590,100
2019-06-28 09:51:28.188997321,99871,314,98976,314,99875,314,98950,314,99949,200,98926,100,100104,100,98878,100,100210,100,98867,100,100374,100,98856,100,100760,100,98832,100,100852,100,98820,100,100941,100,98624,100,,,98590,100
2019-06-28 09:51:30.000000000,99871,314,98976,314,99875,314,98950,314,99949,200,98926,100,100104,100,98878,100,100210,100,98867,100,100374,100,98856,100,100760,100,98832,100,100852,100,98820,100,100941,100,98624,100,,,98590,100
2019-06-28 09:51:37.415158966,99871,314,98976,214,99875,314,98950,314,99949,200,98926,100,100104,100,98878,100,100210,100,98867,100,100374,100,98856,100,100760,100,98832,100,100852,100,98820,100,100941,100,98624,100,,,98590,100
2019-06-28 09:51:40.000000000,99871,314,98950,314,99875,314,98926,314,99949,200,98878,100,100104,100,98867,100,100210,100,98856,100,100374,100,98832,100,100760,100,98820,100,100852,100,98624,100,100941,100,98590,100,,,98569,100
2019-06-28 09:51:40.742038693,99871,314,98950,314,99875,314,98926,314,99949,200,98878,100,100104,100,98867,100,100210,100,98856,100,100374,100,98832,100,100760,100,98820,100,100852,100,98624,100,100941,100,98590,100,,,98569,100
2019-06-28 09:51:50.000000000,99871,314,98950,314,99875,314,98926,314,99949,200,98878,100,100104,100,98867,100,100210,100,98856,100,100374,100,98832,100,100760,100,98820,100,100852,100,98624,100,100941,100,98590,100,,,98569,100
2019-06-28 09:52:00.000000000,99871,314,98950,314,99875,314,98926,314,99949,200,98878,100,100104,100,98867,100,100210,100,98856,100,100374,100,98832,100,100760,100,98820,100,100852,100,98624,100,100941,100,98590,100,,,98569,100
2019-06-28 09:52:08.117463916,99871,314,98950,214,99875,314,98926,314,99949,200,98878,100,100104,100,98867,100,100210,100,98856,100,100374,100,98832,100,100760,100,98820,100,100852,100,98624,100,100941,100,98590,100,,,98569,100
2019-06-28 09:52:10.000000000,99871,186,98926,186,99875,186,98878,186,99949,286,98867,186,100104,186,98856,186,100210,186,98832,186,100374,100,98820,100,100760,100,98624,100,100852,100,98590,100,100941,100,98569,100,,,98519,100
2019-06-28 09:52:13.631394546,99871,186,98926,186,99875,186,98878,186,99949,286,98867,186,100104,186,98856,186,100210,86,98832,186,100374,100,98820,100,100760,100,98624,100,100852,100,98590,100,100941,100,98569,100,,,98519,100
2019-06-28 09:52:18.617960080,99871,186,98926,186,99875,186,98878,186,99949,286,98867,186,100104,186,98856,186,100210,86,98832,186,100374,100,98820,100,100760,100,98624,100,100852,100,98590,100,100941,100,98569,100,,,98519,100
2019-06-28 09:52:20.000000000,99871,314,98926,314,99875,314,98878,314,99949,200,98867,100,100104,100,98856,100,100374,100,98832,100,100760,100,98820,100,100852,100,98624,100,100941,100,98590,100,,,98569,100,,,98519,100
2019-06-28 09:52:30.000000000,99871,314,98926,314,99875,314,98878,314,99949,200,98867,100,100104,100,98856,100,100374,100,98832,100,100760,100,98820,100,100852,100,98624,100,100941,100,98590,100,,,98569,100,,,98519,100
2019-06-28 09:52:40.000000000,99871,529,98926,529,99875,100,98878,100,99949,200,98867,100,100104,100,98856,100,100374,100,98832,100,100760,100,98820,100,100852,100,98624,100,100941,100,98590,100,,,98569,100,,,98519,100
2019-06-28 09:52:50.000000000,99871,246,98926,246,99875,242,98878,242,99949,342,98867,242,100104,100,98856,100,100374,100,98832,100,100760,100,98820,100,100852,100,98624,100,100941,100,98590,100,,,98569,100,,,98519,100
2019-06-28 09:53:00.000000000,99871,246,98926,246,99875,242,98878,242,99949,342,98867,242,100104,100,98856,100,100374,100,98832,100,100760,100,98820,100,100852,100,98624,100,100941,100,98590,100,,,98569,100,,,98519,100
2019-06-28 09:53:07.432764921,99871,246,98926,246,99875,242,98878,242,99949,342,98868,100,100104,100,98867,242,100374,100,98856,100,100760,100,98832,100,100852,100,98820,100,100941,100,98624,100,,,98590,100,,,98569,100
2019-06-28 09:53:10.000000000,99871,529,98926,529,99875,100,98878,100,99949,200,98868,100,100104,100,98867,100,100374,100,98856,100,100760,100,98832,100,100852,100,98820,100,100941,100,98624,100,,,98590,100,,,98569,100
2019-06-28 09:53:20.000000000,99871,186,98926,186,99875,186,98878,186,99949,286,98868,186,100104,186,98867,186,100374,186,98856,186,100760,100,98832,100,100852,100,98820,100,100941,100,98624,100,,,98590,100,,,98569,100
2019-06-28 09:53:30.000000000,99871,207,98926,207,99875,207,98878,207,99949,307,98868,207,100104,207,98867,207,100374,100,98856,100,100760,100,98832,100,100852,100,98820,100,100941,100,98624,100,,,98590,100,,,98569,100
2019-06-28 09:53:40.000000000,99871,529,98926,529,99875,100,98878,100,99949,200,98868,100,100104,100,98867,100,100374,100,98856,100,100760,100,98832,100,100852,100,98820,100,100941,100,98624,100,,,98590,100,,,98569,100
2019-06-28 09:53:50.000000000,99871,246,98926,246,99875,242,98878,242,99949,342,98868,242,100104,100,98867,100,100374,100,98856,100,100760,100,98832,100,100852,100,98820,100,100941,100,98624,100,,,98590,100,,,98569,100
2019-06-28 09:53:59.026620195,99871,246,98926,246,99875,242,98878,242,99949,342,98868,242,100104,100,98867,100,100374,100,98856,100,100760,100,98832,100,100852,100,98820,100,100890,100,98624,100,100941,100,98590,100,,,98569,100
2019-06-28 09:54:00.000000000,99871,207,98926,207,99875,207,98878,207,99949,307,98868,207,100104,207,98867,207,100374,100,98856,100,100760,100,98832,100,100852,100,98820,100,100890,100,98624,100,100941,100,98590,100,,,98569,100
2019-06-28 09:54:10.000000000,99871,314,98926,314,99875,314,98878,314,99949,200,98868,100,100104,100,98867,100,100374,100,98856,100,100760,100,98832,100,100852,100,98820,100,100890,100,98624,100,100941,100,98590,100,,,98569,100
2019-06-28 09:54:20.000000000,99871,207,98926,207,99875,207,98878,207,99949,307,98868,207,100104,207,98867,207,100374,100,98856,100,100760,100,98832,100,100852,100,98820,100,100890,100,98624,100,100941,100,98590,100,,,98569,100
2019-06-28 09:54:30.000000000,99871,186,98926,186,99875,186,98878,186,99949,286,98868,186,100104,186,98867,186,100374,186,98856,186,100760,100,98832,100,100852,100,98820,100,100890,100,98624,100,100941,100,98590,100,,,98569,100
2019-06-28 09:54:40.000000000,99871,246,98926,246,99875,242,98878,242,99949,342,98868,242,100104,100,98867,100,100374,100,98856,100,100760,100,98832,100,100852,100,98820,100,100890,100,98624,100,100941,100,98590,100,,,98569,100
2019-06-28 09:54:40.609756452,99871,146,98926,246,99875,242,98878,242,99949,342,98868,242,100104,100,98867,100,100374,100,98856,100,100760,100,98832,100,100852,100,98820,100,100890,100,98624,100,100941,100,98590,100,,,98569,100
2019-06-28 09:54:50.000000000,99875,207,98926,207,99949,307,98878,207,100104,207,98868,207,100374,207,98867,207,100760,100,98856,100,100852,100,98832,100,100890,100,98820,100,100941,100,98624,100,,,98590,100,,,98569,100
2019-06-28 09:54:50.766255401,99875,207,98926,207,99949,307,98878,207,100104,207,98868,207,100374,107,98867,207,100590,100,98856,100,100760,100,98832,100,100852,100,98820,100,100890,100,98624,100,100941,100,98590,100,,,98569,100
2019-06-28 09:55:00.000000000,99875,246,98926,246,99949,342,98878,242,100104,242,98868,242,100590,100,98867,100,100760,100,98856,100,100852,100,98832,100,100890,100,98820,100,100941,100,98624,100,,,98590,100,,,98569,100
2019-06-28 09:55:10.000000000,99875,529,98926,529,99949,200,98878,100,100104,100,98868,100,100590,100,98867,100,100760,100,98856,100,100852,100,98832,100,100890,100,98820,100,100941,100,98624,100,,,98590,100,,,98569,100
2019-06-28 09:55:20.000000000,99875,314,98926,314,99949,414,98878,314,100104,100,98868,100,100590,100,98867,100,100760,100,98856,100,100852,100,98832,100,100890,100,98820,100,100941,100,98624,100,,,98590,100,,,98569,100
2019-06-28 09:55:26.055701516,99875,314,98951,100,99949,414,98926,314,100104,100,98878,314,100590,100,98868,100,100760,100,98867,100,100852,100,98856,100,100890,100,98832,100,100941,100,98820,100,,,98624,100,,,98590,100
2019-06-28 09:55:30.000000000,99875,186,98951,186,99949,286,98926,186,100104,186,98878,186,100590,186,98868,186,100760,186,98867,186,100852,100,98856,100,100890,100,98832,100,100941,100,98820,100,,,98624,100,,,98590,100
2019-06-28 09:55:40.000000000,99875,314,98951,314,99949,414,98926,314,100104,100,98878,100,100590,100,98868,100,100760,100,98867,100,100852,100,98856,100,100890,100,98832,100,100941,100,98820,100,,,98624,100,,,98590,100
2019-06-28 09:55:44.474145784,99875,314,98951,314,99949,414,98926,314,100104,100,98878,100,100590,100,98868,100,100760,100,98856,100,100776,100,98832,100,100852,100,98820,100,100890,100,98624,100,100941,100,98590,100,,,98569,100
2019-06-28 09:55:50.000000000,99875,186,98951,186,99949,286,98926,186,100104,186,98878,186,100590,186,98868,186,100760,186,98856,186,100776,100,98832,100,100852,100,98820,100,100890,100,98624,100,100941,100,98590,100,,,98569,100
2019-06-28 09:55:53.791011064,99875,86,98951,186,99949,286,98926,186,100104,186,98878,186,100590,186,98868,186,100760,186,98856,186,100776,100,98832,100,100852,100,98820,100,100890,100,98624,100,100941,100,98590,100,,,98569,100
2019-06-28 09:55:54.623463619,99875,86,98951,186,99949,286,98926,186,100104,186,98878,186,100590,186,98868,186,100760,186,98856,186,100776,100,98832,100,100820,100,98820,100,100852,100,98624,100,100890,100,98590,100,100941,100,98569,100
2019-06-28 09:55:59.327938227,99949,286,99875,14,100104,186,98951,186,100590,186,98926,186,100760,186,98878,186,100776,100,98868,186,100820,100,98856,186,100852,100,98832,100,100890,100,98820,100,,,98624,100,,,98590,100
2019-06-28 09:56:00.000000000,99949,346,99875,160,100104,242,98951,242,100590,242,98926,242,100760,100,98878,100,100776,100,98868,100,100820,100,98856,100,100852,100,98832,100,100890,100,98820,100,,,98624,100,,,98590,100
2019-06-28 09:56:04.797462119,99949,246,99875,160,100104,242,98951,242,100590,242,98926,242,100760,100,98878,100,100776,100,98868,100,100820,100,98856,100,100852,100,98832,100,100890,100,98820,100,,,98624,100,,,98590,100
2019-06-28 09:56:10.000000000,99949,529,99875,443,100104,100,98951,100,100590,100,98926,100,100760,100,98878,100,100776,100,98868,100,100820,100,98856,100,100852,100,98832,100,100890,100,98820,100,,,98624,100,,,98590,100
2019-06-28 09:56:14.728524868,99949,529,99875,443,100104,100,98951,100,100590,100,98926,100,100760,100,98878,100,100776,100,98868,100,100793,100,98856,100,100820,100,98832,100,100852,100,98820,100,100890,100,98590,100,,,98569,100
2019-06-28 09:56:20.000000000,99949,186,99875,100,100104,186,98951,186,100590,186,98926,186,100760,186,98878,186,100776,186,98868,186,100793,100,98856,100,100820,100,98832,100,100852,100,98820,100,100890,100,98590,100,,,98569,100
2019-06-28 09:56:30.000000000,99949,529,99875,443,100104,100,98951,100,100590,100,98926,100,100760,100,98878,100,100776,100,98868,100,100793,100,98856,100,100820,100,98832,100,100852,100,98820,100,100890,100,98590,100,,,98569,100
2019-06-28 09:56:30.537919006,99949,529,99875,443,100104,100,98951,100,100590,100,98926,100,100737,100,98878,100,100760,100,98868,100,100776,100,98832,100,100793,100,98820,100,100820,100,98590,100,100852,100,98569,100,100890,100,98519,100
2019-06-28 09:56:40.000000000,99949,207,99875,121,100104,207,98951,207,100590,207,98926,207,100737,207,98878,207,100760,100,98868,100,100776,100,98832,100,100793,100,98820,100,100820,100,98590,100,100852,100,98569,100,100890,100,98519,100
2019-06-28 09:56:44.092307927,99949,207,99875,121,100104,207,98951,207,100590,207,98926,207,100737,207,98878,207,100760,100,98868,100,100776,100,98832,100,100793,100,98820,100,100852,100,98590,100,100890,100,98569,100,101028,100,98519,100
2019-06-28 09:56:45.976509805,99949,107,99875,121,100104,207,98951,207,100590,207,98926,207,100737,207,98878,207,100760,100,98868,100,100776,100,98832,100,100793,100,98590,100,100852,100,98569,100,100890,100,98519,100,101028,100,98495,100
2019-06-28 09:56:46.406239929,99949,107,99875,121,100104,207,98951,207,100590,207,98926,207,100737,207,98878,207,100760,100,98868,100,100776,100,98832,100,100793,100,98590,100,100890,100,98569,100,101028,100,98519,100,101208,100,98495,100
2019-06-28 09:56:50.000000000,100104,314,99875,228,100590,314,98951,314,100737,100,98926,100,100760,100,98878,100,100776,100,98868,100,100793,100,98832,100,100890,100,98590,100,101028,100,98569,100,101208,100,98519,100,,,98495,100
2019-06-28 09:56:54.708788109,100104,314,99875,228,100590,314,98951,314,100737,100,98926,100,100760,100,98878,100,100793,100,98868,100,100890,100,98832,100,101028,100,98590,100,101105,100,98569,100,101208,100,98519,100,,,98495,100
2019-06-28 09:57:00.000000000,100104,186,99875,100,100590,186,98951,186,100737,186,98926,186,100760,186,98878,186,100793,186,98868,186,100890,100,98832,100,101028,100,98590,100,101105,100,98569,100,101208,100,98519,100,,,98495,100
2019-06-28 09:57:06.870106098,100104,186,99949,100,100590,186,99875,100,100737,186,98951,186,100760,186,98926,186,100793,186,98878,186,100890,100,98868,186,101028,100,98832,100,101105,100,98590,100,101208,100,98569,100,,,98519,100
2019-06-28 09:57:10.000000000,100104,529,99949,529,100590,100,99875,14,100737,100,98951,100,100760,100,98926,100,100793,100,98878,100,100890,100,98868,100,101028,100,98832,100,101105,100,98590,100,101208,100,98569,100,,,98519,100
2019-06-28 09:57:20.000000000,100104,246,99949,246,100590,242,99875,156,100737,242,98951,242,100760,100,98926,100,100793,100,98878,100,100890,100,98868,100,101028,100,98832,100,101105,100,98590,100,101208,100,98569,100,,,98519,100
2019-06-28 09:57:20.841690382,100104,146,99949,246,100590,242,99875,156,100737,242,98951,242,100760,100,98926,100,100793,100,98878,100,100890,100,98868,100,101028,100,98832,100,101105,100,98590,100,101208,100,98569,100,,,98519,100
2019-06-28 09:57:26.004743907,100104,146,99949,246,100590,242,99875,156,100737,242,98951,242,100760,100,98926,100,100793,100,98878,100,100890,100,98868,100,101028,100,98832,100,101105,100,98590,100,101113,100,98569,100,101208,100,98519,100
2019-06-28 09:57:30.000000000,100590,207,99949,207,100737,207,99875,121,100760,207,98951,207,100793,207,98926,207,100890,100,98878,100,101028,100,98868,100,101105,100,98832,100,101113,100,98590,100,101208,100,98569,100,,,98519,100
2019-06-28 09:57:40.000000000,100590,186,99949,186,100737,186,99875,100,100760,186,98951,186,100793,186,98926,186,100890,186,98878,186,101028,100,98868,100,101105,100,98832,100,101113,100,98590,100,101208,100,98569,100,,,98519,100
2019-06-28 09:57:50.000000000,100590,314,99949,314,100737,314,99875,228,100760,100,98951,100,100793,100,98926,100,100890,100,98878,100,101028,100,98868,100,101105,100,98832,100,101113,100,98590,100,101208,100,98569,100,,,98519,100
2019-06-28 09:57:57.630120463,100590,314,99949,314,100737,314,99875,228,100760,100,98951,100,100793,100,98926,100,100890,100,98878,100,101028,100,98868,100,101105,100,98832,100,101113,100,98590,100,101184,100,98569,100,101208,100,98519,100
2019-06-28 09:57:58.509243979,100590,314,99950,100,100737,314,99949,314,100760,100,99875,228,100793,100,98951,100,100890,100,98926,100,101028,100,98878,100,101105,100,98868,100,101113,100,98832,100,101184,100,98590,100,101208,100,98569,100
2019-06-28 09:58:00.000000000,100590,246,99950,246,100737,242,99949,242,100760,242,99875,156,100793,100,98951,100,100890,100,98926,100,101028,100,98878,100,101105,100,98868,100,101113,100,98832,100,101184,100,98590,100,101208,100,98569,100
2019-06-28 09:58:08.453258281,100590,146,99950,246,100737,242,99949,242,100760,242,99875,156,100793,100,98951,100,100890,100,98926,100,101028,100,98878,100,101105,100,98868,100,101113,100,98832,100,101184,100,98590,100,101208,100,98569,100
2019-06-28 09:58:08.551003297,100590,146,99950,246,100697,100,99949,242,100737,242,99875,156,100760,242,98951,100,100793,100,98926,100,100890,100,98878,100,101028,100,98868,100,101105,100,98832,100,101113,100,98590,100,101184,100,98569,100
2019-06-28 09:58:10.000000000,100697,529,99950,529,100737,100,99949,100,100760,100,99875,14,100793,100,98951,100,100890,100,98926,100,101028,100,98878,100,101105,100,98868,100,101113,100,98832,100,101184,100,98590,100,101208,100,98569,100
2019-06-28 09:58:20.000000000,100697,246,99950,246,100737,242,99949,242,100760,242,99875,156,100793,100,98951,100,100890,100,98926,100,101028,100,98878,100,101105,100,98868,100,101113,100,98832,100,101184,100,98590,100,101208,100,98569,100
2019-06-28 09:58:24.212744337,100697,246,99950,246,100737,242,99949,242,100760,242,99875,156,100793,100,98951,100,100876,100,98926,100,100890,100,98878,100,101028,100,98868,100,101105,100,98832,100,101113,100,98590,100,101184,100,98569,100
2019-06-28 09:58:30.000000000,100697,207,99950,207,100737,207,99949,207,100760,207,99875,121,100793,207,98951,207,100876,100,98926,100,100890,100,98878,100,101028,100,98868,100,101105,100,98832,100,101113,100,98590,100,101184,100,98569,100
2019-06-28 09:58:33.946315037,100697,207,100104,100,100737,207,99950,207,100760,207,99949,207,100793,207,99875,121,100876,100,98951,207,100890,100,98926,100,101028,100,98878,100,101105,100,98868,100,101113,100,98832,100,101184,100,98590,100
2019-06-28 09:58:39.720485435,100697,207,100412,100,100737,107,100104,100,100760,207,99950,207,100793,207,99949,207,100876,100,99875,121,100890,100,98951,207,101028,100,98926,100,101105,100,98878,100,101113,100,98868,100,101184,100,98832,100
2019-06-28 09:58:40.000000000,100697,186,100412,186,100760,186,100104,186,100793,186,99950,186,100876,186,99949,186,100890,186,99875,100,101028,100,98951,100,101105,100,98926,100,101113,100,98878,100,101184,100,98868,100,101208,100,98832,100
2019-06-28 09:58:46.912800486,100697,186,100412,186,100747,100,100104,186,100760,186,99950,186,100793,186,99949,186,100876,186,99875,100,100890,186,98951,100,101028,100,98926,100,101105,100,98878,100,101113,100,98832,100,101184,100,98590,100
2019-06-28 09:58:50.000000000,100697,529,100412,529,100747,100,100104,100,100760,100,99950,100,100793,100,99949,100,100876,100,99875,14,100890,100,98951,100,101028,100,98926,100,101105,100,98878,100,101113,100,98832,100,101184,100,98590,100
2019-06-28 09:58:56.166246346,100697,529,100412,429,100747,100,100104,100,100760,100,99950,100,100793,100,99949,100,100876,100,99875,14,100890,100,98951,100,101028,100,98926,100,101105,100,98878,100,101113,100,98832,100,101184,100,98590,100
2019-06-28 09:58:56.442863297,100642,100,100412,429,100697,529,100104,100,100747,100,99950,100,100760,100,99949,100,100793,100,99875,14,100876,100,98951,100,100890,100,98926,100,101028,100,98878,100,101105,100,98832,100,101113,100,98590,100
2019-06-28 09:59:00.000000000,100642,314,100104,314,100697,314,99950,314,100747,100,99949,100,100760,100,99875,14,100793,100,98951,100,100876,100,98926,100,100890,100,98878,100,101028,100,98832,100,101105,100,98590,100,101113,100,98569,100
2019-06-28 09:59:10.000000000,100642,314,100104,314,100697,314,99950,314,100747,100,99949,100,100760,100,99875,14,100793,100,98951,100,100876,100,98926,100,100890,100,98878,100,101028,100,98832,100,101105,100,98590,100,101113,100,98569,100
2019-06-28 09:59:10.854853454,100325,100,100104,314,100642,314,99950,314,100697,214,99949,100,100747,100,99875,14,100760,100,98951,100,100793,100,98926,100,100876,100,98878,100,100890,100,98832,100,101028,100,98590,100,101105,100,98569,100
2019-06-28 09:59:12.107778310,100325,100,100296,100,100642,314,100104,314,100697,214,99950,314,100747,100,99949,100,100760,100,98951,100,100793,100,98926,100,100876,100,98878,100,100890,100,98832,100,101028,100,98590,100,101105,100,98569,100
2019-06-28 09:59:20.000000000,100325,186,100296,186,100642,186,100104,186,100747,186,99950,186,100760,186,99949,186,100793,186,98951,186,100876,100,98926,100,100890,100,98878,100,101028,100,98832,100,101105,100,98590,100,101113,100,98569,100
2019-06-28 09:59:22.091040762,100325,186,100296,186,100589,100,100104,186,100642,186,99950,186,100747,186,99949,186,100760,186,98951,186,100793,186,98926,100,100876,100,98878,100,100890,100,98832,100,101028,100,98590,100,101105,100,98569,100
2019-06-28 09:59:30.000000000,100325,246,100296,246,100589,242,100104,242,100642,242,99950,242,100747,100,99949,100,100760,100,98951,100,100793,100,98926,100,100876,100,98878,100,100890,100,98832,100,101028,100,98590,100,101105,100,98569,100
2019-06-28 09:59:40.000000000,100325,529,100296,529,100589,100,100104,100,100642,100,99950,100,100747,100,99949,100,100760,100,98951,100,100793,100,98926,100,100876,100,98878,100,100890,100,98832,100,101028,100,98590,100,101105,100,98569,100
2019-06-28 09:59:41.954881613,100308,100,100296,529,100325,529,100104,100,100589,100,99950,100,100642,100,99949,100,100747,100,98951,100,100760,100,98926,100,100793,100,98878,100,100876,100,98832,100,100890,100,98590,100,101028,100,98569,100
2019-06-28 09:59:50.000000000,100308,207,100296,207,100325,207,100104,207,100589,207,99950,207,100642,207,99949,207,100747,100,98951,100,100760,100,98926,100,100793,100,98878,100,100876,100,98832,100,100890,100,98590,100,101028,100,98569,100
2019-06-28 10:00:00.000000000,100308,186,100296,186,100325,186,100104,186,100589,186,99950,186,100642,186,99949,186,100747,186,98951,186,100760,100,98926,100,100793,100,98878,100,100876,100,98832,100,100890,100,98590,100,101028,100,98569,100
2019-06-28 10:00:10.000000000,100308,186,100296,186,100325,186,100104,186,100589,186,99950,186,100642,186,99949,186,100747,186,98951,186,100760,100,98926,100,100793,100,98878,100,100876,100,98832,100,100890,100,98590,100,101028,100,98569,100
2019-06-28 10:00:20.000000000,100308,246,100296,246,100325,242,100104,242,100589,242,99950,242,100642,100,99949,100,100747,100,98951,100,100760,100,98926,100,100793,100,98878,100,100876,100,98832,100,100890,100,98590,100,101028,100,98569,100
2019-06-28 10:00:30.000000000,100308,207,100296,207,100325,207,100104,207,100589,207,99950,207,100642,207,99949,207,100747,100,98951,100,100760,100,98926,100,100793,100,98878,100,100876,100,98832,100,100890,100,98590,100,101028,100,98569,100
2019-06-28 10:00:40.000000000,100308,529,100296,529,100325,100,100104,100,100589,100,99950,100,100642,100,99949,100,100747,100,98951,100,100760,100,98926,100,100793,100,98878,100,100876,100,98832,100,100890,100,98590,100,101028,100,98569,100
2019-06-28 10:00:49.238304590,100308,429,100296,529,100325,100,100104,100,100589,100,99950,100,100642,100,99949,100,100747,100,98951,100,100760,100,98926,100,100793,100,98878,100,100876,100,98832,100,100890,100,98590,100,101028,100,98569,100
2019-06-28 10:00:50.000000000,100325,529,100296,529,100589,100,100104,100,100642,100,99950,100,100747,100,99949,100,100760,100,98951,100,100793,100,98926,100,100876,100,98878,100,100890,100,98832,100,101028,100,98590,100,101105,100,98569,100
2019-06-28 10:01:00.000000000,100325,246,100296,246,100589,242,100104,242,100642,242,99950,242,100747,100,99949,100,100760,100,98951,100,100793,100,98926,100,100876,100,98878,100,100890,100,98832,100,101028,100,98590,100,101105,100,98569,100
2019-06-28 10:01:10.000000000,100325,314,100296,314,100589,314,100104,314,100642,100,99950,100,100747,100,99949,100,100760,100,98951,100,100793,100,98926,100,100876,100,98878,100,100890,100,98832,100,101028,100,98590,100,101105,100,98569,100
2019-06-28 10:01:20.000000000,100325,186,100296,186,100589,186,100104,186,100642,186,99950,186,100747,186,99949,186,100760,186,98951,186,100793,100,98926,100,100876,100,98878,100,100890,100,98832,100,101028,100,98590,100,101105,100,98569,100
2019-06-28 10:01:30.000000000,100325,186,100296,186,100589,186,100104,186,100642,186,99950,186,100747,186,99949,186,100760,186,98951,186,100793,100,98926,100,100876,100,98878,100,100890,100,98832,100,101028,100,98590,100,101105,100,98569,100
2019-06-28 10:01:40.000000000,100325,246,100296,246,100589,242,100104,242,100642,242,99950,242,100747,100,99949,100,100760,100,98951,100,100793,100,98926,100,100876,100,98878,100,100890,100,98832,100,101028,100,98590,100,101105,100,98569,100
2019-06-28 10:01:41.859358587,100325,146,100296,246,100589,242,100104,242,100642,242,99950,242,100747,100,99949,100,100760,100,98951,100,100793,100,98926,100,100876,100,98878,100,100890,100,98832,100,101028,100,98590,100,101105,100,98569,100
2019-06-28 10:01:47.421088045,100325,146,100296,146,100589,242,100104,242,100642,242,99950,242,100747,100,99949,100,100760,100,98951,100,100793,100,98926,100,100876,100,98878,100,100890,100,98832,100,101028,100,98590,100,101105,100,98569,100
2019-06-28 10:01:50.000000000,100589,207,100104,207,100642,207,99950,207,100747,207,99949,207,100760,207,98951,207,100793,100,98926,100,100876,100,98878,100,100890,100,98832,100,101028,100,98590,100,101105,100,98569,100,101113,100,98495,100
2019-06-28 10:02:00.000000000,100589,529,100104,529,100642,100,99950,100,100747,100,99949,100,100760,100,98951,100,100793,100,98926,100,100876,100,98878,100,100890,100,98832,100,101028,100,98590,100,101105,100,98569,100,101113,100,98495,100
2019-06-28 10:02:10.000000000,100589,529,100104,529,100642,100,99950,100,100747,100,99949,100,100760,100,98951,100,100793,100,98926,100,100876,100,98878,100,100890,100,98832,100,101028,100,98590,100,101105,100,98569,100,101113,100,98495,100
2019-06-28 10:02:10.108723714,100589,529,100338,100,100642,100,100104,529,100747,100,99950,100,100760,100,99949,100,100793,100,98951,100,100876,100,98926,100,100890,100,98878,100,101028,100,98832,100,101105,100,98590,100,101113,100,98569,100
2019-06-28 10:02:15.779390277,100589,529,100104,529,100642,100,99950,100,100747,100,98951,100,100760,100,98926,100,100793,100,98878,100,100876,100,98832,100,100890,100,98590,100,101028,100,98569,100,101105,100,98495,100,101113,100,98356,100
2019-06-28 10:02:20.000000000,100589,529,100104,529,100642,100,99950,100,100747,100,98951,100,100760,100,98926,100,100793,100,98878,100,100876,100,98832,100,100890,100,98590,100,101028,100,98569,100,101105,100,98495,100,101113,100,98356,100
2019-06-28 10:02:21.430661922,100342,100,100104,529,100589,529,99950,100,100642,100,98951,100,100747,100,98926,100,100760,100,98878,100,100793,100,98832,100,100876,100,98590,100,100890,100,98569,100,101028,100,98495,100,101105,100,98356,100
2019-06-28 10:02:30.000000000,100342,529,100104,529,100589,100,99950,100,100642,100,98951,100,100747,100,98926,100,100760,100,98878,100,100793,100,98832,100,100876,100,98590,100,100890,100,98569,100,101028,100,98495,100,101105,100,98356,100
2019-06-28 10:02:40.000000000,100342,529,100104,529,100589,100,99950,100,100642,100,98951,100,100747,100,98926,100,100760,100,98878,100,100793,100,98832,100,100876,100,98590,100,100890,100,98569,100,101028,100,98495,100,101105,100,98356,100
2019-06-28 10:02:50.000000000,100342,246,100104,246,100589,242,99950,242,100642,242,98951,242,100747,100,98926,100,100760,100,98878,100,100793,100,98832,100,100876,100,98590,100,100890,100,98569,100,101028,100,98495,100,101105,100,98356,100
2019-06-28 10:02:55.678255217,100342,246,100104,246,100589,242,99950,242,100642,242,98951,242,100728,100,98926,100,100747,100,98878,100,100760,100,98832,100,100793,100,98590,100,100876,100,98569,100,100890,100,98495,100,101028,100,98356,100
2019-06-28 10:03:00.000000000,100342,186,100104,186,100589,186,99950,186,100642,186,98951,186,100728,186,98926,186,100747,186,98878,186,100760,100,98832,100,100793,100,98590,100,100876,100,98569,100,100890,100,98495,100,101028,100,98356,100
2019-06-28 10:03:00.756103405,100342,186,100296,100,100589,186,100104,186,100642,186,99950,186,100728,186,98951,186,100747,186,98926,186,100760,100,98878,186,100793,100,98832,100,100876,100,98590,100,100890,100,98569,100,101028,100,98495,100
2019-06-28 10:03:05.853569150,100342,186,100296,100,100421,100,100104,186,100589,186,99950,186,100642,186,98951,186,100728,186,98926,186,100747,186,98878,186,100760,100,98832,100,100793,100,98590,100,100876,100,98569,100,100890,100,98495,100
2019-06-28 10:03:10.000000000,100342,207,100296,207,100421,207,100104,207,100589,207,99950,207,100642,207,98951,207,100728,100,98926,100,100747,100,98878,100,100760,100,98832,100,100793,100,98590,100,100876,100,98569,100,100890,100,98495,100
2019-06-28 10:03:20.000000000,100342,186,100296,186,100421,186,100104,186,100589,186,99950,186,100642,186,98951,186,100728,186,98926,186,100747,100,98878,100,100760,100,98832,100,100793,100,98590,100,100876,100,98569,100,100890,100,98495,100
2019-06-28 10:03:26.655946997,100342,186,100296,186,100421,186,100104,186,100589,186,99950,186,100642,186,98951,186,100665,100,98926,186,100728,186,98878,100,100747,100,98832,100,100760,100,98590,100,100793,100,98569,100,100876,100,98495,100
2019-06-28 10:03:30.000000000,100342,246,100296,246,100421,242,100104,242,100589,242,99950,242,100642,100,98951,100,100665,100,98926,100,100728,100,98878,100,100747,100,98832,100,100760,100,98590,100,100793,100,98569,100,100876,100,98495,100
2019-06-28 10:03:39.589985485,100342,246,100296,246,100421,242,100104,242,100589,242,99950,242,100642,100,98951,100,100665,100,98926,100,100728,100,98878,100,100747,100,98832,100,100760,100,98590,100,100793,100,98569,100,100876,100,98495,100
2019-06-28 10:03:40.000000000,100342,186,100296,186,100421,186,100104,186,100589,186,99950,186,100642,186,98951,186,100665,186,98926,186,100728,100,98878,100,100747,100,98832,100,100760,100,98590,100,100793,100,98569,100,100876,100,98495,100
2019-06-28 10:03:41.549148617,100342,186,100296,186,100421,186,100104,186,100589,186,99950,186,100642,86,98951,186,100665,186,98926,186,100728,100,98878,100,100747,100,98832,100,100760,100,98590,100,100793,100,98569,100,100876,100,98495,100
2019-06-28 10:03:46.544765496,100342,86,100296,186,100421,186,100104,186,100589,186,99950,186,100642,86,98951,186,100665,186,98926,186,100728,100,98878,100,100747,100,98832,100,100760,100,98590,100,100793,100,98569,100,100876,100,98495,100
2019-06-28 10:03:50.000000000,100421,186,100296,186,100589,186,100104,186,100665,186,99950,186,100728,186,98951,186,100747,186,98926,186,100760,100,98878,100,100793,100,98832,100,100876,100,98590,100,100890,100,98569,100,100898,100,98495,100
2019-06-28 10:04:00.000000000,100421,246,100296,246,100589,242,100104,242,100665,242,99950,242,100728,100,98951,100,100747,100,98926,100,100760,100,98878,100,100793,100,98832,100,100876,100,98590,100,100890,100,98569,100,100898,100,98495,100
2019-06-28 10:04:07.204387232,100421,246,100324,100,100589,242,100296,246,100665,242,100104,242,100728,100,99950,242,100747,100,98951,100,100760,100,98926,100,100793,100,98878,100,100876,100,98832,100,100890,100,98590,100,100898,100,98569,100
2019-06-28 10:04:10.000000000,100421,246,100324,246,100589,242,100296,242,100665,242,100104,242,100728,100,99950,100,100747,100,98951,100,100760,100,98926,100,100793,100,98878,100,100876,100,98832,100,100890,100,98590,100,100898,100,98569,100
2019-06-28 10:04:17.516086354,100421,246,100324,346,100589,242,100296,242,100665,242,100104,142,100728,100,99950,100,100747,100,98951,100,100760,100,98926,100,100793,100,98878,100,100876,100,98832,100,100890,100,98590,100,100898,100,98569,100
2019-06-28 10:04:20.000000000,100421,529,100324,629,100589,100,100296,100,100665,100,99950,100,100728,100,98951,100,100747,100,98926,100,100760,100,98878,100,100793,100,98832,100,100876,100,98590,100,100890,100,98569,100,100898,100,98495,100
2019-06-28 10:04:27.288949480,100421,529,100324,629,100589,100,100296,100,100665,100,99950,100,100719,100,98951,100,100728,100,98926,100,100747,100,98878,100,100760,100,98832,100,100793,100,98590,100,100876,100,98569,100,100890,100,98495,100
2019-06-28 10:04:30.000000000,100421,314,100324,414,100589,314,100296,314,100665,100,99950,100,100719,100,98951,100,100728,100,98926,100,100747,100,98878,100,100760,100,98832,100,100793,100,98590,100,100876,100,98569,100,100890,100,98495,100
2019-06-28 10:04:32.587598797,100421,214,100324,414,100589,314,100296,314,100665,100,99950,100,100719,100,98951,100,100728,100,98926,100,100747,100,98878,100,100760,100,98832,100,100793,100,98590,100,100876,100,98569,100,100890,100,98495,100
2019-06-28 10:04:40.000000000,100589,246,100324,346,100665,242,100296,242,100719,242,99950,242,100728,100,98951,100,100747,100,98926,100,100760,100,98878,100,100793,100,98832,100,100876,100,98590,100,100890,100,98569,100,100898,100,98495,100
2019-06-28 10:04:47.969563078,100589,246,100324,346,100665,242,100296,242,100719,242,100172,100,100728,100,99950,242,100747,100,98951,100,100760,100,98926,100,100793,100,98878,100,100876,100,98832,100,100890,100,98590,100,100898,100,98569,100
2019-06-28 10:04:50.000000000,100589,186,100324,286,100665,186,100296,186,100719,186,100172,186,100728,186,99950,186,100747,186,98951,186,100760,100,98926,100,100793,100,98878,100,100876,100,98832,100,100890,100,98590,100,100898,100,98569,100
2019-06-28 10:05:00.000000000,100589,207,100324,307,100665,207,100296,207,100719,207,100172,207,100728,207,99950,207,100747,100,98951,100,100760,100,98926,100,100793,100,98878,100,100876,100,98832,100,100890,100,98590,100,100898,100,98569,100
2019-06-28 10:05:00.387944594,100589,207,100342,100,100665,207,100324,307,100719,207,100296,207,100728,207,100172,207,100747,100,99950,207,100760,100,98951,100,100793,100,98926,100,100876,100,98878,100,100890,100,98832,100,100898,100,98590,100
2019-06-28 10:05:03.805876924,100589,207,100342,100,100665,207,100324,307,100719,107,100296,207,100728,207,100172,207,100747,100,100159,100,100760,100,99950,207,100793,100,98951,100,100876,100,98926,100,100890,100,98878,100,100898,100,98832,100
2019-06-28 10:05:10.000000000,100589,246,100342,246,100665,242,100324,342,100728,242,100296,242,100747,100,100172,100,100760,100,100159,100,100793,100,99950,100,100876,100,98951,100,100890,100,98926,100,100898,100,98878,100,100948,100,98832,100
2019-06-28 10:05:20.000000000,100589,314,100342,314,100665,314,100324,414,100728,100,100296,100,100747,100,100172,100,100760,100,100159,100,100793,100,99950,100,100876,100,98951,100,100890,100,98926,100,100898,100,98878,100,100948,100,98832,100
2019-06-28 10:05:30.000000000,100589,314,100342,314,100665,314,100324,414,100728,100,100296,100,100747,100,100172,100,100760,100,100159,100,100793,100,99950,100,100876,100,98951,100,100890,100,98926,100,100898,100,98878,100,100948,100,98832,100
2019-06-28 10:05:40.000000000,100589,186,100342,186,100665,186,100324,286,100728,186,100296,186,100747,186,100172,186,100760,186,100159,186,100793,100,99950,100,100876,100,98951,100,100890,100,98926,100,100898,100,98878,100,100948,100,98832,100
2019-06-28 10:05:50.000000000,100589,186,100342,186,100665,186,100324,286,100728,186,100296,186,100747,186,100172,186,100760,186,100159,186,100793,100,99950,100,100876,100,98951,100,100890,100,98926,100,100898,100,98878,100,100948,100,98832,100
2019-06-28 10:05:58.652123612,100589,186,100342,86,100665,186,100324,286,100728,186,100296,186,100747,186,100172,186,100760,186,100159,186,100793,100,99950,100,100876,100,98951,100,100890,100,98926,100,100898,100,98878,100,100948,100,98832,100
2019-06-28 10:05:58.734130567,100342,14,100324,286,100589,186,100296,186,100665,186,100172,186,100728,186,100159,186,100747,186,99950,100,100760,86,98951,100,100793,100,98926,100,100876,100,98878,100,100890,100,98832,100,100898,100,98590,100
2019-06-28 10:06:00.000000000,100342,228,100324,414,100589,314,100296,314,100665,100,100172,100,100728,100,100159,100,100747,100,99950,100,100793,100,98951,100,100876,100,98926,100,100890,100,98878,100,100898,100,98832,100,100948,100,98590,100
2019-06-28 10:06:10.000000000,100342,160,100324,346,100589,242,100296,242,100665,242,100172,242,100728,100,100159,100,100747,100,99950,100,100793,100,98951,100,100876,100,98926,100,100890,100,98878,100,100898,100,98832,100,100948,100,98590,100
