,ask_price_1,ask_size_1,bid_price_1,bid_size_1,ask_price_2,ask_size_2,bid_price_2,bid_size_2,ask_price_3,ask_size_3,bid_price_3,bid_size_3,ask_price_4,ask_size_4,bid_price_4,bid_size_4,ask_price_5,ask_size_5,bid_price_5,bid_size_5,ask_price_6,ask_size_6,bid_price_6,bid_size_6,ask_price_7,ask_size_7,bid_price_7,bid_size_7,ask_price_8,ask_size_8,bid_price_8,bid_size_8,ask_price_9,ask_size_9,bid_price_9,bid_size_9,ask_price_10,ask_size_10,bid_price_10,bid_size_10
2019-06-28 09:30:00.000000000,,,99809,100,,,,,,,,,,,,,,,,,,,,,,,,,,,,,,,,,,,,
2019-06-28 09:30:00.000000001,100081,100,99881,100,100211,100,99809,100,,,,,,,,,,,,,,,,,,,,,,,,,,,,,,,,
2019-06-28 09:30:00.000000005,99972,100,99881,100,100081,100,99809,100,100211,100,,,,,,,,,,,,,,,,,,,,,,,,,,,,,,
2019-06-28 09:30:00.000000008,99972,100,99881,100,100081,100,99809,100,100128,100,,,100211,100,,,,,,,,,,,,,,,,,,,,,,,,,,
2019-06-28 09:30:00.000000010,99972,100,99881,100,100081,100,99809,100,100090,100,,,100099,100,,,100128,100,,,100211,100,,,,,,,,,,,,,,,,,,
2019-06-28 09:30:00.000000013,99972,100,99881,100,100081,100,99809,100,100090,100,,,100099,100,,,100126,100,,,100128,100,,,100211,100,,,,,,,,,,,,,,
2019-06-28 09:30:00.000000014,100081,100,99983,100,100084,100,99881,100,100090,100,99809,100,100099,100,,,100126,100,,,100128,100,,,100211,100,,,,,,,,,,,,,,
2019-06-28 09:30:00.000000015,100081,100,99983,100,100084,100,99881,100,100090,100,99873,100,100099,100,99809,100,100126,100,,,100128,100,,,100211,100,,,,,,,,,,,,,,
2019-06-28 09:30:00.000000018,100081,100,99989,100,100084,100,99983,100,100090,100,99881,100,100099,100,99873,100,100126,100,99809,100,100128,100,,,100211,100,,,,,,,,,,,,,,
2019-06-28 09:30:00.000000019,100081,100,100065,100,100084,100,100021,100,100090,100,99989,100,100099,100,99983,100,100126,100,99881,100,100128,100,99873,100,100211,100,99809,100,,,,,,,,,,,,
2019-06-28 09:30:00.000000021,100081,100,100065,100,100084,100,100021,100,100089,100,99989,100,100090,100,99983,100,100099,100,99881,100,100126,100,99873,100,100128,100,99809,100,100211,100,,,,,,,,,,
2019-06-28 09:30:00.000000022,100081,100,100065,100,100084,100,100021,100,100089,100,99989,100,100090,100,99983,100,100099,100,99943,100,100126,100,99881,100,100128,100,99873,100,100211,100,99809,100,,,,,,,,
2019-06-28 09:30:00.000000024,100081,100,100065,100,100084,100,100021,100,100089,100,99989,100,100090,100,99984,100,100099,100,99983,100,100126,100,99943,100,100128,100,99881,100,100211,100,99873,100,,,99809,100,,,,
2019-06-28 09:30:00.000000025,100081,100,100021,100,100084,100,99989,100,100089,100,99984,100,100090,100,99983,100,100099,100,99943,100,100126,100,99881,100,100128,100,99873,100,100211,100,99809,100,,,,,,,,
2019-06-28 09:30:00.000000026,100081,100,100021,100,100084,100,99989,100,100089,100,99984,100,100090,100,99983,100,100099,100,99943,100,100126,100,99881,100,100128,100,99873,100,100211,100,99819,100,,,99809,100,,,,
2019-06-28 09:30:00.000000027,100081,100,100021,100,100084,100,99998,100,100089,100,99989,100,100090,100,99984,100,100099,100,99983,100,100126,100,99943,100,100128,100,99881,100,100162,100,99873,100,100211,100,99819,100,,,99809,100
2019-06-28 09:30:00.000000028,100081,100,100021,100,100084,100,99998,100,100089,100,99989,100,100090,100,99984,100,100099,100,99983,100,100126,100,99972,100,100128,100,99943,100,100162,100,99881,100,100211,100,99873,100,,,99819,100
2019-06-28 09:30:00.000000033,100081,100,100021,100,100084,100,99998,100,100089,100,99989,100,100090,100,99984,100,100099,100,99983,100,100126,100,99972,200,100128,100,99943,100,100162,100,99881,100,100211,100,99873,100,,,99819,100
2019-06-28 09:30:00.000000034,100081,100,99998,100,100084,100,99989,100,100089,100,99984,100,100090,100,99983,100,100099,100,99972,200,100101,100,99943,100,100126,100,99881,100,100128,100,99873,100,100162,100,99819,100,100211,100,99809,100
2019-06-28 09:30:00.000000038,100081,100,99998,100,100084,100,99989,100,100089,100,99984,100,100090,100,99983,100,100099,100,99972,200,100101,100,99956,100,100126,100,99943,100,100128,100,99881,100,100162,100,99873,100,100211,100,99819,100
2019-06-28 09:30:00.000000039,100081,100,99998,100,100083,100,99989,100,100084,100,99984,100,100089,100,99983,100,100090,100,99972,200,100099,100,99956,100,100101,100,99943,100,100126,100,99881,100,100128,100,99873,100,100162,100,99819,100
2019-06-28 09:30:00.000000041,100021,100,99989,100,100081,100,99984,100,100083,100,99983,100,100084,100,99972,200,100089,100,99956,100,100090,100,99943,100,100099,100,99881,100,100101,100,99873,100,100126,100,99819,100,100128,100,99809,100
2019-06-28 09:30:00.000000042,100021,100,99989,100,100081,100,99984,100,100083,100,99983,100,100084,100,99972,200,100089,100,99956,100,100090,100,99943,100,100099,100,99881,100,100101,100,99873,100,100126,100,99837,100,100128,100,99819,100
2019-06-28 09:30:00.000000046,100021,200,99989,100,100081,100,99984,100,100083,100,99983,100,100084,100,99972,200,100089,100,99956,100,100090,100,99943,100,100099,100,99881,100,100101,100,99873,100,100126,100,99837,100,100128,100,99819,100
2019-06-28 09:30:00.000000048,100021,200,99989,100,100032,100,99984,100,100081,100,99983,100,100083,100,99972,200,100084,200,99956,100,100089,100,99943,100,100090,100,99881,100,100099,100,99873,100,100101,100,99837,100,100126,100,99819,100
2019-06-28 09:30:00.000000052,100002,100,99989,100,100021,300,99984,100,100032,100,99983,100,100081,100,99972,200,100083,100,99956,100,100084,200,99943,100,100089,100,99881,100,100090,100,99873,100,100099,100,99837,100,100101,100,99819,100
2019-06-28 09:30:00.000000055,100002,100,99989,100,100021,300,99984,100,100032,100,99983,100,100050,100,99972,200,100081,100,99956,100,100083,100,99943,100,100084,200,99881,100,100089,100,99873,100,100090,100,99837,100,100099,100,99819,100
2019-06-28 09:30:00.000000058,100002,100,99989,100,100021,300,99984,100,100032,100,99983,100,100043,100,99972,200,100050,100,99956,100,100081,100,99943,100,100083,100,99881,100,100084,200,99873,100,100089,100,99837,100,100090,100,99819,100
2019-06-28 09:30:00.000000059,100002,100,99998,100,100021,300,99989,100,100032,100,99984,100,100043,100,99983,100,100048,100,99972,200,100050,100,99956,100,100081,100,99943,100,100083,100,99881,100,100084,200,99873,100,100089,100,99837,100
2019-06-28 09:30:00.000000061,100002,100,99998,100,100021,300,99989,100,100032,100,99984,100,100043,100,99983,100,100048,100,99972,200,100050,100,99956,100,100081,100,99943,100,100083,100,99881,100,100084,200,99875,100,100089,100,99873,100
2019-06-28 09:30:00.000000062,100002,100,99998,100,100021,300,99989,100,100032,100,99984,100,100043,100,99983,100,100048,100,99972,200,100050,100,99956,100,100081,100,99943,100,100083,100,99938,100,100084,200,99881,100,100089,100,99875,100
2019-06-28 09:30:00.000000065,100021,300,99998,100,100032,100,99989,100,100043,100,99984,100,100048,100,99983,100,100050,100,99972,200,100081,100,99956,100,100083,100,99943,100,100084,200,99938,100,100089,100,99881,100,100090,100,99875,100
2019-06-28 09:30:00.000000066,100021,300,99998,100,100032,100,99989,100,100043,100,99984,100,100048,100,99983,100,100050,100,99972,200,100081,100,99956,100,100083,100,99943,100,100084,200,99938,100,100089,100,99881,100,100090,100,99875,100
2019-06-28 09:30:00.000000071,100021,300,99998,100,100032,100,99989,100,100043,100,99984,100,100048,100,99983,100,100050,100,99972,200,100081,100,99956,100,100083,100,99943,100,100084,200,99938,100,100089,100,99902,100,100090,100,99881,100
2019-06-28 09:30:00.000000075,100021,300,99998,100,100032,100,99989,100,100043,100,99984,100,100048,100,99983,100,100050,100,99972,200,100081,100,99956,100,100083,100,99943,100,100084,200,99938,100,100089,100,99902,100,100090,100,99881,100
2019-06-28 09:30:00.000000076,100021,300,100019,100,100032,100,99998,100,100043,100,99989,100,100048,100,99984,100,100050,100,99983,100,100081,100,99972,200,100083,100,99956,100,100084,200,99943,100,100089,100,99938,100,100090,100,99902,100
2019-06-28 09:30:00.000000077,100021,300,100019,100,100032,100,99998,100,100043,100,99989,100,100048,100,99984,100,100050,100,99983,100,100081,100,99972,200,100083,100,99956,100,100084,200,99943,100,100089,100,99938,100,100090,100,99902,100
2019-06-28 09:30:00.000000078,100021,300,100019,100,100032,100,99999,100,100043,100,99998,100,100048,100,99989,100,100050,100,99984,100,100081,100,99983,100,100083,100,99972,200,100084,200,99956,100,100089,100,99943,100,100090,100,99938,100
2019-06-28 09:30:00.000000080,100021,300,100019,100,100032,100,99999,100,100043,100,99998,100,100048,100,99989,100,100050,100,99984,100,100061,100,99983,100,100081,100,99972,200,100083,100,99956,100,100084,200,99943,100,100089,100,99938,100
2019-06-28 09:30:00.000000082,100021,200,100019,100,100032,100,99999,100,100043,100,99998,100,100048,100,99989,100,100050,100,99984,100,100061,100,99983,100,100081,100,99972,200,100083,100,99956,100,100084,200,99943,100,100089,100,99938,100
2019-06-28 09:30:00.000000085,100021,100,100019,100,100032,100,99999,100,100043,100,99998,100,100048,100,99989,100,100050,100,99984,100,100061,100,99983,100,100081,100,99972,200,100083,100,99956,100,100084,200,99943,100,100089,100,99938,100
2019-06-28 09:30:00.000000087,100021,100,100019,100,100032,100,99999,100,100043,100,99998,100,100048,100,99989,100,100050,100,99984,100,100061,100,99983,100,100081,100,99972,200,100083,100,99956,100,100084,200,99951,100,100089,100,99943,100
2019-06-28 09:30:00.000000089,100021,100,99999,100,100032,100,99998,100,100043,100,99989,100,100048,100,99984,100,100050,100,99983,100,100061,100,99972,200,100081,100,99956,100,100083,100,99951,100,100084,200,99943,100,100089,100,99938,100
2019-06-28 09:30:00.000000090,100021,100,100019,100,100032,100,99999,100,100043,100,99998,100,100048,100,99989,100,100050,100,99984,100,100061,100,99983,100,100081,100,99972,200,100083,100,99956,100,100084,200,99951,100,100089,100,99943,100
2019-06-28 09:30:00.000000094,100021,100,100019,100,100032,100,99999,100,100043,100,99998,100,100048,100,99989,100,100050,100,99984,100,100061,200,99983,100,100081,100,99972,200,100083,100,99956,100,100084,200,99951,100,100089,100,99943,100
2019-06-28 09:30:00.000000095,100021,100,100019,100,100032,100,99999,100,100043,100,99998,100,100048,100,99989,100,100050,100,99984,100,100061,200,99983,100,100081,100,99972,200,100083,100,99956,100,100084,200,99951,100,100089,100,99943,100
2019-06-28 09:30:00.000000097,100021,100,100019,100,100025,100,99999,100,100032,100,99998,100,100043,100,99989,100,100048,100,99984,100,100050,100,99983,100,100061,200,99972,200,100081,100,99956,100,100083,100,99951,100,100084,200,99943,100
2019-06-28 09:30:00.000000098,100021,100,100019,100,100025,100,99999,100,100032,100,99998,100,100043,100,99989,100,100048,100,99984,100,100050,100,99983,100,100061,200,99972,200,100081,100,99956,100,100083,100,99951,100,100084,200,99943,100
2019-06-28 09:30:01.378217316,100021,100,100019,100,100025,100,99999,100,100032,100,99998,100,100043,100,99989,100,100048,100,99984,100,100050,100,99983,100,100052,100,99972,200,100061,200,99956,100,100081,100,99943,100,100083,100,99938,100
2019-06-28 09:30:10.000000000,100021,593,100019,593,100025,100,99999,100,100032,100,99998,100,100043,100,99989,100,100048,100,99984,100,100050,100,99983,100,100052,100,99972,200,100061,200,99956,100,100081,100,99943,100,100083,100,99938,100
2019-06-28 09:30:15.694230642,100021,593,100019,593,100025,100,99999,100,100032,100,99998,100,100043,100,99989,100,100048,100,99984,100,100050,100,99983,100,100052,100,99972,200,100061,200,99956,100,100081,100,99943,100,100083,100,99938,100
2019-06-28 09:30:20.000000000,100021,199,100019,199,100025,199,99999,199,100032,199,99998,199,100043,199,99989,199,100048,199,99984,199,100050,100,99983,100,100052,100,99972,200,100061,200,99956,100,100081,100,99943,100,100083,100,99938,100
2019-06-28 09:30:30.000000000,100021,593,100019,593,100025,100,99999,100,100032,100,99998,100,100043,100,99989,100,100048,100,99984,100,100050,100,99983,100,100052,100,99972,200,100061,200,99956,100,100081,100,99943,100,100083,100,99938,100
2019-06-28 09:30:30.779694138,100021,593,100019,693,100025,100,99999,100,100032,100,99998,100,100043,100,99989,100,100048,100,99984,100,100050,100,99983,100,100052,100,99972,200,100061,200,99956,100,100081,100,99943,100,100083,100,99938,100
2019-06-28 09:30:30.929923799,100021,593,100019,793,100025,100,99999,100,100032,100,99998,100,100043,100,99989,100,100048,100,99984,100,100050,100,99983,100,100052,100,99972,200,100061,200,99956,100,100081,100,99943,100,100083,100,99938,100
2019-06-28 09:30:40.000000000,100021,223,100019,423,100025,223,99999,223,100032,223,99998,223,100043,223,99989,223,100048,100,99984,100,100050,100,99983,100,100052,100,99972,200,100061,200,99956,100,100081,100,99943,100,100083,100,99938,100
2019-06-28 09:30:50.000000000,100021,346,100019,546,100025,346,99999,346,100032,100,99998,100,100043,100,99989,100,100048,100,99984,100,100050,100,99983,100,100052,100,99972,200,100061,200,99956,100,100081,100,99943,100,100083,100,99938,100
2019-06-28 09:30:55.638890722,100021,346,100019,546,100025,346,99999,346,100032,100,99998,100,100043,100,99989,100,100048,100,99984,100,100050,100,99983,100,100052,100,99972,300,100061,200,99956,100,100081,100,99943,100,100083,100,99938,100
2019-06-28 09:30:57.438560328,100021,346,100019,446,100025,346,99999,346,100032,100,99998,100,100043,100,99989,100,100048,100,99984,100,100050,100,99983,100,100052,100,99972,300,100061,200,99956,100,100083,100,99943,100,100084,200,99938,100
2019-06-28 09:30:59.476475328,100021,346,100019,346,100025,346,99999,346,100032,100,99998,100,100043,100,99989,100,100048,100,99984,100,100050,100,99983,100,100052,100,99972,300,100061,200,99956,100,100083,100,99943,100,100084,200,99938,100
2019-06-28 09:31:00.000000000,100021,268,100019,268,100025,263,99999,263,100032,263,99998,263,100043,100,99989,100,100048,100,99984,100,100050,100,99983,100,100052,100,99972,300,100061,200,99956,100,100083,100,99943,100,100084,200,99938,100
2019-06-28 09:31:10.000000000,100021,199,100019,199,100025,199,99999,199,100032,199,99998,199,100043,199,99989,199,100048,199,99984,199,100050,100,99983,100,100052,100,99972,300,100061,200,99956,100,100083,100,99943,100,100084,200,99938,100
2019-06-28 09:31:13.768449162,100021,199,100019,99,100025,199,99999,199,100032,99,99998,199,100043,199,99989,199,100048,199,99984,199,100050,100,99983,100,100052,100,99972,300,100061,200,99956,100,100083,100,99943,100,100084,200,99938,100
2019-06-28 09:31:14.066630510,100019,1,99999,199,100021,199,99998,199,100025,199,99989,199,100032,99,99984,199,100043,199,99983,100,100048,199,99972,300,100050,100,99956,100,100052,100,99943,100,100061,200,99938,100,100083,100,99933,100
2019-06-28 09:31:20.000000000,100019,124,99999,223,100021,223,99998,223,100025,223,99989,223,100043,223,99984,223,100048,100,99983,100,100050,100,99972,300,100052,100,99956,100,100061,200,99943,100,100083,100,99938,100,100084,100,99933,100
2019-06-28 09:31:30.000000000,100019,169,99999,268,100021,263,99998,263,100025,263,99989,263,100043,100,99984,100,100048,100,99983,100,100050,100,99972,300,100052,100,99956,100,100061,200,99943,100,100083,100,99938,100,100084,100,99933,100
2019-06-28 09:31:40.000000000,100019,494,99999,593,100021,100,99998,100,100025,100,99989,100,100043,100,99984,100,100048,100,99983,100,100050,100,99972,300,100052,100,99956,100,100061,200,99943,100,100083,100,99938,100,100084,100,99933,100
2019-06-28 09:31:50.000000000,100019,124,99999,223,100021,223,99998,223,100025,223,99989,223,100043,223,99984,223,100048,100,99983,100,100050,100,99972,300,100052,100,99956,100,100061,200,99943,100,100083,100,99938,100,100084,100,99933,100
2019-06-28 09:32:00.000000000,100019,494,99999,593,100021,100,99998,100,100025,100,99989,100,100043,100,99984,100,100048,100,99983,100,100050,100,99972,300,100052,100,99956,100,100061,200,99943,100,100083,100,99938,100,100084,100,99933,100
2019-06-28 09:32:08.622820198,100019,494,99999,593,100021,100,99998,100,100025,100,99989,100,100043,100,99984,100,100048,100,99983,100,100050,100,99972,300,100052,100,99956,100,100061,200,99943,100,100083,100,99938,100,100084,100,99902,100
2019-06-28 09:32:10.000000000,100019,124,99999,223,100021,223,99998,223,100025,223,99989,223,100043,223,99984,223,100048,100,99983,100,100050,100,99972,300,100052,100,99956,100,100061,200,99943,100,100083,100,99938,100,100084,100,99902,100
2019-06-28 09:32:10.009645469,100019,124,99999,223,100021,223,99998,223,100025,223,99989,223,100043,223,99984,223,100048,100,99983,100,100050,100,99972,300,100052,100,99956,100,100061,100,99943,100,100083,100,99938,100,100084,100,99902,100
2019-06-28 09:32:20.000000000,100019,494,99999,593,100021,100,99998,100,100025,100,99989,100,100043,100,99984,100,100048,100,99983,100,100050,100,99972,300,100052,100,99956,100,100061,100,99943,100,100083,100,99938,100,100084,100,99902,100
2019-06-28 09:32:22.363112566,100019,494,99999,493,100021,100,99998,100,100025,100,99989,100,100043,100,99984,100,100048,100,99983,100,100050,100,99972,300,100052,100,99956,100,100061,100,99943,100,100083,100,99938,100,100084,100,99902,100
2019-06-28 09:32:24.664860898,100019,494,99999,493,100021,100,99998,100,100025,100,99989,100,100043,100,99984,100,100048,100,99983,100,100050,100,99972,300,100052,100,99956,100,100061,100,99943,100,100083,100,99938,100,100084,100,99902,100
2019-06-28 09:32:30.000000000,100019,100,99998,199,100021,199,99989,199,100025,199,99984,199,100043,199,99983,199,100048,199,99972,399,100050,100,99956,100,100052,100,99943,100,100061,100,99938,100,100083,100,99902,100,100084,100,99897,100
2019-06-28 09:32:40.000000000,100019,247,99998,346,100021,346,99989,346,100025,100,99984,100,100043,100,99983,100,100048,100,99972,300,100050,100,99956,100,100052,100,99943,100,100061,100,99938,100,100083,100,99902,100,100084,100,99897,100
2019-06-28 09:32:44.650838851,100019,247,99998,346,100021,346,99989,346,100025,100,99984,100,100043,100,99983,100,100048,100,99972,300,100050,100,99956,100,100052,100,99943,100,100061,100,99938,100,100083,100,99902,100,100084,100,99897,100
2019-06-28 09:32:50.000000000,100019,494,99998,593,100021,100,99989,100,100025,100,99984,100,100043,100,99983,100,100048,100,99972,300,100050,100,99956,100,100052,100,99943,100,100061,100,99938,100,100083,100,99902,100,100084,100,99897,100
2019-06-28 09:33:00.000000000,100019,169,99998,268,100021,263,99989,263,100025,263,99984,263,100043,100,99983,100,100048,100,99972,300,100050,100,99956,100,100052,100,99943,100,100061,100,99938,100,100083,100,99902,100,100084,100,99897,100
2019-06-28 09:33:06.382219827,100019,169,99998,168,100021,263,99989,263,100025,263,99984,263,100043,100,99983,100,100048,100,99972,300,100050,100,99956,100,100052,100,99943,100,100061,100,99938,100,100083,100,99902,100,100084,100,99897,100
2019-06-28 09:33:10.000000000,100019,247,99989,346,100021,346,99984,346,100025,100,99983,100,100043,100,99972,300,100048,100,99956,100,100050,100,99943,100,100052,100,99938,100,100061,100,99902,100,100083,100,99897,100,100084,100,99881,100
2019-06-28 09:33:20.000000000,100019,169,99989,268,100021,263,99984,263,100025,263,99983,263,100043,100,99972,300,100048,100,99956,100,100050,100,99943,100,100052,100,99938,100,100061,100,99902,100,100083,100,99897,100,100084,100,99881,100
2019-06-28 09:33:30.000000000,100019,247,99989,346,100021,346,99984,346,100025,100,99983,100,100043,100,99972,300,100048,100,99956,100,100050,100,99943,100,100052,100,99938,100,100061,100,99902,100,100083,100,99897,100,100084,100,99881,100
2019-06-28 09:33:40.000000000,100019,124,99989,223,100021,223,99984,223,100025,223,99983,223,100043,223,99972,423,100048,100,99956,100,100050,100,99943,100,100052,100,99938,100,100061,100,99902,100,100083,100,99897,100,100084,100,99881,100
2019-06-28 09:33:48.195176308,99999,100,99989,223,100019,124,99984,223,100021,223,99983,223,100025,223,99972,323,100043,223,99956,100,100048,100,99943,100,100050,100,99938,100,100052,100,99902,100,100061,100,99897,100,100083,100,99881,100
2019-06-28 09:33:50.000000000,99999,199,99989,199,100019,100,99984,199,100021,199,99983,199,100025,199,99972,299,100043,199,99956,199,100048,100,99943,100,100050,100,99938,100,100052,100,99902,100,100061,100,99897,100,100083,100,99881,100
2019-06-28 09:34:00.000000000,99999,346,99989,346,100019,247,99984,346,100021,100,99983,100,100025,100,99972,200,100043,100,99956,100,100048,100,99943,100,100050,100,99938,100,100052,100,99902,100,100061,100,99897,100,100083,100,99881,100
2019-06-28 09:34:07.007644463,99999,346,99989,346,100019,247,99984,346,100021,100,99983,100,100025,100,99972,200,100043,100,99956,100,100048,100,99943,100,100050,100,99938,100,100052,100,99902,100,100061,100,99897,100,100083,100,99881,100
2019-06-28 09:34:10.000000000,99999,268,99989,268,100019,164,99984,263,100021,263,99983,263,100025,100,99972,200,100043,100,99956,100,100048,100,99943,100,100050,100,99938,100,100052,100,99902,100,100061,100,99897,100,100083,100,99881,100
2019-06-28 09:34:10.452504460,99999,268,99989,168,100019,164,99984,263,100021,263,99983,263,100025,100,99972,100,100043,100,99956,100,100048,100,99943,100,100050,100,99938,100,100052,100,99902,100,100061,100,99897,100,100083,100,99881,100
2019-06-28 09:34:20.000000000,99999,223,99984,223,100019,124,99983,223,100021,223,99972,223,100025,223,99956,223,100043,100,99943,100,100048,100,99938,100,100050,100,99902,100,100052,100,99897,100,100061,100,99881,100,100083,100,99875,100
2019-06-28 09:34:30.000000000,99999,593,99984,593,100019,1,99983,100,100021,100,99972,100,100025,100,99956,100,100043,100,99943,100,100048,100,99938,100,100050,100,99902,100,100052,100,99897,100,100061,100,99881,100,100083,100,99875,100
2019-06-28 09:34:32.390640656,99999,593,99984,493,100019,1,99983,100,100021,100,99972,100,100025,100,99956,100,100043,100,99943,100,100048,100,99938,100,100050,100,99902,100,100052,100,99897,100,100061,100,99881,100,100083,100,99875,100
2019-06-28 09:34:40.000000000,99999,346,99983,346,100019,247,99972,346,100021,100,99956,100,100025,100,99943,100,100043,100,99938,100,100048,100,99902,100,100050,100,99897,100,100052,100,99881,100,100061,100,99875,100,100083,100,99873,100
2019-06-28 09:34:42.074250897,99999,346,99983,246,100019,247,99972,346,100021,100,99956,100,100025,100,99943,100,100043,100,99938,100,100048,100,99902,100,100050,100,99897,100,100052,100,99881,100,100061,100,99875,100,100083,100,99873,100
2019-06-28 09:34:50.000000000,99999,199,99972,199,100019,100,99956,199,100021,199,99943,199,100025,199,99938,199,100043,199,99902,199,100048,100,99897,100,100050,100,99881,100,100052,100,99875,100,100061,100,99873,100,100083,100,99837,100
2019-06-28 09:34:53.858213855,99999,199,99972,199,100019,100,99956,199,100021,199,99943,199,100025,199,99938,199,100043,199,99902,199,100048,100,99897,100,100050,100,99881,100,100052,100,99875,100,100061,100,99873,100,100083,100,99837,100
2019-06-28 09:34:58.874251697,99999,199,99972,199,100019,100,99956,199,100021,199,99943,199,100025,199,99938,199,100043,199,99902,199,100048,100,99897,100,100050,100,99881,100,100052,100,99875,100,100061,100,99873,100,100083,100,99819,100
2019-06-28 09:35:00.000000000,99999,593,99972,593,100019,1,99956,100,100021,100,99943,100,100025,100,99938,100,100043,100,99902,100,100048,100,99897,100,100050,100,99881,100,100052,100,99875,100,100061,100,99873,100,100083,100,99819,100
2019-06-28 09:35:03.501518156,99984,100,99972,593,99999,593,99956,100,100019,1,99943,100,100021,100,99938,100,100025,100,99902,100,100043,100,99897,100,100048,100,99881,100,100050,100,99875,100,100052,100,99873,100,100061,100,99819,100
2019-06-28 09:35:10.000000000,99984,593,99972,593,99999,100,99956,100,100019,1,99943,100,100021,100,99938,100,100025,100,99902,100,100043,100,99897,100,100048,100,99881,100,100050,100,99875,100,100052,100,99873,100,100061,100,99819,100
2019-06-28 09:35:17.197934168,99984,593,99972,593,99999,100,99956,100,100019,1,99943,100,100021,100,99938,100,100025,100,99902,100,100043,100,99897,100,100048,100,99881,100,100050,100,99875,100,100052,100,99873,100,100061,100,99819,100
2019-06-28 09:35:20.000000000,99984,268,99972,268,99999,263,99956,263,100019,164,99943,263,100021,100,99938,100,100025,100,99902,100,100043,100,99897,100,100048,100,99881,100,100050,100,99875,100,100052,100,99873,100,100061,100,99819,100
2019-06-28 09:35:25.546797493,99984,268,99972,168,99999,263,99956,263,100019,164,99943,263,100021,100,99938,100,100025,100,99902,100,100043,100,99897,100,100048,100,99881,100,100050,100,99875,100,100052,100,99873,100,100061,100,99819,100
2019-06-28 09:35:30.000000000,99984,223,99956,223,99999,223,99943,223,100019,124,99938,223,100021,223,99902,223,100025,100,99897,100,100043,100,99881,100,100048,100,99875,100,100050,100,99873,100,100052,100,99819,100,100061,100,99809,100
2019-06-28 09:35:40.000000000,99984,593,99956,593,99999,100,99943,100,100019,1,99938,100,100021,100,99902,100,100025,100,99897,100,100043,100,99881,100,100048,100,99875,100,100050,100,99873,100,100052,100,99819,100,100061,100,99809,100
2019-06-28 09:35:50.000000000,99984,268,99956,268,99999,263,99943,263,100019,164,99938,263,100021,100,99902,100,100025,100,99897,100,100043,100,99881,100,100048,100,99875,100,100050,100,99873,100,100052,100,99819,100,100061,100,99809,100
2019-06-28 09:35:53.013819719,99984,268,99956,168,99999,263,99943,263,100019,164,99938,263,100021,100,99902,100,100025,100,99897,100,100043,100,99881,100,100048,100,99875,100,100050,100,99873,100,100052,100,99819,100,100061,100,99809,100
2019-06-28 09:36:00.000000000,99984,268,99943,268,99999,263,99938,263,100019,164,99902,263,100021,100,99897,100,100025,100,99881,100,100043,100,99875,100,100048,100,99873,100,100050,100,99819,100,100052,100,99809,100,100061,100,99798,100
2019-06-28 09:36:03.063649150,99972,100,99943,268,99984,268,99938,263,99999,263,99902,263,100019,164,99897,100,100021,100,99881,100,100025,100,99875,100,100043,100,99873,100,100048,100,99819,100,100050,100,99809,100,100052,100,99798,100
2019-06-28 09:36:10.000000000,99972,223,99943,223,99984,223,99938,223,99999,223,99902,223,100019,124,99897,223,100021,100,99881,100,100025,100,99875,100,100043,100,99873,100,100048,100,99819,100,100050,100,99809,100,100052,100,99798,100
2019-06-28 09:36:19.912317140,99972,223,99943,223,99984,223,99938,223,99999,223,99902,223,100019,124,99897,223,100021,100,99881,100,100025,100,99875,100,100043,100,99873,100,100048,100,99819,100,100052,100,99809,100,100061,100,99798,100
2019-06-28 09:36:20.000000000,99972,223,99943,223,99984,223,99938,223,99999,223,99902,223,100019,124,99897,223,100021,100,99881,100,100025,100,99875,100,100043,100,99873,100,100048,100,99819,100,100052,100,99809,100,100061,100,99798,100
2019-06-28 09:36:29.805363370,99972,123,99943,223,99984,223,99938,223,99999,223,99902,223,100019,124,99897,223,100021,100,99881,100,100025,100,99875,100,100043,100,99873,100,100048,100,99819,100,100052,100,99809,100,100061,100,99798,100
2019-06-28 09:36:30.000000000,99984,199,99943,199,99999,199,99938,199,100019,100,99902,199,100021,199,99897,199,100025,199,99881,199,100043,100,99875,100,100048,100,99873,100,100052,100,99819,100,100061,100,99809,100,100083,100,99798,100
2019-06-28 09:36:40.000000000,99984,199,99943,199,99999,199,99938,199,100019,100,99902,199,100021,199,99897,199,100025,199,99881,199,100043,100,99875,100,100048,100,99873,100,100052,100,99819,100,100061,100,99809,100,100083,100,99798,100
2019-06-28 09:36:50.000000000,99984,268,99943,268,99999,263,99938,263,100019,164,99902,263,100021,100,99897,100,100025,100,99881,100,100043,100,99875,100,100048,100,99873,100,100052,100,99819,100,100061,100,99809,100,100083,100,99798,100
2019-06-28 09:36:54.025636523,99984,268,99943,268,99999,263,99938,263,100019,164,99902,263,100021,100,99897,100,100025,100,99881,100,100043,100,99875,100,100048,100,99873,100,100052,100,99819,100,100061,100,99809,100,100083,100,99798,100
2019-06-28 09:37:00.000000000,99984,593,99943,593,99999,100,99938,100,100019,1,99902,100,100021,100,99897,100,100025,100,99881,100,100043,100,99875,100,100048,100,99873,100,100052,100,99819,100,100061,100,99809,100,100083,100,99798,100
2019-06-28 09:37:10.000000000,99984,223,99943,223,99999,223,99938,223,100019,124,99902,223,100021,223,99897,223,100025,100,99881,100,100043,100,99875,100,100048,100,99873,100,100052,100,99819,100,100061,100,99809,100,100083,100,99798,100
2019-06-28 09:37:20.000000000,99984,593,99943,593,99999,100,99938,100,100019,1,99902,100,100021,100,99897,100,100025,100,99881,100,100043,100,99875,100,100048,100,99873,100,100052,100,99819,100,100061,100,99809,100,100083,100,99798,100
2019-06-28 09:37:30.000000000,99984,223,99943,223,99999,223,99938,223,100019,124,99902,223,100021,223,99897,223,100025,100,99881,100,100043,100,99875,100,100048,100,99873,100,100052,100,99819,100,100061,100,99809,100,100083,100,99798,100
2019-06-28 09:37:40.000000000,99984,268,99943,268,99999,263,99938,263,100019,164,99902,263,100021,100,99897,100,100025,100,99881,100,100043,100,99875,100,100048,100,99873,100,100052,100,99819,100,100061,100,99809,100,100083,100,99798,100
2019-06-28 09:37:50.000000000,99984,593,99943,593,99999,100,99938,100,100019,1,99902,100,100021,100,99897,100,100025,100,99881,100,100043,100,99875,100,100048,100,99873,100,100052,100,99819,100,100061,100,99809,100,100083,100,99798,100
2019-06-28 09:38:00.000000000,99984,346,99943,346,99999,346,99938,346,100019,1,99902,100,100021,100,99897,100,100025,100,99881,100,100043,100,99875,100,100048,100,99873,100,100052,100,99819,100,100061,100,99809,100,100083,100,99798,100
2019-06-28 09:38:10.000000000,99984,199,99943,199,99999,199,99938,199,100019,100,99902,199,100021,199,99897,199,100025,199,99881,199,100043,100,99875,100,100048,100,99873,100,100052,100,99819,100,100061,100,99809,100,100083,100,99798,100
2019-06-28 09:38:20.000000000,99984,593,99943,593,99999,100,99938,100,100019,1,99902,100,100021,100,99897,100,100025,100,99881,100,100043,100,99875,100,100048,100,99873,100,100052,100,99819,100,100061,100,99809,100,100083,100,99798,100
2019-06-28 09:38:30.000000000,99984,199,99943,199,99999,199,99938,199,100019,100,99902,199,100021,199,99897,199,100025,199,99881,199,100043,100,99875,100,100048,100,99873,100,100052,100,99819,100,100061,100,99809,100,100083,100,99798,100
2019-06-28 09:38:40.000000000,99984,268,99943,268,99999,263,99938,263,100019,164,99902,263,100021,100,99897,100,100025,100,99881,100,100043,100,99875,100,100048,100,99873,100,100052,100,99819,100,100061,100,99809,100,100083,100,99798,100
2019-06-28 09:38:44.821482143,99984,168,99943,268,99999,263,99938,263,100019,164,99902,263,100021,100,99897,100,100025,100,99881,100,100043,100,99875,100,100048,100,99873,100,100052,100,99819,100,100061,100,99809,100,100083,100,99798,100
2019-06-28 09:38:50.000000000,99999,268,99943,268,100019,164,99938,263,100021,263,99902,263,100025,100,99897,100,100043,100,99881,100,100048,100,99875,100,100052,100,99873,100,100061,100,99819,100,100083,100,99809,100,100099,100,99798,100
2019-06-28 09:39:00.000000000,99999,223,99943,223,100019,124,99938,223,100021,223,99902,223,100025,223,99897,223,100043,100,99881,100,100048,100,99875,100,100052,100,99873,100,100061,100,99819,100,100083,100,99809,100,100099,100,99798,100
2019-06-28 09:39:10.000000000,99999,223,99943,223,100019,124,99938,223,100021,223,99902,223,100025,223,99897,223,100043,100,99881,100,100048,100,99875,100,100052,100,99873,100,100061,100,99819,100,100083,100,99809,100,100099,100,99798,100
2019-06-28 09:39:16.406193612,99999,223,99943,223,100019,124,99938,223,100021,223,99902,223,100025,223,99897,223,100043,100,99881,100,100048,100,99875,100,100052,100,99873,100,100061,100,99819,100,100083,100,99809,100,100099,100,99798,100
2019-06-28 09:39:20.000000000,99999,593,99943,593,100019,1,99938,100,100021,100,99902,100,100025,100,99897,100,100043,100,99881,100,100048,100,99875,100,100052,100,99873,100,100061,100,99819,100,100083,100,99809,100,100099,100,99798,100
2019-06-28 09:39:30.000000000,99999,223,99943,223,100019,124,99938,223,100021,223,99902,223,100025,223,99897,223,100043,100,99881,100,100048,100,99875,100,100052,100,99873,100,100061,100,99819,100,100083,100,99809,100,100099,100,99798,100
2019-06-28 09:39:40.000000000,99999,268,99943,268,100019,164,99938,263,100021,263,99902,263,100025,100,99897,100,100043,100,99881,100,100048,100,99875,100,100052,100,99873,100,100061,100,99819,100,100083,100,99809,100,100099,100,99798,100
2019-06-28 09:39:50.000000000,99999,268,99943,268,100019,164,99938,263,100021,263,99902,263,100025,100,99897,100,100043,100,99881,100,100048,100,99875,100,100052,100,99873,100,100061,100,99819,100,100083,100,99809,100,100099,100,99798,100
2019-06-28 09:39:59.673744965,99999,268,99943,268,100019,164,99938,263,100021,263,99902,263,100025,100,99897,100,100043,100,99881,100,100048,100,99875,100,100052,100,99873,100,100061,100,99819,100,100083,100,99809,100,100099,100,99798,100
2019-06-28 09:40:00.000000000,99999,199,99943,199,100019,100,99938,199,100021,199,99902,199,100025,199,99897,199,100043,199,99881,199,100048,100,99875,100,100052,100,99873,100,100061,100,99819,100,100083,100,99809,100,100099,100,99798,100
2019-06-28 09:40:07.774652516,99999,199,99972,100,100019,100,99943,199,100021,199,99938,199,100025,199,99902,199,100043,199,99897,199,100048,100,99881,199,100052,100,99875,100,100061,100,99873,100,100083,100,99819,100,100099,100,99809,100
2019-06-28 09:40:07.815006198,99999,199,99972,100,100019,100,99943,199,100021,199,99938,199,100025,199,99902,199,100043,199,99897,199,100048,100,99881,199,100052,100,99875,100,100061,100,99873,100,100083,100,99819,100,100099,100,99809,100
2019-06-28 09:40:10.000000000,99999,593,99972,593,100019,1,99943,100,100021,100,99938,100,100025,100,99902,100,100043,100,99897,100,100048,100,99881,100,100052,100,99875,100,100061,100,99873,100,100083,100,99819,100,100099,100,99809,100
2019-06-28 09:40:20.000000000,99999,199,99972,199,100019,100,99943,199,100021,199,99938,199,100025,199,99902,199,100043,199,99897,199,100048,100,99881,100,100052,100,99875,100,100061,100,99873,100,100083,100,99819,100,100099,100,99809,100
2019-06-28 09:40:30.000000000,99999,268,99972,268,100019,164,99943,263,100021,263,99938,263,100025,100,99902,100,100043,100,99897,100,100048,100,99881,100,100052,100,99875,100,100061,100,99873,100,100083,100,99819,100,100099,100,99809,100
2019-06-28 09:40:31.149240599,99999,168,99972,268,100019,164,99943,263,100021,263,99938,263,100025,100,99902,100,100043,100,99897,100,100048,100,99881,100,100052,100,99875,100,100061,100,99873,100,100083,100,99819,100,100099,100,99809,100
2019-06-28 09:40:34.587614701,99999,68,99972,268,100019,164,99943,263,100021,263,99938,263,100025,100,99902,100,100043,100,99897,100,100048,100,99881,100,100052,100,99875,100,100061,100,99873,100,100083,100,99819,100,100099,100,99809,100
2019-06-28 09:40:37.730919436,100019,164,99999,32,100021,263,99972,268,100025,100,99943,263,100043,100,99938,263,100048,100,99902,100,100052,100,99897,100,100061,100,99881,100,100083,100,99875,100,100099,100,99873,100,100101,100,99819,100
2019-06-28 09:40:40.000000000,100019,494,99999,525,100021,100,99972,100,100025,100,99943,100,100043,100,99938,100,100048,100,99902,100,100052,100,99897,100,100061,100,99881,100,100083,100,99875,100,100099,100,99873,100,100101,100,99819,100
2019-06-28 09:40:50.000000000,100019,247,99999,278,100021,346,99972,346,100025,100,99943,100,100043,100,99938,100,100048,100,99902,100,100052,100,99897,100,100061,100,99881,100,100083,100,99875,100,100099,100,99873,100,100101,100,99819,100
2019-06-28 09:41:00.000000000,100019,169,99999,200,100021,263,99972,263,100025,263,99943,263,100043,100,99938,100,100048,100,99902,100,100052,100,99897,100,100061,100,99881,100,100083,100,99875,100,100099,100,99873,100,100101,100,99819,100
2019-06-28 09:41:10.000000000,100019,169,99999,200,100021,263,99972,263,100025,263,99943,263,100043,100,99938,100,100048,100,99902,100,100052,100,99897,100,100061,100,99881,100,100083,100,99875,100,100099,100,99873,100,100101,100,99819,100
2019-06-28 09:41:10.525916237,100019,169,99999,200,100021,263,99972,263,100025,263,99943,263,100043,100,99938,100,100048,100,99902,100,100052,100,99897,100,100061,100,99881,100,100083,100,99875,100,100099,100,99873,100,100101,100,99819,100
2019-06-28 09:41:20.000000000,100019,124,99999,155,100021,223,99972,223,100025,223,99943,223,100043,223,99938,223,100048,100,99902,100,100052,100,99897,100,100061,100,99881,100,100083,100,99875,100,100099,100,99873,100,100101,100,99819,100
2019-06-28 09:41:30.000000000,100019,124,99999,155,100021,223,99972,223,100025,223,99943,223,100043,223,99938,223,100048,100,99902,100,100052,100,99897,100,100061,100,99881,100,100083,100,99875,100,100099,100,99873,100,100101,100,99819,100
2019-06-28 09:41:40.000000000,100019,247,99999,278,100021,346,99972,346,100025,100,99943,100,100043,100,99938,100,100048,100,99902,100,100052,100,99897,100,100061,100,99881,100,100083,100,99875,100,100099,100,99873,100,100101,100,99819,100
2019-06-28 09:41:50.000000000,100019,124,99999,155,100021,223,99972,223,100025,223,99943,223,100043,223,99938,223,100048,100,99902,100,100052,100,99897,100,100061,100,99881,100,100083,100,99875,100,100099,100,99873,100,100101,100,99819,100
2019-06-28 09:42:00.000000000,100019,247,99999,278,100021,346,99972,346,100025,100,99943,100,100043,100,99938,100,100048,100,99902,100,100052,100,99897,100,100061,100,99881,100,100083,100,99875,100,100099,100,99873,100,100101,100,99819,100
2019-06-28 09:42:04.192891254,100019,247,99999,378,100021,346,99972,346,100025,100,99943,100,100043,100,99938,100,100048,100,99902,100,100052,100,99897,100,100061,100,99881,100,100083,100,99875,100,100101,100,99873,100,100122,100,99819,100
2019-06-28 09:42:10.000000000,100019,494,99999,625,100021,100,99972,100,100025,100,99943,100,100043,100,99938,100,100048,100,99902,100,100052,100,99897,100,100061,100,99881,100,100083,100,99875,100,100101,100,99873,100,100122,100,99819,100
2019-06-28 09:42:20.000000000,100019,100,99999,231,100021,199,99972,199,100025,199,99943,199,100043,199,99938,199,100048,199,99902,199,100052,100,99897,100,100061,100,99881,100,100083,100,99875,100,100101,100,99873,100,100122,100,99819,100
2019-06-28 09:42:30.000000000,100019,124,99999,255,100021,223,99972,223,100025,223,99943,223,100043,223,99938,223,100048,100,99902,100,100052,100,99897,100,100061,100,99881,100,100083,100,99875,100,100101,100,99873,100,100122,100,99819,100
2019-06-28 09:42:40.000000000,100019,100,99999,231,100021,199,99972,199,100025,199,99943,199,100043,199,99938,199,100048,199,99902,199,100052,100,99897,100,100061,100,99881,100,100083,100,99875,100,100101,100,99873,100,100122,100,99819,100
2019-06-28 09:42:41.811578851,100019,100,99999,231,100021,199,99972,199,100025,199,99943,99,100043,199,99938,199,100048,199,99902,199,100052,100,99897,100,100061,100,99881,100,100083,100,99875,100,100101,100,99873,100,100122,100,99819,100
2019-06-28 09:42:50.000000000,100019,124,99999,255,100021,223,99972,223,100025,223,99938,223,100043,223,99902,223,100048,100,99897,100,100052,100,99881,100,100061,100,99875,100,100083,100,99873,100,100101,100,99819,100,100122,100,99809,100
2019-06-28 09:43:00.000000000,100019,169,99999,300,100021,263,99972,263,100025,263,99938,263,100043,100,99902,100,100048,100,99897,100,100052,100,99881,100,100061,100,99875,100,100083,100,99873,100,100101,100,99819,100,100122,100,99809,100
2019-06-28 09:43:06.493518040,100019,169,99999,300,100021,263,99972,263,100025,263,99938,263,100043,100,99902,100,100052,100,99897,100,100061,100,99881,100,100083,100,99875,100,100101,100,99873,100,100122,100,99819,100,100126,100,99809,100
2019-06-28 09:43:10.000000000,100019,124,99999,255,100021,223,99972,223,100025,223,99938,223,100043,223,99902,223,100052,100,99897,100,100061,100,99881,100,100083,100,99875,100,100101,100,99873,100,100122,100,99819,100,100126,100,99809,100
2019-06-28 09:43:12.172558258,100019,24,99999,255,100021,223,99972,223,100025,223,99938,223,100043,223,99902,223,100052,100,99897,100,100061,100,99881,100,100083,100,99875,100,100101,100,99873,100,100122,100,99819,100,100126,100,99809,100
2019-06-28 09:43:14.578116229,100019,24,99999,255,100021,223,99972,223,100025,223,99938,223,100043,223,99902,223,100052,100,99897,100,100061,100,99881,100,100083,100,99875,100,100101,100,99873,100,100122,100,99819,100,100128,100,99809,100
2019-06-28 09:43:20.000000000,100021,199,99999,231,100025,199,99972,199,100043,199,99938,199,100052,199,99902,199,100061,199,99897,199,100083,100,99881,100,100101,100,99875,100,100122,100,99873,100,100128,100,99819,100,100157,100,99809,100
2019-06-28 09:43:30.000000000,100021,346,99999,378,100025,346,99972,346,100043,100,99938,100,100052,100,99902,100,100061,100,99897,100,100083,100,99881,100,100101,100,99875,100,100122,100,99873,100,100128,100,99819,100,100157,100,99809,100
2019-06-28 09:43:32.126279312,100021,346,99999,378,100025,346,99972,346,100043,100,99938,100,100052,100,99902,100,100061,100,99897,100,100083,100,99881,100,100101,100,99875,100,100122,100,99873,100,100128,100,99819,100,100157,100,99809,100
2019-06-28 09:43:40.000000000,100021,593,99999,625,100025,100,99972,100,100043,100,99938,100,100052,100,99902,100,100061,100,99897,100,100083,100,99881,100,100101,100,99875,100,100122,100,99873,100,100128,100,99819,100,100157,100,99809,100
2019-06-28 09:43:48.536278036,100021,593,99999,625,100025,100,99972,100,100043,100,99938,100,100052,100,99902,100,100061,100,99897,100,100083,100,99881,100,100101,100,99875,100,100122,100,99873,100,100128,100,99819,100,100157,100,99809,100
2019-06-28 09:43:50.000000000,100021,268,99999,300,100025,263,99972,263,100043,263,99938,263,100052,100,99902,100,100061,100,99897,100,100083,100,99881,100,100101,100,99875,100,100122,100,99873,100,100128,100,99819,100,100157,100,99809,100
2019-06-28 09:44:00.000000000,100021,223,99999,255,100025,223,99972,223,100043,223,99938,223,100052,223,99902,223,100061,100,99897,100,100083,100,99881,100,100101,100,99875,100,100122,100,99873,100,100128,100,99819,100,100157,100,99809,100
2019-06-28 09:44:10.000000000,100021,223,99999,255,100025,223,99972,223,100043,223,99938,223,100052,223,99902,223,100061,100,99897,100,100083,100,99881,100,100101,100,99875,100,100122,100,99873,100,100128,100,99819,100,100157,100,99809,100
2019-06-28 09:44:20.000000000,100021,593,99999,625,100025,100,99972,100,100043,100,99938,100,100052,100,99902,100,100061,100,99897,100,100083,100,99881,100,100101,100,99875,100,100122,100,99873,100,100128,100,99819,100,100157,100,99809,100
2019-06-28 09:44:23.840070600,100021,593,99999,625,100025,100,99972,100,100043,100,99938,100,100052,100,99902,100,100083,100,99897,100,100101,100,99881,100,100122,100,99875,100,100128,100,99873,100,100157,100,99819,100,100162,100,99809,100
2019-06-28 09:44:30.000000000,100021,268,99999,300,100025,263,99972,263,100043,263,99938,263,100052,100,99902,100,100083,100,99897,100,100101,100,99881,100,100122,100,99875,100,100128,100,99873,100,100157,100,99819,100,100162,100,99809,100
2019-06-28 09:44:37.844406927,100021,168,99999,300,100025,263,99972,263,100043,263,99938,263,100052,100,99902,100,100083,100,99897,100,100101,100,99881,100,100122,100,99875,100,100128,100,99873,100,100157,100,99819,100,100162,100,99798,100
2019-06-28 09:44:40.000000000,100025,593,99999,625,100043,100,99972,100,100052,100,99938,100,100083,100,99902,100,100101,100,99897,100,100122,100,99881,100,100128,100,99875,100,100157,100,99873,100,100162,100,99819,100,100180,100,99798,100
2019-06-28 09:44:50.000000000,100025,593,99999,625,100043,100,99972,100,100052,100,99938,100,100083,100,99902,100,100101,100,99897,100,100122,100,99881,100,100128,100,99875,100,100157,100,99873,100,100162,100,99819,100,100180,100,99798,100
2019-06-28 09:44:50.294106670,100025,593,100019,100,100043,100,99999,625,100052,100,99972,100,100083,100,99938,100,100101,100,99902,100,100122,100,99897,100,100128,100,99881,100,100157,100,99875,100,100162,100,99873,100,100180,100,99819,100
2019-06-28 09:45:00.000000000,100025,593,100019,593,100043,100,99999,132,100052,100,99972,100,100083,100,99938,100,100101,100,99902,100,100122,100,99897,100,100128,100,99881,100,100157,100,99875,100,100162,100,99873,100,100180,100,99819,100
2019-06-28 09:45:00.798071977,100025,493,100019,593,100043,100,99999,132,100052,100,99972,100,100101,100,99938,100,100122,100,99902,100,100128,100,99897,100,100157,100,99881,100,100162,100,99875,100,100180,100,99873,100,100450,100,99819,100
2019-06-28 09:45:10.000000000,100043,593,100019,593,100052,100,99999,132,100101,100,99972,100,100122,100,99938,100,100128,100,99902,100,100157,100,99897,100,100162,100,99881,100,100180,100,99875,100,100450,100,99873,100,100694,100,99819,100
2019-06-28 09:45:16.095928965,100043,593,100019,593,100052,100,99999,132,100101,100,99972,100,100122,100,99938,100,100128,100,99902,100,100157,100,99897,100,100162,100,99881,100,100180,100,99875,100,100450,100,99873,100,100694,100,99819,100
2019-06-28 09:45:20.000000000,100043,268,100019,268,100052,263,99999,295,100101,263,99972,263,100122,100,99938,100,100128,100,99902,100,100157,100,99897,100,100162,100,99881,100,100180,100,99875,100,100450,100,99873,100,100694,100,99819,100
2019-06-28 09:45:30.000000000,100043,223,100019,223,100052,223,99999,255,100101,223,99972,223,100122,223,99938,223,100128,100,99902,100,100157,100,99897,100,100162,100,99881,100,100180,100,99875,100,100450,100,99873,100,100694,100,99819,100
2019-06-28 09:45:40.000000000,100043,199,100019,199,100052,199,99999,231,100101,199,99972,199,100122,199,99938,199,100128,199,99902,199,100157,100,99897,100,100162,100,99881,100,100180,100,99875,100,100450,100,99873,100,100694,100,99819,100
2019-06-28 09:45:50.000000000,100043,199,100019,199,100052,199,99999,231,100101,199,99972,199,100122,199,99938,199,100128,199,99902,199,100157,100,99897,100,100162,100,99881,100,100180,100,99875,100,100450,100,99873,100,100694,100,99819,100
2019-06-28 09:45:51.275635378,100043,199,100019,199,100052,199,99999,231,100101,199,99972,199,100122,199,99938,199,100128,199,99902,199,100157,100,99897,100,100162,100,99881,100,100180,100,99875,100,100450,100,99873,100,100694,100,99819,100
2019-06-28 09:46:00.000000000,100043,346,100019,346,100052,346,99999,378,100101,100,99972,100,100122,100,99938,100,100128,100,99902,100,100157,100,99897,100,100162,100,99881,100,100180,100,99875,100,100450,100,99873,100,100694,100,99819,100
2019-06-28 09:46:00.678234197,100043,346,100019,346,100052,346,99999,378,100101,100,99972,100,100122,100,99938,100,100128,100,99902,100,100157,100,99897,100,100162,100,99881,100,100180,100,99875,100,100450,100,99819,100,100694,100,99798,100
2019-06-28 09:46:05.889525097,100043,346,100019,346,100052,346,99999,378,100101,100,99972,100,100122,100,99938,100,100128,100,99902,100,100157,100,99897,100,100162,100,99881,100,100180,100,99875,100,100450,100,99819,100,100694,100,99798,100
2019-06-28 09:46:10.000000000,100043,346,100019,346,100052,346,99999,378,100101,100,99972,100,100122,100,99938,100,100128,100,99902,100,100157,100,99897,100,100162,100,99881,100,100180,100,99875,100,100450,100,99819,100,100694,100,99798,100
2019-06-28 09:46:12.892864315,100043,346,100019,346,100052,346,99999,378,100101,100,99972,100,100122,100,99938,100,100128,100,99902,100,100157,100,99897,100,100162,100,99875,100,100180,100,99819,100,100450,100,99798,100,100694,100,99784,100
2019-06-28 09:46:20.000000000,100043,199,100019,199,100052,199,99999,231,100101,199,99972,199,100122,199,99938,199,100128,199,99902,199,100157,100,99897,100,100162,100,99875,100,100180,100,99819,100,100450,100,99798,100,100694,100,99784,100
2019-06-28 09:46:22.807192339,100043,199,100019,199,100052,199,99999,231,100101,199,99972,199,100122,199,99938,199,100128,199,99902,199,100157,100,99897,100,100162,100,99875,100,100180,100,99819,100,100450,100,99798,100,100694,100,99784,100
2019-06-28 09:46:24.384338418,100043,99,100019,199,100052,199,99999,231,100101,199,99972,199,100122,199,99938,199,100128,199,99902,199,100157,100,99897,100,100162,100,99875,100,100180,100,99798,100,100450,100,99784,100,100694,100,99777,100
2019-06-28 09:46:30.000000000,100052,346,100019,346,100101,346,99999,378,100122,100,99972,100,100128,100,99938,100,100157,100,99902,100,100162,100,99897,100,100180,100,99875,100,100450,100,99798,100,100694,100,99784,100,101023,100,99777,100
2019-06-28 09:46:40.000000000,100052,268,100019,268,100101,263,99999,295,100122,263,99972,263,100128,100,99938,100,100157,100,99902,100,100162,100,99897,100,100180,100,99875,100,100450,100,99798,100,100694,100,99784,100,101023,100,99777,100
2019-06-28 09:46:50.000000000,100052,268,100019,268,100101,263,99999,295,100122,263,99972,263,100128,100,99938,100,100157,100,99902,100,100162,100,99897,100,100180,100,99875,100,100450,100,99798,100,100694,100,99784,100,101023,100,99777,100
2019-06-28 09:46:54.877703716,100052,268,100019,268,100101,263,99999,295,100122,263,99972,263,100128,100,99938,100,100157,100,99902,100,100162,100,99897,100,100180,100,99875,100,100450,100,99798,100,100694,100,99784,100,101023,100,99777,100
2019-06-28 09:46:59.806638259,100052,268,100019,268,100101,263,99999,295,100122,263,99972,263,100128,100,99938,100,100157,100,99902,100,100162,100,99897,100,100180,100,99875,100,100450,100,99798,100,100694,100,99784,100,100797,100,99777,100
2019-06-28 09:47:00.000000000,100052,223,100019,223,100101,223,99999,255,100122,223,99972,223,100128,223,99938,223,100157,100,99902,100,100162,100,99897,100,100180,100,99875,100,100450,100,99798,100,100694,100,99784,100,100797,100,99777,100
2019-06-28 09:47:04.075835787,100052,223,100019,223,100101,223,99999,223,100122,223,99972,223,100128,223,99938,223,100157,100,99902,100,100162,100,99897,100,100180,100,99875,100,100450,100,99798,100,100694,100,99784,100,100797,100,99777,100
2019-06-28 09:47:10.000000000,100052,593,100019,593,100101,100,99999,100,100122,100,99972,100,100128,100,99938,100,100157,100,99902,100,100162,100,99897,100,100180,100,99875,100,100450,100,99798,100,100694,100,99784,100,100797,100,99777,100
2019-06-28 09:47:13.167306247,100052,593,100019,593,100101,100,99999,100,100122,100,99972,100,100128,100,99938,100,100157,100,99902,100,100162,100,99897,100,100180,100,99875,100,100450,100,99798,100,100694,100,99784,100,100797,100,99777,100
2019-06-28 09:47:19.503349912,100052,493,100019,593,100101,100,99999,100,100122,100,99972,100,100128,100,99938,100,100157,100,99902,100,100162,100,99897,100,100180,100,99875,100,100450,100,99798,100,100694,100,99784,100,100797,100,99777,100
2019-06-28 09:47:20.000000000,100101,268,100019,268,100122,263,99999,263,100128,263,99972,263,100157,100,99938,100,100162,100,99902,100,100180,100,99897,100,100450,100,99875,100,100694,100,99798,100,100797,100,99784,100,100973,100,99777,100
2019-06-28 09:47:30.000000000,100101,223,100019,223,100122,223,99999,223,100128,223,99972,223,100157,223,99938,223,100162,100,99902,100,100180,100,99897,100,100450,100,99875,100,100694,100,99798,100,100797,100,99784,100,100973,100,99777,100
2019-06-28 09:47:40.000000000,100101,593,100019,593,100122,100,99999,100,100128,100,99972,100,100157,100,99938,100,100162,100,99902,100,100180,100,99897,100,100450,100,99875,100,100694,100,99798,100,100797,100,99784,100,100973,100,99777,100
2019-06-28 09:47:50.000000000,100101,199,100019,199,100122,199,99999,199,100128,199,99972,199,100157,199,99938,199,100162,199,99902,199,100180,100,99897,100,100450,100,99875,100,100694,100,99798,100,100797,100,99784,100,100973,100,99777,100
2019-06-28 09:47:55.241645459,100101,199,100043,100,100122,199,100019,199,100128,199,99999,199,100157,199,99972,199,100162,199,99938,199,100180,100,99902,199,100450,100,99897,100,100694,100,99875,100,100797,100,99798,100,100973,100,99784,100
2019-06-28 09:48:00.000000000,100101,346,100043,346,100122,346,100019,346,100128,100,99999,100,100157,100,99972,100,100162,100,99938,100,100180,100,99902,100,100450,100,99897,100,100694,100,99875,100,100797,100,99798,100,100973,100,99784,100
2019-06-28 09:48:06.902145089,100101,346,100043,346,100122,346,100019,346,100128,100,99999,100,100157,100,99972,100,100162,100,99938,100,100180,100,99902,100,100450,100,99897,100,100694,100,99875,100,100797,100,99798,100,100973,100,99784,100
2019-06-28 09:48:10.000000000,100101,223,100043,223,100122,223,100019,223,100128,223,99999,223,100157,223,99972,223,100162,100,99938,100,100180,100,99902,100,100450,100,99897,100,100694,100,99875,100,100797,100,99798,100,100973,100,99784,100
2019-06-28 09:48:14.506827665,100101,223,100043,223,100122,223,100019,223,100128,223,99999,223,100157,223,99972,223,100162,100,99938,100,100180,100,99902,100,100450,100,99897,100,100694,100,99875,100,100797,100,99798,100,100973,100,99784,100
2019-06-28 09:48:14.904563958,100101,223,100043,223,100122,223,100019,223,100128,223,99999,223,100157,223,99972,223,100162,100,99938,100,100180,100,99902,100,100450,100,99897,100,100694,100,99875,100,100797,100,99798,100,100973,100,99777,100
2019-06-28 09:48:17.112888848,100101,223,100043,223,100122,223,100019,223,100128,223,99999,223,100157,223,99972,223,100162,100,99938,100,100180,100,99902,100,100450,100,99897,100,100694,100,99875,100,100797,100,99798,100,100973,100,99777,100
2019-06-28 09:48:20.000000000,100101,268,100043,268,100122,263,100019,263,100128,263,99999,263,100157,100,99972,100,100162,100,99938,100,100180,100,99902,100,100450,100,99897,100,100694,100,99875,100,100797,100,99798,100,100973,100,99777,100
2019-06-28 09:48:30.000000000,100101,268,100043,268,100122,263,100019,263,100128,263,99999,263,100157,100,99972,100,100162,100,99938,100,100180,100,99902,100,100450,100,99897,100,100694,100,99875,100,100797,100,99798,100,100973,100,99777,100
2019-06-28 09:48:40.000000000,100101,346,100043,346,100122,346,100019,346,100128,100,99999,100,100157,100,99972,100,100162,100,99938,100,100180,100,99902,100,100450,100,99897,100,100694,100,99875,100,100797,100,99798,100,100973,100,99777,100
2019-06-28 09:48:41.819775535,100101,346,100043,346,100122,346,100019,346,100128,100,99999,100,100157,100,99972,100,100162,100,99938,100,100180,100,99902,100,100694,100,99897,100,100797,100,99875,100,100828,100,99798,100,100973,100,99777,100
2019-06-28 09:48:50.000000000,100101,199,100043,199,100122,199,100019,199,100128,199,99999,199,100157,199,99972,199,100162,199,99938,199,100180,100,99902,100,100694,100,99897,100,100797,100,99875,100,100828,100,99798,100,100973,100,99777,100
2019-06-28 09:49:00.000000000,100101,199,100043,199,100122,199,100019,199,100128,199,99999,199,100157,199,99972,199,100162,199,99938,199,100180,100,99902,100,100694,100,99897,100,100797,100,99875,100,100828,100,99798,100,100973,100,99777,100
2019-06-28 09:49:04.866605617,100101,199,100043,299,100122,199,100019,199,100128,199,99999,199,100157,199,99972,199,100162,199,99938,199,100180,100,99902,100,100694,100,99897,100,100797,100,99875,100,100828,100,99798,100,100973,100,99777,100
2019-06-28 09:49:06.497597220,100101,199,100043,399,100122,199,100019,199,100128,199,99999,199,100157,199,99972,199,100162,199,99938,199,100180,100,99902,100,100694,100,99897,100,100797,100,99875,100,100828,100,99798,100,100973,100,99777,100
2019-06-28 09:49:10.000000000,100101,223,100043,423,100122,223,100019,223,100128,223,99999,223,100157,223,99972,223,100162,100,99938,100,100180,100,99902,100,100694,100,99897,100,100797,100,99875,100,100828,100,99798,100,100973,100,99777,100
2019-06-28 09:49:18.766197424,100101,223,100043,423,100122,223,100019,223,100128,223,99999,223,100157,223,99972,223,100162,100,99938,100,100694,100,99902,100,100787,100,99897,100,100797,100,99875,100,100828,100,99798,100,100973,100,99777,100
2019-06-28 09:49:20.000000000,100101,268,100043,468,100122,263,100019,263,100128,263,99999,263,100157,100,99972,100,100162,100,99938,100,100694,100,99902,100,100787,100,99897,100,100797,100,99875,100,100828,100,99798,100,100973,100,99777,100
2019-06-28 09:49:29.582642914,100101,168,100043,468,100122,263,100019,263,100128,263,99999,263,100157,100,99972,100,100162,100,99938,100,100694,100,99902,100,100787,100,99897,100,100797,100,99875,100,100828,100,99798,100,100973,100,99777,100
2019-06-28 09:49:30.000000000,100122,223,100043,423,100128,223,100019,223,100157,223,99999,223,100162,223,99972,223,100694,100,99938,100,100787,100,99902,100,100797,100,99897,100,100828,100,99875,100,100973,100,99798,100,101023,100,99777,100
2019-06-28 09:49:40.000000000,100122,346,100043,546,100128,346,100019,346,100157,100,99999,100,100162,100,99972,100,100694,100,99938,100,100787,100,99902,100,100797,100,99897,100,100828,100,99875,100,100973,100,99798,100,101023,100,99777,100
2019-06-28 09:49:50.000000000,100122,268,100043,468,100128,263,100019,263,100157,263,99999,263,100162,100,99972,100,100694,100,99938,100,100787,100,99902,100,100797,100,99897,100,100828,100,99875,100,100973,100,99798,100,101023,100,99777,100
2019-06-28 09:50:00.000000000,100122,593,100043,793,100128,100,100019,100,100157,100,99999,100,100162,100,99972,100,100694,100,99938,100,100787,100,99902,100,100797,100,99897,100,100828,100,99875,100,100973,100,99798,100,101023,100,99777,100
2019-06-28 09:50:10.000000000,100122,223,100043,423,100128,223,100019,223,100157,223,99999,223,100162,223,99972,223,100694,100,99938,100,100787,100,99902,100,100797,100,99897,100,100828,100,99875,100,100973,100,99798,100,101023,100,99777,100
2019-06-28 09:50:20.000000000,100122,346,100043,546,100128,346,100019,346,100157,100,99999,100,100162,100,99972,100,100694,100,99938,100,100787,100,99902,100,100797,100,99897,100,100828,100,99875,100,100973,100,99798,100,101023,100,99777,100
2019-06-28 09:50:21.460719084,100122,346,100043,546,100128,346,100019,346,100157,100,99999,100,100162,100,99972,100,100694,100,99938,100,100787,100,99902,100,100797,100,99897,100,100828,100,99875,100,100973,100,99798,100,101023,100,99777,100
2019-06-28 09:50:30.000000000,100122,593,100043,793,100128,100,100019,100,100157,100,99999,100,100162,100,99972,100,100694,100,99938,100,100787,100,99902,100,100797,100,99897,100,100828,100,99875,100,100973,100,99798,100,101023,100,99777,100
2019-06-28 09:50:38.365667271,100122,593,100043,793,100128,100,100019,100,100157,100,99999,100,100162,100,99972,100,100694,100,99938,100,100787,100,99902,100,100797,100,99897,100,100828,100,99875,100,100973,100,99798,100,101023,100,99777,100
2019-06-28 09:50:40.000000000,100122,223,100043,423,100128,223,100019,223,100157,223,99999,223,100162,223,99972,223,100694,100,99938,100,100787,100,99902,100,100797,100,99897,100,100828,100,99875,100,100973,100,99798,100,101023,100,99777,100
2019-06-28 09:50:50.000000000,100122,199,100043,399,100128,199,100019,199,100157,199,99999,199,100162,199,99972,199,100694,199,99938,199,100787,100,99902,100,100797,100,99897,100,100828,100,99875,100,100973,100,99798,100,101023,100,99777,100
2019-06-28 09:50:52.001927975,100122,199,100043,399,100128,199,100019,199,100157,199,99999,199,100162,199,99972,199,100694,199,99938,199,100787,100,99902,100,100797,100,99897,100,100828,100,99875,100,100973,100,99798,100,101023,100,99777,100
2019-06-28 09:50:57.457092032,100122,99,100043,399,100128,199,100019,199,100157,199,99999,199,100162,199,99972,199,100694,199,99938,199,100787,100,99902,100,100797,100,99897,100,100828,100,99875,100,100973,100,99798,100,101023,100,99777,100
2019-06-28 09:51:00.000000000,100128,223,100043,423,100157,223,100019,223,100162,223,99999,223,100694,223,99972,223,100787,100,99938,100,100797,100,99902,100,100828,100,99897,100,100973,100,99875,100,101023,100,99798,100,101035,100,99777,100
2019-06-28 09:51:10.000000000,100128,223,100043,423,100157,223,100019,223,100162,223,99999,223,100694,223,99972,223,100787,100,99938,100,100797,100,99902,100,100828,100,99897,100,100973,100,99875,100,101023,100,99798,100,101035,100,99777,100
2019-06-28 09:51:20.000000000,100128,199,100043,399,100157,199,100019,199,100162,199,99999,199,100694,199,99972,199,100787,199,99938,199,100797,100,99902,100,100828,100,99897,100,100973,100,99875,100,101023,100,99798,100,101035,100,99777,100
2019-06-28 09:51:30.000000000,100128,199,100043,399,100157,199,100019,199,100162,199,99999,199,100694,199,99972,199,100787,199,99938,199,100797,100,99902,100,100828,100,99897,100,100973,100,99875,100,101023,100,99798,100,101035,100,99777,100
2019-06-28 09:51:40.000000000,100128,223,100043,423,100157,223,100019,223,100162,223,99999,223,100694,223,99972,223,100787,100,99938,100,100797,100,99902,100,100828,100,99897,100,100973,100,99875,100,101023,100,99798,100,101035,100,99777,100
2019-06-28 09:51:44.087633481,100128,223,100043,423,100157,223,100019,223,100162,223,99999,223,100694,223,99972,223,100787,100,99938,100,100797,100,99902,100,100828,100,99897,100,100864,100,99875,100,100973,100,99798,100,101023,100,99777,100
2019-06-28 09:51:50.000000000,100128,268,100043,468,100157,263,100019,263,100162,263,99999,263,100694,100,99972,100,100787,100,99938,100,100797,100,99902,100,100828,100,99897,100,100864,100,99875,100,100973,100,99798,100,101023,100,99777,100
2019-06-28 09:51:59.672107323,100128,268,100043,468,100157,263,100019,263,100162,263,99999,263,100646,100,99972,100,100694,100,99938,100,100787,100,99902,100,100797,100,99897,100,100828,100,99798,100,100864,100,99777,100,100973,100,99007,100
2019-06-28 09:51:59.968237922,100128,268,100101,100,100157,263,100043,468,100162,263,100019,263,100646,100,99999,263,100694,100,99972,100,100787,100,99938,100,100797,100,99902,100,100828,100,99897,100,100864,100,99798,100,100973,100,99777,100
2019-06-28 09:52:00.000000000,100128,268,100101,268,100157,263,100043,463,100162,263,100019,263,100646,100,99999,100,100694,100,99972,100,100787,100,99938,100,100797,100,99902,100,100828,100,99897,100,100864,100,99798,100,100973,100,99777,100
2019-06-28 09:52:10.000000000,100128,346,100101,346,100157,346,100043,546,100162,100,100019,100,100646,100,99999,100,100694,100,99972,100,100787,100,99938,100,100797,100,99902,100,100828,100,99897,100,100864,100,99798,100,100973,100,99777,100
2019-06-28 09:52:11.269733898,100128,246,100101,346,100157,346,100043,546,100162,100,100019,100,100646,100,99999,100,100694,100,99972,100,100787,100,99938,100,100797,100,99902,100,100828,100,99897,100,100864,100,99798,100,100973,100,99777,100
2019-06-28 09:52:20.000000000,100157,199,100101,199,100162,199,100043,399,100646,199,100019,199,100694,199,99999,199,100787,199,99972,199,100797,100,99938,100,100828,100,99902,100,100864,100,99897,100,100973,100,99798,100,101023,100,99777,100
2019-06-28 09:52:21.289237673,100157,199,100101,199,100162,199,100043,399,100646,199,100019,199,100694,199,99999,199,100787,199,99972,199,100791,100,99938,100,100797,100,99902,100,100828,100,99897,100,100864,100,99798,100,100973,100,99777,100
2019-06-28 09:52:30.000000000,100157,268,100101,268,100162,263,100043,463,100646,263,100019,263,100694,100,99999,100,100787,100,99972,100,100791,100,99938,100,100797,100,99902,100,100828,100,99897,100,100864,100,99798,100,100973,100,99777,100
2019-06-28 09:52:40.000000000,100157,346,100101,346,100162,346,100043,546,100646,100,100019,100,100694,100,99999,100,100787,100,99972,100,100791,100,99938,100,100797,100,99902,100,100828,100,99897,100,100864,100,99798,100,100973,100,99777,100
2019-06-28 09:52:49.009439576,100157,246,100101,346,100162,346,100043,546,100646,100,100019,100,100694,100,99999,100,100787,100,99972,100,100791,100,99938,100,100797,100,99902,100,100864,100,99897,100,100973,100,99798,100,101023,100,99777,100
2019-06-28 09:52:50.000000000,100162,223,100101,223,100646,223,100043,423,100694,223,100019,223,100787,223,99999,223,100791,100,99972,100,100797,100,99938,100,100864,100,99902,100,100973,100,99897,100,101023,100,99798,100,101035,100,99777,100
2019-06-28 09:52:50.768263536,100162,123,100101,223,100646,123,100043,423,100694,223,100019,223,100787,223,99999,223,100791,100,99972,100,100797,100,99938,100,100864,100,99902,100,100973,100,99897,100,101023,100,99798,100,101035,100,99777,100
2019-06-28 09:53:00.000000000,100694,268,100101,268,100787,263,100043,463,100791,263,100019,263,100797,100,99999,100,100864,100,99972,100,100973,100,99938,100,101023,100,99902,100,101035,100,99897,100,101041,100,99798,100,101058,100,99777,100
2019-06-28 09:53:10.000000000,100694,199,100101,199,100787,199,100043,399,100791,199,100019,199,100797,199,99999,199,100864,199,99972,199,100973,100,99938,100,101023,100,99902,100,101035,100,99897,100,101041,100,99798,100,101058,100,99777,100
2019-06-28 09:53:20.000000000,100694,199,100101,199,100787,199,100043,399,100791,199,100019,199,100797,199,99999,199,100864,199,99972,199,100973,100,99938,100,101023,100,99902,100,101035,100,99897,100,101041,100,99798,100,101058,100,99777,100
2019-06-28 09:53:27.368993161,100694,199,100157,100,100787,199,100101,199,100791,199,100043,299,100797,199,100019,199,100864,199,99999,199,100973,100,99972,199,101023,100,99938,100,101035,100,99902,100,101041,100,99897,100,101058,100,99798,100
2019-06-28 09:53:27.917529912,100489,100,100157,100,100694,199,100101,199,100787,199,100043,299,100791,199,100019,199,100797,199,99999,199,100864,199,99972,199,100973,100,99938,100,101023,100,99902,100,101035,100,99897,100,101041,100,99798,100
2019-06-28 09:53:30.000000000,100489,223,100157,223,100694,223,100101,223,100787,223,100043,323,100791,223,100019,223,100797,100,99999,100,100864,100,99972,100,100973,100,99938,100,101023,100,99902,100,101035,100,99897,100,101041,100,99798,100
2019-06-28 09:53:33.028258754,100489,223,100157,223,100599,100,100101,223,100694,223,100043,323,100787,223,100019,223,100791,223,99999,100,100797,100,99972,100,100864,100,99938,100,100973,100,99902,100,101023,100,99897,100,101035,100,99798,100
2019-06-28 09:53:40.000000000,100489,346,100157,346,100599,346,100101,346,100694,100,100043,200,100787,100,100019,100,100791,100,99999,100,100797,100,99972,100,100864,100,99938,100,100973,100,99902,100,101023,100,99897,100,101035,100,99798,100
2019-06-28 09:53:42.340782594,100489,346,100157,446,100599,346,100101,346,100694,100,100043,200,100787,100,100019,100,100791,100,99999,100,100797,100,99972,100,100864,100,99938,100,100973,100,99902,100,101023,100,99897,100,101035,100,99798,100
2019-06-28 09:53:44.353000864,100489,346,100157,446,100494,100,100101,346,100599,346,100043,200,100694,100,100019,100,100787,100,99999,100,100791,100,99972,100,100797,100,99938,100,100864,100,99902,100,100973,100,99897,100,101023,100,99798,100
2019-06-28 09:53:46.808067343,100489,346,100157,446,100494,100,100137,100,100599,346,100101,346,100694,100,100043,200,100787,100,100019,100,100791,100,99999,100,100797,100,99972,100,100864,100,99938,100,100973,100,99902,100,101023,100,99897,100
2019-06-28 09:53:49.267853990,100489,346,100157,446,100494,100,100137,100,100599,346,100101,346,100670,100,100043,200,100694,100,100019,100,100787,100,99999,100,100791,100,99972,100,100797,100,99938,100,100864,100,99902,100,100973,100,99897,100
2019-06-28 09:53:50.000000000,100489,268,100157,368,100494,263,100137,263,100599,263,100101,263,100670,100,100043,200,100694,100,100019,100,100787,100,99999,100,100791,100,99972,100,100797,100,99938,100,100864,100,99902,100,100973,100,99897,100
2019-06-28 09:54:00.000000000,100489,199,100157,299,100494,199,100137,199,100599,199,100101,199,100670,199,100043,299,100694,199,100019,199,100787,100,99999,100,100791,100,99972,100,100797,100,99938,100,100864,100,99902,100,100973,100,99897,100
2019-06-28 09:54:10.000000000,100489,268,100157,368,100494,263,100137,263,100599,263,100101,263,100670,100,100043,200,100694,100,100019,100,100787,100,99999,100,100791,100,99972,100,100797,100,99938,100,100864,100,99902,100,100973,100,99897,100
2019-06-28 09:54:20.000000000,100489,223,100157,323,100494,223,100137,223,100599,223,100101,223,100670,223,100043,323,100694,100,100019,100,100787,100,99999,100,100791,100,99972,100,100797,100,99938,100,100864,100,99902,100,100973,100,99897,100
2019-06-28 09:54:21.897083374,100489,223,100157,223,100494,223,100137,223,100599,223,100101,223,100670,223,100043,323,100694,100,100019,100,100787,100,99999,100,100791,100,99972,100,100797,100,99938,100,100864,100,99902,100,100973,100,99897,100
2019-06-28 09:54:28.930924321,100489,223,100157,223,100494,223,100137,223,100599,223,100101,223,100670,223,100043,323,100694,100,100019,100,100787,100,99999,100,100791,100,99972,100,100797,100,99902,100,100864,100,99897,100,100973,100,99872,100
2019-06-28 09:54:30.000000000,100489,346,100157,346,100494,346,100137,346,100599,100,100101,100,100670,100,100043,200,100694,100,100019,100,100787,100,99999,100,100791,100,99972,100,100797,100,99902,100,100864,100,99897,100,100973,100,99872,100
2019-06-28 09:54:40.000000000,100489,199,100157,199,100494,199,100137,199,100599,199,100101,199,100670,199,100043,299,100694,199,100019,199,100787,100,99999,100,100791,100,99972,100,100797,100,99902,100,100864,100,99897,100,100973,100,99872,100
2019-06-28 09:54:50.000000000,100489,223,100157,223,100494,223,100137,223,100599,223,100101,223,100670,223,100043,323,100694,100,100019,100,100787,100,99999,100,100791,100,99972,100,100797,100,99902,100,100864,100,99897,100,100973,100,99872,100
2019-06-28 09:54:56.693920397,100489,223,100157,123,100494,223,100137,223,100599,223,100101,223,100670,223,100043,323,100694,100,100019,100,100787,100,99999,100,100791,100,99902,100,100797,100,99897,100,100864,100,99872,100,100973,100,99798,100
2019-06-28 09:54:59.578542333,100489,223,100157,123,100494,223,100137,223,100599,223,100101,223,100670,223,100043,323,100694,100,100019,100,100787,100,100018,100,100791,100,99999,100,100797,100,99902,100,100864,100,99872,100,100973,100,99798,100
2019-06-28 09:55:00.000000000,100489,223,100137,223,100494,223,100101,223,100599,223,100043,323,100670,223,100019,223,100694,100,100018,100,100787,100,99999,100,100791,100,99902,100,100797,100,99872,100,100864,100,99798,100,100973,100,99777,100
2019-06-28 09:55:10.000000000,100489,346,100137,346,100494,346,100101,346,100599,100,100043,200,100670,100,100019,100,100694,100,100018,100,100787,100,99999,100,100791,100,99902,100,100797,100,99872,100,100864,100,99798,100,100973,100,99777,100
2019-06-28 09:55:18.666242260,100489,346,100137,246,100494,346,100101,346,100599,100,100043,200,100670,100,100019,100,100694,100,100018,100,100787,100,99999,100,100791,100,99902,100,100797,100,99872,100,100864,100,99798,100,100973,100,99777,100
2019-06-28 09:55:20.000000000,100489,199,100101,199,100494,199,100043,299,100599,199,100019,199,100670,199,100018,199,100694,199,99999,199,100787,100,99902,100,100791,100,99872,100,100797,100,99798,100,100864,100,99777,100,100973,100,99007,100
2019-06-28 09:55:26.864536678,100489,199,100101,199,100494,199,100043,299,100599,199,100019,199,100670,199,100018,199,100694,199,99999,199,100787,100,99902,100,100791,100,99872,100,100797,100,99798,100,100864,100,99777,100,100973,100,99703,100
2019-06-28 09:55:30.000000000,100489,223,100101,223,100494,223,100043,323,100599,223,100019,223,100670,223,100018,223,100694,100,99999,100,100787,100,99902,100,100791,100,99872,100,100797,100,99798,100,100864,100,99777,100,100973,100,99703,100
2019-06-28 09:55:40.000000000,100489,223,100101,223,100494,223,100043,323,100599,223,100019,223,100670,223,100018,223,100694,100,99999,100,100787,100,99902,100,100791,100,99872,100,100797,100,99798,100,100864,100,99777,100,100973,100,99703,100
2019-06-28 09:55:50.000000000,100489,268,100101,268,100494,263,100043,363,100599,263,100019,263,100670,100,100018,100,100694,100,99999,100,100787,100,99902,100,100791,100,99872,100,100797,100,99798,100,100864,100,99777,100,100973,100,99703,100
2019-06-28 09:56:00.000000000,100489,223,100101,223,100494,223,100043,323,100599,223,100019,223,100670,223,100018,223,100694,100,99999,100,100787,100,99902,100,100791,100,99872,100,100797,100,99798,100,100864,100,99777,100,100973,100,99703,100
2019-06-28 09:56:10.000000000,100489,268,100101,268,100494,263,100043,363,100599,263,100019,263,100670,100,100018,100,100694,100,99999,100,100787,100,99902,100,100791,100,99872,100,100797,100,99798,100,100864,100,99777,100,100973,100,99703,100
2019-06-28 09:56:20.000000000,100489,223,100101,223,100494,223,100043,323,100599,223,100019,223,100670,223,100018,223,100694,100,99999,100,100787,100,99902,100,100791,100,99872,100,100797,100,99798,100,100864,100,99777,100,100973,100,99703,100
2019-06-28 09:56:30.000000000,100489,199,100101,199,100494,199,100043,299,100599,199,100019,199,100670,199,100018,199,100694,199,99999,199,100787,100,99902,100,100791,100,99872,100,100797,100,99798,100,100864,100,99777,100,100973,100,99703,100
2019-06-28 09:56:30.338064241,100489,199,100101,199,100494,199,100043,299,100599,199,100019,199,100670,199,100018,199,100694,199,99999,199,100787,100,99902,100,100791,100,99878,100,100797,100,99872,100,100864,100,99798,100,100973,100,99777,100
2019-06-28 09:56:40.000000000,100489,268,100101,268,100494,263,100043,363,100599,263,100019,263,100670,100,100018,100,100694,100,99999,100,100787,100,99902,100,100791,100,99878,100,100797,100,99872,100,100864,100,99798,100,100973,100,99777,100
2019-06-28 09:56:50.000000000,100489,268,100101,268,100494,263,100043,363,100599,263,100019,263,100670,100,100018,100,100694,100,99999,100,100787,100,99902,100,100791,100,99878,100,100797,100,99872,100,100864,100,99798,100,100973,100,99777,100
2019-06-28 09:57:00.000000000,100489,346,100101,346,100494,346,100043,446,100599,100,100019,100,100670,100,100018,100,100694,100,99999,100,100787,100,99902,100,100791,100,99878,100,100797,100,99872,100,100864,100,99798,100,100973,100,99777,100
2019-06-28 09:57:10.000000000,100489,268,100101,268,100494,263,100043,363,100599,263,100019,263,100670,100,100018,100,100694,100,99999,100,100787,100,99902,100,100791,100,99878,100,100797,100,99872,100,100864,100,99798,100,100973,100,99777,100
2019-06-28 09:57:20.000000000,100489,346,100101,346,100494,346,100043,446,100599,100,100019,100,100670,100,100018,100,100694,100,99999,100,100787,100,99902,100,100791,100,99878,100,100797,100,99872,100,100864,100,99798,100,100973,100,99777,100
2019-06-28 09:57:30.000000000,100489,346,100101,346,100494,346,100043,446,100599,100,100019,100,100670,100,100018,100,100694,100,99999,100,100787,100,99902,100,100791,100,99878,100,100797,100,99872,100,100864,100,99798,100,100973,100,99777,100
2019-06-28 09:57:40.000000000,100489,223,100101,223,100494,223,100043,323,100599,223,100019,223,100670,223,100018,223,100694,100,99999,100,100787,100,99902,100,100791,100,99878,100,100797,100,99872,100,100864,100,99798,100,100973,100,99777,100
2019-06-28 09:57:44.467486239,100489,223,100460,100,100494,223,100101,223,100599,223,100043,323,100670,223,100019,223,100694,100,100018,223,100787,100,99999,100,100791,100,99902,100,100797,100,99878,100,100864,100,99872,100,100973,100,99798,100
2019-06-28 09:57:44.814065356,100489,223,100460,100,100494,223,100158,100,100599,223,100101,123,100670,223,100043,323,100694,100,100019,223,100787,100,100018,223,100791,100,99999,100,100797,100,99902,100,100864,100,99878,100,100973,100,99872,100
2019-06-28 09:57:50.000000000,100489,199,100460,199,100494,199,100158,199,100599,199,100043,299,100670,199,100019,199,100694,199,100018,199,100787,100,99999,100,100791,100,99902,100,100797,100,99878,100,100864,100,99872,100,100973,100,99798,100
2019-06-28 09:57:55.001646557,100489,199,100460,199,100494,199,100158,199,100599,199,100043,299,100670,199,100019,199,100694,199,100018,199,100754,100,99999,100,100787,100,99902,100,100791,100,99878,100,100797,100,99872,100,100864,100,99798,100
2019-06-28 09:58:00.000000000,100489,199,100460,199,100494,199,100158,199,100599,199,100043,299,100670,199,100019,199,100694,199,100018,199,100754,100,99999,100,100787,100,99902,100,100791,100,99878,100,100797,100,99872,100,100864,100,99798,100
2019-06-28 09:58:06.420689159,100489,199,100460,199,100494,199,100324,100,100599,199,100158,199,100670,199,100043,299,100694,199,100019,199,100754,100,100018,199,100787,100,99999,100,100791,100,99902,100,100797,100,99878,100,100864,100,99872,100
2019-06-28 09:58:10.000000000,100489,593,100460,593,100494,100,100324,100,100599,100,100158,100,100670,100,100043,200,100694,100,100019,100,100754,100,100018,100,100787,100,99999,100,100791,100,99902,100,100797,100,99878,100,100864,100,99872,100
2019-06-28 09:58:10.476015069,100489,593,100460,593,100494,100,100361,100,100599,100,100324,100,100670,100,100158,100,100694,100,100043,200,100754,100,100019,100,100787,100,100018,100,100791,100,99999,100,100797,100,99902,100,100864,100,99872,100
2019-06-28 09:58:20.000000000,100489,199,100460,199,100494,199,100361,199,100599,199,100324,199,100670,199,100158,199,100694,199,100043,299,100754,100,100019,100,100787,100,100018,100,100791,100,99999,100,100797,100,99902,100,100864,100,99872,100
2019-06-28 09:58:30.000000000,100489,346,100460,346,100494,346,100361,346,100599,100,100324,100,100670,100,100158,100,100694,100,100043,200,100754,100,100019,100,100787,100,100018,100,100791,100,99999,100,100797,100,99902,100,100864,100,99872,100
2019-06-28 09:58:40.000000000,100489,268,100460,268,100494,263,100361,263,100599,263,100324,263,100670,100,100158,100,100694,100,100043,200,100754,100,100019,100,100787,100,100018,100,100791,100,99999,100,100797,100,99902,100,100864,100,99872,100
2019-06-28 09:58:41.531908415,100489,268,100460,268,100494,263,100361,263,100599,263,100324,263,100670,100,100158,200,100694,100,100043,100,100754,100,100019,100,100787,100,100018,100,100791,100,99999,100,100797,100,99902,100,100864,100,99872,100
2019-06-28 09:58:50.000000000,100489,268,100460,268,100494,263,100361,263,100599,263,100324,263,100670,100,100158,200,100694,100,100043,100,100754,100,100019,100,100787,100,100018,100,100791,100,99999,100,100797,100,99902,100,100864,100,99872,100
2019-06-28 09:58:52.828201571,100489,268,100460,168,100494,263,100361,263,100599,263,100324,263,100670,100,100158,200,100694,100,100043,100,100754,100,100019,100,100787,100,100018,100,100791,100,99999,100,100797,100,99902,100,100864,100,99872,100
2019-06-28 09:59:00.000000000,100489,593,100361,593,100494,100,100324,100,100599,100,100158,200,100670,100,100043,100,100694,100,100019,100,100754,100,100018,100,100787,100,99999,100,100791,100,99902,100,100797,100,99872,100,100864,100,99798,100
2019-06-28 09:59:01.940402011,100489,593,100361,593,100494,100,100324,100,100599,100,100158,200,100670,100,100079,100,100694,100,100043,100,100754,100,100019,100,100787,100,100018,100,100791,100,99999,100,100797,100,99902,100,100864,100,99872,100
2019-06-28 09:59:08.741782796,100365,100,100361,593,100489,593,100324,100,100494,100,100158,200,100599,100,100079,100,100670,100,100043,100,100694,100,100019,100,100754,100,100018,100,100787,100,99999,100,100791,100,99902,100,100797,100,99872,100
2019-06-28 09:59:10.000000000,100365,223,100361,223,100489,223,100324,223,100494,223,100158,323,100599,223,100079,223,100670,100,100043,100,100694,100,100019,100,100754,100,100018,100,100787,100,99999,100,100791,100,99902,100,100797,100,99872,100
2019-06-28 09:59:10.323773764,100365,223,100361,123,100489,223,100324,223,100494,223,100158,323,100599,223,100079,223,100670,100,100043,100,100694,100,100019,100,100754,100,100018,100,100787,100,99999,100,100791,100,99902,100,100797,100,99872,100
2019-06-28 09:59:15.880580805,100365,223,100361,23,100489,223,100324,223,100494,223,100158,323,100599,223,100079,223,100670,100,100043,100,100694,100,100019,100,100754,100,100018,100,100787,100,99999,100,100791,100,99902,100,100797,100,99872,100
2019-06-28 09:59:20.000000000,100365,223,100324,223,100489,223,100158,323,100494,223,100079,223,100599,223,100043,223,100670,100,100019,100,100694,100,100018,100,100754,100,99999,100,100787,100,99902,100,100791,100,99872,100,100797,100,99798,100
2019-06-28 09:59:21.215699429,100365,223,100341,100,100489,223,100324,223,100494,223,100158,323,100599,223,100079,223,100670,100,100043,223,100694,100,100019,100,100754,100,100018,100,100787,100,99999,100,100791,100,99902,100,100797,100,99872,100
2019-06-28 09:59:27.971227845,100365,223,100341,100,100489,223,100324,223,100494,223,100158,323,100599,223,100079,223,100670,100,100043,223,100694,100,100041,100,100754,100,100019,100,100787,100,100018,100,100791,100,99999,100,100797,100,99872,100
2019-06-28 09:59:30.000000000,100365,223,100341,223,100489,223,100324,223,100494,223,100158,323,100599,223,100079,223,100670,100,100043,100,100694,100,100041,100,100754,100,100019,100,100787,100,100018,100,100791,100,99999,100,100797,100,99872,100
2019-06-28 09:59:35.614687363,100365,223,100341,123,100489,223,100324,223,100494,223,100158,323,100599,223,100079,223,100670,100,100043,100,100694,100,100041,100,100754,100,100019,100,100787,100,100018,100,100797,100,99999,100,100864,100,99872,100
2019-06-28 09:59:40.000000000,100365,346,100324,346,100489,346,100158,446,100494,100,100079,100,100599,100,100043,100,100670,100,100041,100,100694,100,100019,100,100754,100,100018,100,100787,100,99999,100,100797,100,99872,100,100864,100,99798,100
2019-06-28 09:59:47.247225538,100361,100,100324,346,100365,346,100158,446,100489,346,100079,100,100494,100,100043,100,100599,100,100041,100,100670,100,100019,100,100694,100,100018,100,100754,100,99999,100,100787,100,99872,100,100797,100,99798,100
2019-06-28 09:59:50.000000000,100361,268,100324,268,100365,263,100158,363,100489,263,100079,263,100494,100,100043,100,100599,100,100041,100,100670,100,100019,100,100694,100,100018,100,100754,100,99999,100,100787,100,99872,100,100797,100,99798,100
2019-06-28 09:59:50.020317636,100361,268,100324,168,100365,263,100158,363,100489,263,100079,263,100494,100,100043,100,100599,100,100041,100,100670,100,100019,100,100694,100,100018,100,100754,100,99999,100,100787,100,99872,100,100797,100,99798,100
2019-06-28 10:00:00.000000000,100361,346,100158,446,100365,346,100079,346,100489,100,100043,100,100494,100,100041,100,100599,100,100019,100,100670,100,100018,100,100694,100,99999,100,100754,100,99872,100,100787,100,99798,100,100797,100,99703,100
2019-06-28 10:00:10.000000000,100361,593,100158,693,100365,100,100079,100,100489,100,100043,100,100494,100,100041,100,100599,100,100019,100,100670,100,100018,100,100694,100,99999,100,100754,100,99872,100,100787,100,99798,100,100797,100,99703,100
2019-06-28 10:00:20.000000000,100361,346,100158,446,100365,346,100079,346,100489,100,100043,100,100494,100,100041,100,100599,100,100019,100,100670,100,100018,100,100694,100,99999,100,100754,100,99872,100,100787,100,99798,100,100797,100,99703,100
2019-06-28 10:00:21.460008264,100361,346,100330,100,100365,346,100158,446,100489,100,100079,346,100494,100,100043,100,100599,100,100041,100,100694,100,100019,100,100754,100,100018,100,100787,100,99999,100,100797,100,99872,100,100864,100,99798,100
2019-06-28 10:00:30.000000000,100361,346,100330,346,100365,346,100158,446,100489,100,100079,100,100494,100,100043,100,100599,100,100041,100,100694,100,100019,100,100754,100,100018,100,100787,100,99999,100,100797,100,99872,100,100864,100,99798,100
2019-06-28 10:00:40.000000000,100361,593,100330,593,100365,100,100158,200,100489,100,100079,100,100494,100,100043,100,100599,100,100041,100,100694,100,100019,100,100754,100,100018,100,100787,100,99999,100,100797,100,99872,100,100864,100,99798,100
2019-06-28 10:00:46.374125029,100361,593,100330,493,100365,100,100158,200,100489,100,100079,100,100494,100,100043,100,100599,100,100041,100,100694,100,100019,100,100754,100,100018,100,100787,100,99999,100,100797,100,99872,100,100864,100,99703,100
2019-06-28 10:00:47.793454495,100361,593,100330,393,100365,100,100158,200,100489,100,100079,100,100494,100,100043,100,100599,100,100041,100,100694,100,100019,100,100754,100,100018,100,100787,100,99999,100,100797,100,99872,100,100864,100,99703,100
2019-06-28 10:00:50.000000000,100361,223,100158,323,100365,223,100079,223,100489,223,100043,223,100494,223,100041,223,100599,100,100019,100,100694,100,100018,100,100754,100,99999,100,100787,100,99872,100,100797,100,99703,100,100864,100,99007,100
2019-06-28 10:00:59.165339893,100330,100,100158,323,100361,223,100079,223,100365,223,100043,223,100489,223,100041,223,100494,223,100018,100,100599,100,99999,100,100694,100,99872,100,100754,100,99703,100,100787,100,99007,100,100797,100,98296,100
2019-06-28 10:01:00.000000000,100330,199,100158,299,100361,199,100079,199,100365,199,100043,199,100489,199,100041,199,100494,199,100018,199,100599,100,99999,100,100694,100,99872,100,100754,100,99703,100,100787,100,99007,100,100797,100,98296,100
2019-06-28 10:01:10.000000000,100330,223,100158,323,100361,223,100079,223,100365,223,100043,223,100489,223,100041,223,100494,100,100018,100,100599,100,99999,100,100694,100,99872,100,100754,100,99703,100,100787,100,99007,100,100797,100,98296,100
2019-06-28 10:01:20.000000000,100330,593,100158,693,100361,100,100079,100,100365,100,100043,100,100489,100,100041,100,100494,100,100018,100,100599,100,99999,100,100694,100,99872,100,100754,100,99703,100,100787,100,99007,100,100797,100,98296,100
2019-06-28 10:01:30.000000000,100330,199,100158,299,100361,199,100079,199,100365,199,100043,199,100489,199,100041,199,100494,199,100018,199,100599,100,99999,100,100694,100,99872,100,100754,100,99703,100,100787,100,99007,100,100797,100,98296,100
2019-06-28 10:01:33.037266944,100330,99,100158,299,100361,199,100079,199,100365,199,100043,199,100489,199,100041,199,100494,199,100018,199,100599,100,99999,100,100694,100,99872,100,100754,100,99703,100,100787,100,99007,100,100797,100,98296,100
2019-06-28 10:01:40.000000000,100361,593,100158,693,100365,100,100079,100,100489,100,100043,100,100494,100,100041,100,100599,100,100018,100,100694,100,99999,100,100754,100,99872,100,100787,100,99703,100,100797,100,99007,100,100864,100,98296,100
2019-06-28 10:01:40.375096446,100361,593,100158,693,100489,100,100079,100,100494,100,100043,100,100599,100,100041,100,100694,100,100018,100,100754,100,99999,100,100787,100,99872,100,100797,100,99703,100,100839,100,99007,100,100864,100,98296,100
2019-06-28 10:01:47.405575876,100361,493,100158,693,100489,100,100079,100,100494,100,100043,100,100599,100,100041,100,100754,100,100018,100,100787,100,99999,100,100797,100,99872,100,100839,100,99703,100,100864,100,99007,100,100973,100,98296,100
2019-06-28 10:01:50.000000000,100489,346,100158,446,100494,346,100079,346,100599,100,100043,100,100754,100,100041,100,100787,100,100018,100,100797,100,99999,100,100839,100,99872,100,100864,100,99703,100,100973,100,99007,100,101023,100,98296,100
2019-06-28 10:01:52.515971600,100489,346,100158,446,100494,346,100079,346,100599,100,100043,100,100787,100,100041,100,100797,100,100018,100,100839,100,99999,100,100864,100,99872,100,100973,100,99703,100,101023,100,99007,100,101024,100,98296,100
2019-06-28 10:01:53.341556026,100489,346,100158,446,100494,346,100079,346,100599,100,100043,100,100787,100,100041,100,100797,100,100018,100,100833,100,99999,100,100839,100,99872,100,100864,100,99703,100,100973,100,99007,100,101023,100,98296,100
2019-06-28 10:02:00.000000000,100489,346,100158,446,100494,346,100079,346,100599,100,100043,100,100787,100,100041,100,100797,100,100018,100,100833,100,99999,100,100839,100,99872,100,100864,100,99703,100,100973,100,99007,100,101023,100,98296,100
2019-06-28 10:02:00.364943038,100489,346,100158,446,100494,346,100079,346,100599,100,100043,100,100787,100,100041,100,100797,100,100018,100,100833,100,99999,100,100839,100,99872,100,100864,100,99703,100,100917,100,99007,100,100973,100,98296,100
2019-06-28 10:02:10.000000000,100489,199,100158,299,100494,199,100079,199,100599,199,100043,199,100787,199,100041,199,100797,199,100018,199,100833,100,99999,100,100839,100,99872,100,100864,100,99703,100,100917,100,99007,100,100973,100,98296,100
2019-06-28 10:02:10.528576167,100489,199,100330,100,100494,199,100158,299,100599,199,100079,199,100787,199,100043,199,100797,199,100041,199,100833,100,100018,199,100839,100,99999,100,100864,100,99872,100,100917,100,99703,100,100973,100,99007,100
2019-06-28 10:02:20.000000000,100489,199,100330,199,100494,199,100158,299,100599,199,100079,199,100787,199,100043,199,100797,199,100041,199,100833,100,100018,100,100839,100,99999,100,100864,100,99872,100,100917,100,99703,100,100973,100,99007,100
2019-06-28 10:02:30.000000000,100489,223,100330,223,100494,223,100158,323,100599,223,100079,223,100787,223,100043,223,100797,100,100041,100,100833,100,100018,100,100839,100,99999,100,100864,100,99872,100,100917,100,99703,100,100973,100,99007,100
2019-06-28 10:02:34.230739179,100489,223,100330,323,100494,223,100158,323,100599,223,100079,223,100787,223,100043,223,100797,100,100041,100,100833,100,100018,100,100839,100,99999,100,100864,100,99872,100,100917,100,99703,100,100973,100,99007,100
2019-06-28 10:02:39.218822699,100489,223,100449,100,100494,223,100330,323,100599,223,100158,323,100787,223,100079,223,100797,100,100043,223,100833,100,100041,100,100839,100,100018,100,100864,100,99999,100,100917,100,99872,100,100973,100,99703,100
2019-06-28 10:02:40.000000000,100489,346,100449,346,100494,346,100330,446,100599,100,100158,200,100787,100,100079,100,100797,100,100043,100,100833,100,100041,100,100839,100,100018,100,100864,100,99999,100,100917,100,99872,100,100973,100,99703,100
2019-06-28 10:02:50.000000000,100489,199,100449,199,100494,199,100330,299,100599,199,100158,299,100787,199,100079,199,100797,199,100043,199,100833,100,100041,100,100839,100,100018,100,100864,100,99999,100,100917,100,99872,100,100973,100,99703,100
2019-06-28 10:02:58.617331681,100489,199,100449,199,100494,199,100330,299,100599,199,100158,299,100617,100,100079,99,100787,199,100043,199,100797,199,100041,100,100833,100,100018,100,100839,100,99999,100,100864,100,99872,100,100917,100,99703,100
2019-06-28 10:03:00.000000000,100489,268,100449,268,100494,263,100330,363,100599,263,100158,363,100617,100,100043,100,100787,100,100041,100,100797,100,100018,100,100833,100,99999,100,100839,100,99872,100,100864,100,99703,100,100917,100,99007,100
2019-06-28 10:03:10.000000000,100489,593,100449,593,100494,100,100330,200,100599,100,100158,200,100617,100,100043,100,100787,100,100041,100,100797,100,100018,100,100833,100,99999,100,100839,100,99872,100,100864,100,99703,100,100917,100,99007,100
2019-06-28 10:03:20.000000000,100489,268,100449,268,100494,263,100330,363,100599,263,100158,363,100617,100,100043,100,100787,100,100041,100,100797,100,100018,100,100833,100,99999,100,100839,100,99872,100,100864,100,99703,100,100917,100,99007,100
2019-06-28 10:03:30.000000000,100489,593,100449,593,100494,100,100330,200,100599,100,100158,200,100617,100,100043,100,100787,100,100041,100,100797,100,100018,100,100833,100,99999,100,100839,100,99872,100,100864,100,99703,100,100917,100,99007,100
2019-06-28 10:03:32.062247050,100489,593,100449,493,100494,100,100330,200,100599,100,100158,200,100617,100,100043,100,100787,100,100041,100,100797,100,100018,100,100833,100,99999,100,100839,100,99872,100,100864,100,99007,100,100917,100,98296,100
2019-06-28 10:03:40.000000000,100489,223,100330,323,100494,223,100158,323,100599,223,100043,223,100617,223,100041,223,100787,100,100018,100,100797,100,99999,100,100833,100,99872,100,100839,100,99007,100,100864,100,98296,100,100917,100,,
2019-06-28 10:03:50.000000000,100489,268,100330,368,100494,263,100158,363,100599,263,100043,263,100617,100,100041,100,100787,100,100018,100,100797,100,99999,100,100833,100,99872,100,100839,100,99007,100,100864,100,98296,100,100917,100,,
2019-06-28 10:03:57.834528150,100489,268,100330,368,100494,263,100158,363,100496,100,100043,263,100599,263,100041,100,100617,100,100018,100,100797,100,99999,100,100833,100,99872,100,100839,100,99007,100,100864,100,98296,100,100917,100,,
2019-06-28 10:04:00.000000000,100489,199,100330,299,100494,199,100158,299,100496,199,100043,199,100599,199,100041,199,100617,199,100018,199,100797,100,99999,100,100833,100,99872,100,100839,100,99007,100,100864,100,98296,100,100917,100,,
2019-06-28 10:04:10.000000000,100489,593,100330,693,100494,100,100158,200,100496,100,100043,100,100599,100,100041,100,100617,100,100018,100,100797,100,99999,100,100833,100,99872,100,100839,100,99007,100,100864,100,98296,100,100917,100,,
2019-06-28 10:04:12.654684658,100489,493,100330,693,100494,100,100158,200,100496,100,100066,100,100599,100,100043,100,100617,100,100041,100,100797,100,100018,100,100833,100,99999,100,100839,100,99872,100,100864,100,99007,100,100917,100,98296,100
2019-06-28 10:04:13.159902675,100489,493,100330,693,100494,100,100259,100,100496,100,100158,200,100599,100,100066,100,100617,100,100043,100,100797,100,100041,100,100833,100,100018,100,100839,100,99999,100,100864,100,99872,100,100917,100,99007,100
2019-06-28 10:04:14.920086020,100489,493,100330,693,100494,100,100268,100,100496,100,100259,100,100599,100,100158,200,100617,100,100066,100,100797,100,100043,100,100833,100,100041,100,100839,100,100018,100,100864,100,99999,100,100917,100,99872,100
2019-06-28 10:04:18.612982232,100489,493,100361,100,100494,100,100330,693,100496,100,100268,100,100599,100,100259,100,100617,100,100158,200,100797,100,100066,100,100833,100,100043,100,100839,100,100041,100,100864,100,100018,100,100917,100,99999,100
2019-06-28 10:04:20.000000000,100494,268,100361,268,100496,263,100330,363,100599,263,100268,263,100617,100,100259,100,100797,100,100158,200,100833,100,100066,100,100839,100,100043,100,100864,100,100041,100,100917,100,100018,100,100973,100,99999,100
2019-06-28 10:04:30.000000000,100494,268,100361,268,100496,263,100330,363,100599,263,100268,263,100617,100,100259,100,100797,100,100158,200,100833,100,100066,100,100839,100,100043,100,100864,100,100041,100,100917,100,100018,100,100973,100,99999,100
2019-06-28 10:04:40.000000000,100494,223,100361,223,100496,223,100330,323,100599,223,100268,223,100617,223,100259,223,100797,100,100158,200,100833,100,100066,100,100839,100,100043,100,100864,100,100041,100,100917,100,100018,100,100973,100,99999,100
2019-06-28 10:04:50.000000000,100494,199,100361,199,100496,199,100330,299,100599,199,100268,199,100617,199,100259,199,100797,199,100158,299,100833,100,100066,100,100839,100,100043,100,100864,100,100041,100,100917,100,100018,100,100973,100,99999,100
2019-06-28 10:04:52.442253049,100494,199,100450,100,100496,199,100361,199,100599,199,100330,299,100617,199,100268,199,100797,199,100259,199,100833,100,100158,299,100839,100,100066,100,100864,100,100043,100,100917,100,100041,100,100973,100,100018,100
2019-06-28 10:05:00.000000000,100494,199,100450,199,100496,199,100361,199,100599,199,100330,299,100617,199,100268,199,100797,199,100259,199,100833,100,100158,200,100839,100,100066,100,100864,100,100043,100,100917,100,100041,100,100973,100,100018,100
2019-06-28 10:05:10.000000000,100494,268,100450,268,100496,263,100361,263,100599,263,100330,363,100617,100,100268,100,100797,100,100259,100,100833,100,100158,200,100839,100,100066,100,100864,100,100043,100,100917,100,100041,100,100973,100,100018,100
2019-06-28 10:05:20.000000000,100494,199,100450,199,100496,199,100361,199,100599,199,100330,299,100617,199,100268,199,100797,199,100259,199,100833,100,100158,200,100839,100,100066,100,100864,100,100043,100,100917,100,100041,100,100973,100,100018,100
2019-06-28 10:05:30.000000000,100494,199,100450,199,100496,199,100361,199,100599,199,100330,299,100617,199,100268,199,100797,199,100259,199,100833,100,100158,200,100839,100,100066,100,100864,100,100043,100,100917,100,100041,100,100973,100,100018,100
2019-06-28 10:05:40.000000000,100494,593,100450,593,100496,100,100361,100,100599,100,100330,200,100617,100,100268,100,100797,100,100259,100,100833,100,100158,200,100839,100,100066,100,100864,100,100043,100,100917,100,100041,100,100973,100,100018,100
2019-06-28 10:05:50.000000000,100494,593,100450,593,100496,100,100361,100,100599,100,100330,200,100617,100,100268,100,100797,100,100259,100,100833,100,100158,200,100839,100,100066,100,100864,100,100043,100,100917,100,100041,100,100973,100,100018,100
2019-06-28 10:05:59.998483368,100494,593,100450,493,100496,100,100361,100,100599,100,100330,200,100617,100,100268,100,100797,100,100259,100,100833,100,100158,200,100839,100,100066,100,100864,100,100043,100,100917,100,100041,100,100973,100,100018,100
2019-06-28 10:06:00.000000000,100494,223,100361,223,100496,223,100330,323,100599,223,100268,223,100617,223,100259,223,100797,100,100158,200,100833,100,100066,100,100839,100,100043,100,100864,100,100041,100,100917,100,100018,100,100973,100,99999,100
2019-06-28 10:06:10.000000000,100494,268,100361,268,100496,263,100330,363,100599,263,100268,263,100617,100,100259,100,100797,100,100158,200,100833,100,100066,100,100839,100,100043,100,100864,100,100041,100,100917,100,100018,100,100973,100,99999,100
2019-06-28 10:06:20.000000000,100494,199,100361,199,100496,199,100330,299,100599,199,100268,199,100617,199,100259,199,100797,199,100158,299,100833,100,100066,100,100839,100,100043,100,100864,100,100041,100,100917,100,100018,100,100973,100,99999,100
2019-06-28 10:06:30.000000000,100494,346,100361,346,100496,346,100330,446,100599,100,100268,100,100617,100,100259,100,100797,100,100158,200,100833,100,100066,100,100839,100,100043,100,100864,100,100041,100,100917,100,100018,100,100973,100,99999,100
2019-06-28 10:06:40.000000000,100494,199,100361,199,100496,199,100330,299,100599,199,100268,199,100617,199,100259,199,100797,199,100158,299,100833,100,100066,100,100839,100,100043,100,100864,100,100041,100,100917,100,100018,100,100973,100,99999,100
2019-06-28 10:06:50.000000000,100494,223,100361,223,100496,223,100330,323,100599,223,100268,223,100617,223,100259,223,100797,100,100158,200,100833,100,100066,100,100839,100,100043,100,100864,100,100041,100,100917,100,100018,100,100973,100,99999,100
2019-06-28 10:06:51.417145369,100450,100,100361,223,100494,223,100330,323,100496,223,100268,223,100599,223,100259,223,100617,223,100158,200,100797,100,100066,100,100833,100,100043,100,100839,100,100041,100,100864,100,100018,100,100917,100,99999,100
2019-06-28 10:06:57.687390382,100450,200,100361,223,100494,223,100330,323,100496,223,100268,223,100599,223,100259,223,100617,223,100158,200,100797,100,100066,100,100833,100,100043,100,100839,100,100041,100,100864,100,100018,100,100917,100,99999,100
2019-06-28 10:07:00.000000000,100450,323,100361,223,100494,223,100330,323,100496,223,100268,223,100599,223,100259,223,100617,100,100158,200,100797,100,100066,100,100833,100,100043,100,100839,100,100041,100,100864,100,100018,100,100917,100,99999,100
2019-06-28 10:07:10.000000000,100450,446,100361,346,100494,346,100330,446,100496,100,100268,100,100599,100,100259,100,100617,100,100158,200,100797,100,100066,100,100833,100,100043,100,100839,100,100041,100,100864,100,100018,100,100917,100,99999,100
2019-06-28 10:07:14.358114176,100450,446,100361,346,100494,346,100330,446,100496,100,100268,100,100599,100,100259,100,100617,100,100158,200,100797,100,100066,100,100833,100,100043,100,100839,100,100041,100,100864,100,100018,100,100917,100,99999,100
2019-06-28 10:07:20.000000000,100450,446,100361,346,100494,346,100330,446,100496,100,100268,100,100599,100,100259,100,100617,100,100158,200,100797,100,100066,100,100833,100,100043,100,100839,100,100041,100,100864,100,100018,100,100917,100,99999,100
2019-06-28 10:07:28.057059519,100450,446,100361,346,100494,346,100330,446,100496,100,100268,100,100599,100,100259,100,100617,100,100158,200,100797,100,100066,100,100833,100,100043,100,100839,100,100041,100,100864,100,100018,100,100917,100,99999,100
2019-06-28 10:07:30.000000000,100450,323,100361,223,100494,223,100330,323,100496,223,100268,223,100599,223,100259,223,100617,100,100158,200,100797,100,100066,100,100833,100,100043,100,100839,100,100041,100,100864,100,100018,100,100917,100,99999,100
2019-06-28 10:07:30.016022456,100450,323,100361,123,100494,223,100330,323,100496,223,100268,223,100599,223,100259,223,100617,100,100158,200,100797,100,100066,100,100833,100,100043,100,100864,100,100041,100,100917,100,100018,100,100973,100,99999,100
2019-06-28 10:07:40.000000000,100450,299,100330,299,100494,199,100268,199,100496,199,100259,199,100599,199,100158,299,100617,199,100066,199,100797,100,100043,100,100833,100,100041,100,100864,100,100018,100,100917,100,99999,100,100973,100,99872,100
2019-06-28 10:07:50.000000000,100450,323,100330,323,100494,223,100268,223,100496,223,100259,223,100599,223,100158,323,100617,100,100066,100,100797,100,100043,100,100833,100,100041,100,100864,100,100018,100,100917,100,99999,100,100973,100,99872,100
