,ask_price_1,ask_size_1,bid_price_1,bid_size_1,ask_price_2,ask_size_2,bid_price_2,bid_size_2,ask_price_3,ask_size_3,bid_price_3,bid_size_3,ask_price_4,ask_size_4,bid_price_4,bid_size_4,ask_price_5,ask_size_5,bid_price_5,bid_size_5,ask_price_6,ask_size_6,bid_price_6,bid_size_6,ask_price_7,ask_size_7,bid_price_7,bid_size_7,ask_price_8,ask_size_8,bid_price_8,bid_size_8,ask_price_9,ask_size_9,bid_price_9,bid_size_9,ask_price_10,ask_size_10,bid_price_10,bid_size_10
2019-06-28 09:30:00.000000000,,,99933,100,,,,,,,,,,,,,,,,,,,,,,,,,,,,,,,,,,,,
2019-06-28 09:30:00.000000002,,,100072,100,,,99933,100,,,,,,,,,,,,,,,,,,,,,,,,,,,,,,,,
2019-06-28 09:30:00.000000009,,,100072,100,,,99981,100,,,99933,100,,,,,,,,,,,,,,,,,,,,,,,,,,,,
2019-06-28 09:30:00.000000012,100135,100,100072,100,,,99981,100,,,99933,100,,,,,,,,,,,,,,,,,,,,,,,,,,,,
2019-06-28 09:30:00.000000013,100135,100,99981,100,,,99933,100,,,,,,,,,,,,,,,,,,,,,,,,,,,,,,,,
2019-06-28 09:30:00.000000014,100003,100,99981,100,100135,100,99933,100,,,,,,,,,,,,,,,,,,,,,,,,,,,,,,,,
2019-06-28 09:30:00.000000016,100003,100,99981,100,100135,100,99942,100,,,99933,100,,,99924,100,,,99865,100,,,,,,,,,,,,,,,,,,,,
2019-06-28 09:30:00.000000018,100003,100,99981,100,100009,100,99942,100,100135,100,99933,100,,,99924,100,,,99865,100,,,,,,,,,,,,,,,,,,,,
2019-06-28 09:30:00.000000021,100003,100,99981,100,100009,100,99942,100,100135,100,99933,100,,,99924,100,,,99904,100,,,99865,100,,,,,,,,,,,,,,,,
2019-06-28 09:30:00.000000024,100003,100,99981,100,100009,100,99942,100,100032,100,99933,100,100135,100,99924,100,,,99904,100,,,99865,100,,,,,,,,,,,,,,,,
2019-06-28 09:30:00.000000026,100003,100,99981,100,100009,100,99942,100,100032,100,99933,100,100121,100,99924,100,100135,100,99904,100,,,99865,100,,,,,,,,,,,,,,,,
2019-06-28 09:30:00.000000027,100003,100,99981,100,100009,100,99942,100,100032,100,99933,100,100121,100,99924,100,100135,100,99904,100,,,99894,100,,,99865,100,,,99845,100,,,,,,,,
2019-06-28 09:30:00.000000028,100003,100,99981,100,100009,100,99942,100,100032,100,99933,100,100121,100,99924,100,100135,100,99904,100,100187,100,99894,100,,,99865,100,,,99845,100,,,,,,,,
2019-06-28 09:30:00.000000030,100003,100,99981,100,100009,100,99942,100,100032,100,99933,100,100121,100,99924,100,100135,100,99904,100,100139,100,99894,100,100187,100,99865,100,,,99845,100,,,,,,,,
2019-06-28 09:30:00.000000032,100003,100,99981,100,100009,100,99942,100,100032,100,99933,100,100062,100,99924,100,100121,100,99904,100,100135,100,99894,100,100139,100,99865,100,100187,100,99845,100,,,,,,,,
2019-06-28 09:30:00.000000034,100003,100,99981,100,100009,100,99942,100,100032,100,99933,100,100062,100,99924,100,100097,100,99904,100,100121,100,99894,100,100135,100,99865,100,100139,100,99845,100,100178,100,,,100187,100,,
2019-06-28 09:30:00.000000036,100009,100,99981,100,100032,100,99942,100,100062,100,99933,100,100097,100,99924,100,100121,100,99904,100,100135,100,99894,100,100139,100,99865,100,100178,100,99845,100,100187,100,,,,,,
2019-06-28 09:30:00.000000038,100009,100,99981,100,100032,100,99942,100,100062,100,99933,100,100097,100,99924,100,100105,100,99904,100,100121,100,99894,100,100135,100,99865,100,100139,100,99864,100,100178,100,99845,100,100187,100,,
2019-06-28 09:30:00.000000041,100009,100,99981,100,100032,100,99942,100,100048,100,99933,100,100062,100,99924,100,100097,100,99904,100,100105,100,99894,100,100121,100,99865,100,100135,100,99864,100,100139,100,99845,100,100178,100,,
2019-06-28 09:30:00.000000042,100032,100,100003,100,100048,100,99981,100,100062,100,99942,100,100097,100,99933,100,100105,100,99924,100,100121,100,99904,100,100135,100,99894,100,100139,100,99865,100,100152,100,99864,100,100178,100,99845,100
2019-06-28 09:30:00.000000043,100032,100,100003,100,100048,100,99981,100,100062,100,99942,100,100097,100,99933,100,100105,100,99924,100,100121,100,99904,100,100135,100,99894,100,100139,100,99865,100,100152,100,99864,100,100178,100,99851,100
2019-06-28 09:30:00.000000048,100032,100,100003,100,100048,100,99989,100,100062,100,99981,100,100097,100,99942,100,100105,100,99933,100,100121,100,99924,100,100135,100,99904,100,100139,100,99894,100,100152,100,99865,100,100178,100,99864,100
2019-06-28 09:30:00.000000049,100032,100,100003,100,100048,100,99989,100,100062,100,99981,100,100097,100,99942,100,100105,100,99933,100,100121,100,99924,100,100135,100,99906,100,100139,100,99904,100,100152,100,99894,100,100178,100,99865,100
2019-06-28 09:30:00.000000051,100032,100,100003,100,100048,100,99989,100,100062,100,99981,200,100097,100,99942,100,100105,100,99933,100,100121,100,99924,100,100135,100,99906,100,100139,100,99904,100,100152,100,99894,100,100178,100,99865,100
2019-06-28 09:30:00.000000052,100032,100,100009,100,100048,100,100003,100,100062,100,99989,100,100097,100,99981,200,100105,100,99942,100,100121,100,99933,100,100135,100,99924,100,100139,100,99906,100,100152,100,99904,100,100178,100,99894,100
2019-06-28 09:30:00.000000059,100032,100,99989,100,100048,100,99981,200,100062,100,99942,100,100097,100,99933,100,100105,100,99924,100,100121,100,99906,100,100135,100,99904,100,100139,100,99894,100,100152,100,99865,100,100178,100,99864,100
2019-06-28 09:30:00.000000060,100032,100,99989,100,100048,100,99981,200,100062,100,99942,100,100097,100,99933,100,100105,100,99924,100,100121,100,99906,100,100135,100,99904,100,100139,100,99900,100,100152,100,99894,100,100178,100,99865,100
2019-06-28 09:30:00.000000064,100032,100,99989,100,100048,100,99981,200,100062,100,99961,100,100067,100,99942,100,100097,100,99933,100,100105,100,99924,100,100121,100,99906,100,100135,100,99904,100,100139,100,99900,100,100152,100,99894,100
2019-06-28 09:30:00.000000065,100032,100,99989,100,100048,100,99987,100,100062,100,99981,200,100067,100,99961,100,100097,100,99942,100,100105,100,99933,100,100121,100,99924,100,100135,100,99906,100,100139,100,99904,100,100152,100,99900,100
2019-06-28 09:30:00.000000067,100032,100,99989,100,100048,100,99987,100,100062,100,99981,200,100067,100,99961,100,100097,100,99942,100,100105,100,99939,100,100121,100,99933,100,100135,100,99924,100,100139,100,99906,100,100152,100,99904,100
2019-06-28 09:30:00.000000069,100005,100,99989,100,100032,100,99987,100,100048,100,99981,200,100062,100,99961,100,100067,100,99942,100,100097,100,99939,100,100105,100,99933,100,100121,100,99924,100,100135,100,99906,100,100139,100,99904,100
2019-06-28 09:30:00.000000070,100005,100,99989,100,100032,100,99987,100,100048,100,99981,200,100062,100,99961,100,100067,100,99942,100,100097,100,99939,100,100105,100,99933,100,100121,100,99930,100,100135,100,99924,100,100139,100,99906,100
2019-06-28 09:30:00.000000074,100005,100,99996,100,100032,100,99989,100,100048,100,99987,100,100062,100,99981,200,100067,100,99961,100,100097,100,99942,100,100105,100,99939,100,100121,100,99933,100,100135,100,99930,100,100139,100,99924,100
2019-06-28 09:30:00.000000076,100005,100,99996,100,100032,100,99989,100,100048,100,99987,100,100062,100,99981,200,100067,100,99961,100,100097,100,99942,100,100105,100,99939,100,100121,100,99933,100,100129,100,99930,100,100135,100,99924,100
2019-06-28 09:30:00.000000077,100005,100,99996,100,100032,100,99989,100,100048,100,99987,100,100062,100,99981,200,100067,200,99961,100,100097,100,99942,100,100105,100,99939,100,100121,100,99933,100,100129,100,99930,100,100135,100,99924,100
2019-06-28 09:30:00.000000080,100005,100,99996,100,100032,100,99989,100,100047,100,99987,100,100048,100,99981,200,100062,100,99961,100,100067,200,99942,100,100097,100,99939,100,100105,100,99933,100,100121,100,99930,100,100129,100,99924,100
2019-06-28 09:30:00.000000081,100005,100,99996,100,100032,100,99989,100,100047,100,99987,100,100048,100,99981,200,100062,100,99961,100,100064,100,99942,100,100067,200,99939,100,100091,100,99933,100,100097,100,99930,100,100105,100,99924,100
2019-06-28 09:30:00.000000082,100005,100,99996,100,100032,100,99989,100,100047,100,99987,100,100048,100,99981,200,100062,100,99961,100,100064,100,99942,100,100067,200,99939,100,100091,100,99933,100,100097,100,99930,100,100105,100,99924,100
2019-06-28 09:30:00.000000083,100005,100,99989,100,100032,100,99987,100,100047,100,99981,200,100048,100,99961,100,100062,100,99948,100,100064,100,99942,100,100067,200,99939,100,100091,100,99933,100,100097,100,99930,100,100105,100,99924,100
2019-06-28 09:30:00.000000085,100005,100,99989,100,100032,100,99987,100,100039,100,99981,200,100047,100,99961,100,100048,100,99948,100,100062,100,99942,100,100064,100,99939,100,100067,200,99933,100,100091,100,99930,100,100097,100,99924,100
2019-06-28 09:30:00.000000087,100005,100,99996,100,100032,100,99989,100,100039,100,99987,100,100047,100,99981,200,100048,100,99961,100,100062,100,99948,100,100064,100,99942,100,100067,200,99939,100,100091,100,99933,100,100097,100,99930,100
2019-06-28 09:30:00.000000088,100003,100,99996,100,100005,100,99989,100,100032,100,99987,100,100039,100,99981,200,100047,100,99961,100,100048,100,99948,100,100062,100,99942,100,100064,100,99939,100,100067,200,99933,100,100091,100,99930,100
2019-06-28 09:30:00.000000089,100003,100,99989,100,100005,100,99987,100,100032,100,99981,200,100039,100,99961,100,100047,100,99948,100,100048,100,99942,100,100062,100,99939,100,100064,100,99933,100,100067,200,99930,100,100091,100,99924,100
2019-06-28 09:30:00.000000090,100003,100,99989,100,100005,100,99987,100,100032,100,99981,200,100039,100,99961,100,100047,100,99948,100,100048,100,99942,200,100062,100,99939,100,100064,100,99933,100,100067,200,99930,100,100091,100,99924,100
2019-06-28 09:30:00.000000091,100003,100,99989,100,100005,100,99987,100,100032,100,99981,200,100039,100,99961,100,100047,100,99948,100,100048,100,99942,200,100062,100,99939,100,100064,100,99933,100,100067,200,99930,100,100091,100,99924,100
2019-06-28 09:30:00.000000092,100003,100,99989,100,100005,100,99987,100,100032,100,99981,200,100039,100,99961,100,100047,100,99948,100,100048,100,99942,200,100062,100,99939,100,100064,100,99933,100,100067,200,99930,100,100091,100,99924,100
2019-06-28 09:30:00.000000093,100003,100,99989,100,100005,100,99987,100,100032,100,99981,200,100039,100,99961,100,100047,100,99948,100,100048,100,99942,200,100062,100,99939,100,100064,100,99933,100,100067,200,99930,100,100091,100,99924,100
2019-06-28 09:30:00.000000094,100003,100,99989,100,100005,100,99987,100,100032,100,99981,200,100039,100,99966,100,100047,100,99961,100,100048,100,99948,100,100062,100,99942,200,100064,100,99939,100,100067,200,99933,100,100091,100,99930,100
2019-06-28 09:30:00.000000095,100003,100,99989,100,100005,100,99987,100,100032,100,99981,200,100039,100,99973,100,100047,100,99966,100,100048,100,99961,100,100062,100,99948,100,100064,100,99942,200,100067,200,99939,100,100091,100,99933,100
2019-06-28 09:30:10.000000000,100003,248,99989,248,100005,248,99987,248,100032,100,99981,200,100039,100,99973,100,100047,100,99966,100,100048,100,99961,100,100062,100,99948,100,100064,100,99942,200,100067,200,99939,100,100091,100,99933,100
2019-06-28 09:30:13.283494078,100003,248,99996,100,100005,248,99989,248,100032,100,99987,248,100039,100,99981,200,100047,100,99973,100,100048,100,99966,100,100062,100,99961,100,100064,100,99948,100,100067,200,99942,200,100091,100,99939,100
2019-06-28 09:30:20.000000000,100003,174,99996,174,100005,174,99989,174,100032,174,99987,174,100039,174,99981,274,100047,100,99973,100,100048,100,99966,100,100062,100,99961,100,100064,100,99948,100,100067,200,99942,200,100091,100,99939,100
2019-06-28 09:30:28.579478932,100003,174,99996,174,100005,174,99989,174,100032,74,99987,174,100039,174,99981,274,100047,100,99973,100,100048,100,99966,100,100062,100,99961,100,100064,100,99948,100,100067,200,99942,200,100091,100,99939,100
2019-06-28 09:30:30.000000000,100003,201,99996,201,100005,198,99989,198,100039,198,99987,198,100047,100,99981,200,100048,100,99973,100,100062,100,99966,100,100064,100,99961,100,100067,200,99948,100,100091,100,99942,200,100097,100,99939,100
2019-06-28 09:30:34.969030992,100003,201,99996,201,100005,198,99989,198,100039,198,99987,198,100047,100,99981,200,100048,100,99973,100,100062,100,99966,100,100064,100,99961,100,100067,200,99948,100,100091,100,99942,200,100097,100,99939,100
2019-06-28 09:30:40.000000000,100003,159,99996,159,100005,159,99989,159,100039,159,99987,159,100047,159,99981,259,100048,159,99973,159,100062,100,99966,100,100064,100,99961,100,100067,200,99948,100,100091,100,99942,200,100097,100,99939,100
2019-06-28 09:30:50.000000000,100003,397,99996,397,100005,100,99989,100,100039,100,99987,100,100047,100,99981,200,100048,100,99973,100,100062,100,99966,100,100064,100,99961,100,100067,200,99948,100,100091,100,99942,200,100097,100,99939,100
2019-06-28 09:30:58.360527500,100003,397,99996,297,100005,100,99989,100,100039,100,99987,100,100047,100,99981,200,100048,100,99973,100,100062,100,99966,100,100064,100,99961,100,100067,200,99948,100,100091,100,99942,200,100097,100,99939,100
2019-06-28 09:31:00.000000000,100003,397,99989,397,100005,100,99987,100,100039,100,99981,200,100047,100,99973,100,100048,100,99966,100,100062,100,99961,100,100064,100,99948,100,100067,200,99942,200,100091,100,99939,100,100097,100,99933,100
2019-06-28 09:31:10.000000000,100003,397,99989,397,100005,100,99987,100,100039,100,99981,200,100047,100,99973,100,100048,100,99966,100,100062,100,99961,100,100064,100,99948,100,100067,200,99942,200,100091,100,99939,100,100097,100,99933,100
2019-06-28 09:31:20.000000000,100003,201,99989,201,100005,198,99987,198,100039,198,99981,298,100047,100,99973,100,100048,100,99966,100,100062,100,99961,100,100064,100,99948,100,100067,200,99942,200,100091,100,99939,100,100097,100,99933,100
2019-06-28 09:31:28.779257855,100003,201,99989,201,100005,198,99987,198,100039,198,99981,298,100047,100,99973,100,100048,100,99966,100,100062,100,99961,100,100064,100,99948,100,100067,200,99942,200,100083,100,99939,100,100091,100,99933,100
2019-06-28 09:31:28.855687088,100003,101,99989,201,100005,198,99987,198,100039,198,99981,198,100047,100,99973,100,100048,100,99966,100,100062,100,99961,100,100064,100,99948,100,100067,200,99942,200,100083,100,99939,100,100091,100,99933,100
2019-06-28 09:31:30.000000000,100005,159,99989,159,100039,159,99987,159,100047,159,99981,159,100048,159,99973,159,100062,159,99966,159,100064,100,99961,100,100067,200,99948,100,100083,100,99942,200,100091,100,99939,100,100097,100,99933,100
2019-06-28 09:31:40.000000000,100005,397,99989,397,100039,100,99987,100,100047,100,99981,100,100048,100,99973,100,100062,100,99966,100,100064,100,99961,100,100067,200,99948,100,100083,100,99942,200,100091,100,99939,100,100097,100,99933,100
2019-06-28 09:31:43.801417573,100005,397,99989,397,100039,100,99987,100,100047,100,99981,100,100048,100,99973,100,100062,100,99966,100,100064,100,99961,100,100067,200,99959,100,100083,100,99948,100,100091,100,99942,200,100097,100,99939,100
2019-06-28 09:31:50.000000000,100005,397,99989,397,100039,100,99987,100,100047,100,99981,100,100048,100,99973,100,100062,100,99966,100,100064,100,99961,100,100067,200,99959,100,100083,100,99948,100,100091,100,99942,200,100097,100,99939,100
2019-06-28 09:32:00.000000000,100005,397,99989,397,100039,100,99987,100,100047,100,99981,100,100048,100,99973,100,100062,100,99966,100,100064,100,99961,100,100067,200,99959,100,100083,100,99948,100,100091,100,99942,200,100097,100,99939,100
2019-06-28 09:32:10.000000000,100005,248,99989,248,100039,248,99987,248,100047,100,99981,100,100048,100,99973,100,100062,100,99966,100,100064,100,99961,100,100067,200,99959,100,100083,100,99948,100,100091,100,99942,200,100097,100,99939,100
2019-06-28 09:32:10.752239892,100005,248,99989,248,100039,248,99987,248,100047,100,99981,100,100048,100,99973,100,100062,100,99966,100,100064,100,99961,100,100067,200,99959,100,100083,100,99948,100,100091,100,99942,200,100097,100,99939,100
2019-06-28 09:32:17.527895478,100002,100,99989,248,100005,248,99987,248,100039,248,99981,100,100047,100,99973,100,100048,100,99966,100,100062,100,99961,100,100064,100,99959,100,100067,200,99948,100,100083,100,99942,200,100091,100,99939,100
2019-06-28 09:32:20.000000000,100002,159,99989,159,100005,159,99987,159,100039,159,99981,159,100047,159,99973,159,100048,159,99966,159,100062,100,99961,100,100064,100,99959,100,100067,200,99948,100,100083,100,99942,200,100091,100,99939,100
2019-06-28 09:32:30.000000000,100002,201,99989,201,100005,198,99987,198,100039,198,99981,198,100047,100,99973,100,100048,100,99966,100,100062,100,99961,100,100064,100,99959,100,100067,200,99948,100,100083,100,99942,200,100091,100,99939,100
2019-06-28 09:32:39.443656064,100002,201,99989,201,100005,198,99987,198,100039,198,99981,198,100047,100,99973,100,100048,100,99966,100,100062,100,99961,100,100064,100,99959,100,100067,200,99948,100,100083,100,99942,200,100091,100,99939,100
2019-06-28 09:32:40.000000000,100002,397,99989,397,100005,100,99987,100,100039,100,99981,100,100047,100,99973,100,100048,100,99966,100,100062,100,99961,100,100064,100,99959,100,100067,200,99948,100,100083,100,99942,200,100091,100,99939,100
2019-06-28 09:32:50.000000000,100002,397,99989,397,100005,100,99987,100,100039,100,99981,100,100047,100,99973,100,100048,100,99966,100,100062,100,99961,100,100064,100,99959,100,100067,200,99948,100,100083,100,99942,200,100091,100,99939,100
2019-06-28 09:32:51.331599327,100002,397,99997,100,100005,100,99989,397,100039,100,99987,100,100047,100,99981,100,100048,100,99973,100,100062,100,99966,100,100064,100,99961,100,100067,200,99959,100,100083,100,99948,100,100091,100,99942,200
2019-06-28 09:33:00.000000000,100002,201,99997,201,100005,198,99989,198,100039,198,99987,198,100047,100,99981,100,100048,100,99973,100,100062,100,99966,100,100064,100,99961,100,100067,200,99959,100,100083,100,99948,100,100091,100,99942,200
2019-06-28 09:33:06.976796383,100002,201,99997,201,100005,198,99989,198,100039,198,99987,198,100047,100,99981,100,100048,100,99973,100,100062,100,99966,100,100064,100,99961,100,100067,200,99959,100,100083,100,99948,100,100091,100,99942,100
2019-06-28 09:33:08.277791015,100002,201,99997,201,100005,198,99989,98,100039,198,99987,198,100047,100,99981,100,100048,100,99973,100,100062,100,99966,100,100064,100,99961,100,100067,200,99959,100,100083,100,99948,100,100091,100,99942,100
2019-06-28 09:33:08.493148149,100002,201,99997,201,100005,198,99989,98,100039,198,99987,198,100047,100,99981,100,100048,100,99973,100,100062,100,99966,100,100064,100,99961,100,100067,200,99959,100,100083,100,99948,100,100091,100,99942,100
2019-06-28 09:33:10.000000000,100002,248,99997,248,100005,248,99987,248,100039,100,99981,100,100047,100,99973,100,100048,100,99966,100,100062,100,99961,100,100064,100,99959,100,100067,200,99948,100,100083,100,99942,100,100091,100,99939,100
2019-06-28 09:33:20.000000000,100002,159,99997,159,100005,159,99987,159,100039,159,99981,159,100047,159,99973,159,100048,159,99966,159,100062,100,99961,100,100064,100,99959,100,100067,200,99948,100,100083,100,99942,100,100091,100,99939,100
2019-06-28 09:33:30.000000000,100002,397,99997,397,100005,100,99987,100,100039,100,99981,100,100047,100,99973,100,100048,100,99966,100,100062,100,99961,100,100064,100,99959,100,100067,200,99948,100,100083,100,99942,100,100091,100,99939,100
2019-06-28 09:33:40.000000000,100002,248,99997,248,100005,248,99987,248,100039,100,99981,100,100047,100,99973,100,100048,100,99966,100,100062,100,99961,100,100064,100,99959,100,100067,200,99948,100,100083,100,99942,100,100091,100,99939,100
2019-06-28 09:33:46.230133449,100002,348,99997,248,100005,248,99987,248,100039,100,99981,100,100047,100,99973,100,100048,100,99966,100,100062,100,99961,100,100064,100,99959,100,100067,200,99948,100,100083,100,99942,100,100091,100,99939,100
2019-06-28 09:33:50.000000000,100002,274,99997,174,100005,174,99987,174,100039,174,99981,174,100047,174,99973,174,100048,100,99966,100,100062,100,99961,100,100064,100,99959,100,100067,200,99948,100,100083,100,99942,100,100091,100,99939,100
2019-06-28 09:33:54.983895433,100002,274,99997,174,100005,174,99987,174,100039,174,99981,174,100047,174,99973,174,100048,100,99966,100,100062,100,99961,100,100064,100,99959,100,100067,200,99948,100,100083,100,99942,100,100091,100,99939,100
2019-06-28 09:34:00.000000000,100002,301,99997,201,100005,198,99987,198,100039,198,99981,198,100047,100,99973,100,100048,100,99966,100,100062,100,99961,100,100064,100,99959,100,100067,200,99948,100,100083,100,99942,100,100091,100,99939,100
2019-06-28 09:34:05.224456077,100002,301,99997,201,100005,198,99987,198,100039,198,99981,198,100047,100,99966,100,100048,100,99961,100,100062,100,99959,100,100064,100,99948,100,100067,200,99942,100,100083,100,99939,100,100091,100,99930,100
2019-06-28 09:34:10.000000000,100002,348,99997,248,100005,248,99987,248,100039,100,99981,100,100047,100,99966,100,100048,100,99961,100,100062,100,99959,100,100064,100,99948,100,100067,200,99942,100,100083,100,99939,100,100091,100,99930,100
2019-06-28 09:34:10.156651311,100002,348,99997,248,100005,248,99987,248,100039,100,99981,100,100047,100,99966,100,100048,100,99961,100,100062,100,99960,100,100067,200,99959,100,100083,100,99948,100,100091,100,99942,100,100097,100,99939,100
2019-06-28 09:34:18.596291735,100002,248,99997,248,100005,248,99987,248,100039,100,99981,100,100047,100,99966,100,100048,100,99961,100,100062,100,99959,100,100067,200,99948,100,100083,100,99942,100,100091,100,99939,100,100097,100,99930,100
2019-06-28 09:34:20.000000000,100002,201,99997,201,100005,198,99987,198,100039,198,99981,198,100047,100,99966,100,100048,100,99961,100,100062,100,99959,100,100067,200,99948,100,100083,100,99942,100,100091,100,99939,100,100097,100,99930,100
2019-06-28 09:34:20.633073863,100002,101,99997,201,100005,198,99987,198,100039,198,99981,198,100047,100,99966,100,100062,100,99961,100,100067,200,99959,100,100083,100,99948,100,100091,100,99942,100,100097,100,99939,100,100105,100,99930,100
2019-06-28 09:34:30.000000000,100005,174,99997,174,100039,174,99987,174,100047,174,99981,174,100062,174,99966,174,100067,200,99961,100,100083,100,99959,100,100091,100,99948,100,100097,100,99942,100,100105,100,99939,100,100119,100,99930,100
2019-06-28 09:34:30.201924810,100005,174,99997,174,100039,174,99987,174,100047,174,99981,174,100062,174,99966,174,100067,200,99961,100,100083,100,99959,100,100091,100,99948,100,100097,100,99942,100,100099,100,99939,100,100105,100,99930,100
2019-06-28 09:34:33.077108059,100005,174,99997,174,100039,174,99987,174,100047,174,99981,174,100062,174,99966,174,100067,200,99961,100,100083,100,99959,100,100091,100,99948,100,100097,100,99942,100,100099,100,99939,100,100105,100,99930,100
2019-06-28 09:34:40.000000000,100005,201,99997,201,100039,198,99987,198,100047,198,99981,198,100062,100,99966,100,100067,200,99961,100,100083,100,99959,100,100091,100,99948,100,100097,100,99942,100,100099,100,99939,100,100105,100,99930,100
2019-06-28 09:34:45.802933006,100005,201,99997,201,100009,100,99987,198,100039,198,99981,198,100047,198,99966,100,100062,100,99961,100,100067,200,99959,100,100083,100,99948,100,100091,100,99942,100,100097,100,99939,100,100099,100,99930,100
2019-06-28 09:34:50.000000000,100005,201,99997,201,100009,198,99987,198,100039,198,99981,198,100047,100,99966,100,100062,100,99961,100,100067,200,99959,100,100083,100,99948,100,100091,100,99942,100,100097,100,99939,100,100099,100,99930,100
2019-06-28 09:34:55.004730618,100005,201,99997,201,100009,198,99987,198,100039,198,99981,198,100047,100,99966,100,100062,100,99961,100,100067,200,99959,100,100083,100,99948,100,100091,100,99942,100,100097,100,99939,100,100099,100,99930,100
2019-06-28 09:35:00.000000000,100005,397,99997,397,100009,100,99987,100,100039,100,99981,100,100047,100,99966,100,100062,100,99961,100,100067,200,99959,100,100083,100,99948,100,100091,100,99942,100,100097,100,99939,100,100099,100,99930,100
2019-06-28 09:35:06.348753825,100005,397,99997,397,100009,100,99987,100,100039,100,99966,100,100047,100,99961,100,100062,100,99959,100,100067,200,99948,100,100083,100,99942,100,100091,100,99939,100,100097,100,99930,100,100099,100,99906,100
2019-06-28 09:35:10.000000000,100005,397,99997,397,100009,100,99987,100,100039,100,99966,100,100047,100,99961,100,100062,100,99959,100,100067,200,99948,100,100083,100,99942,100,100091,100,99939,100,100097,100,99930,100,100099,100,99906,100
2019-06-28 09:35:15.077017808,100001,100,99997,397,100005,397,99987,100,100009,100,99966,100,100039,100,99961,100,100047,100,99959,100,100062,100,99948,100,100067,200,99942,100,100083,100,99939,100,100091,100,99930,100,100097,100,99906,100
2019-06-28 09:35:20.000000000,100001,174,99997,174,100005,174,99987,174,100009,174,99966,174,100039,174,99961,174,100047,100,99959,100,100062,100,99948,100,100067,200,99942,100,100083,100,99939,100,100091,100,99930,100,100097,100,99906,100
2019-06-28 09:35:30.000000000,100001,174,99997,174,100005,174,99987,174,100009,174,99966,174,100039,174,99961,174,100047,100,99959,100,100062,100,99948,100,100067,200,99942,100,100083,100,99939,100,100091,100,99930,100,100097,100,99906,100
2019-06-28 09:35:40.000000000,100001,159,99997,159,100005,159,99987,159,100009,159,99966,159,100039,159,99961,159,100047,159,99959,159,100062,100,99948,100,100067,200,99942,100,100083,100,99939,100,100091,100,99930,100,100097,100,99906,100
2019-06-28 09:35:50.000000000,100001,159,99997,159,100005,159,99987,159,100009,159,99966,159,100039,159,99961,159,100047,159,99959,159,100062,100,99948,100,100067,200,99942,100,100083,100,99939,100,100091,100,99930,100,100097,100,99906,100
2019-06-28 09:36:00.000000000,100001,201,99997,201,100005,198,99987,198,100009,198,99966,198,100039,100,99961,100,100047,100,99959,100,100062,100,99948,100,100067,200,99942,100,100083,100,99939,100,100091,100,99930,100,100097,100,99906,100
2019-06-28 09:36:09.228129935,100001,201,99997,101,100005,198,99987,198,100009,198,99966,198,100039,100,99961,100,100047,100,99959,100,100062,100,99948,100,100067,200,99942,100,100083,100,99939,100,100091,100,99930,100,100097,100,99906,100
2019-06-28 09:36:10.000000000,100001,201,99987,201,100005,198,99966,198,100009,198,99961,198,100039,100,99959,100,100047,100,99948,100,100062,100,99942,100,100067,200,99939,100,100083,100,99930,100,100091,100,99906,100,100097,100,99904,100
2019-06-28 09:36:20.000000000,100001,397,99987,397,100005,100,99966,100,100009,100,99961,100,100039,100,99959,100,100047,100,99948,100,100062,100,99942,100,100067,200,99939,100,100083,100,99930,100,100091,100,99906,100,100097,100,99904,100
2019-06-28 09:36:21.931499936,100001,397,99987,297,100005,100,99966,100,100009,100,99961,100,100039,100,99959,100,100047,100,99948,100,100062,100,99942,100,100067,200,99939,100,100083,100,99930,100,100091,100,99906,100,100097,100,99904,100
2019-06-28 09:36:26.389783405,100001,397,99987,297,100005,100,99966,100,100009,100,99961,100,100039,100,99959,100,100047,100,99948,100,100062,100,99942,100,100067,200,99939,100,100083,100,99930,100,100091,100,99906,100,100099,100,99904,100
2019-06-28 09:36:30.000000000,100001,201,99966,201,100005,198,99961,198,100009,198,99959,198,100039,100,99948,100,100047,100,99942,100,100062,100,99939,100,100067,200,99930,100,100083,100,99906,100,100091,100,99904,100,100099,100,99900,100
2019-06-28 09:36:37.295720843,100001,201,99966,101,100005,198,99961,198,100009,198,99959,198,100039,100,99948,100,100047,100,99942,100,100062,100,99939,100,100067,200,99930,100,100083,100,99906,100,100091,100,99904,100,100099,100,99900,100
2019-06-28 09:36:40.000000000,100001,174,99961,174,100005,174,99959,174,100009,174,99948,174,100039,174,99942,174,100047,100,99939,100,100062,100,99930,100,100067,200,99906,100,100083,100,99904,100,100091,100,99900,100,100099,100,99894,100
2019-06-28 09:36:49.225863581,100001,174,99961,174,100005,174,99959,174,100009,174,99948,174,100039,174,99942,174,100047,100,99939,100,100062,100,99930,100,100067,200,99906,100,100083,100,99904,100,100091,100,99900,100,100099,100,99894,100
2019-06-28 09:36:50.000000000,100001,397,99961,397,100005,100,99959,100,100009,100,99948,100,100039,100,99942,100,100047,100,99939,100,100062,100,99930,100,100067,200,99906,100,100083,100,99904,100,100091,100,99900,100,100099,100,99894,100
2019-06-28 09:36:55.379574188,100001,397,99961,397,100005,100,99959,100,100009,100,99948,100,100039,100,99942,100,100047,100,99939,100,100062,100,99930,100,100067,200,99906,100,100083,100,99904,100,100091,100,99894,100,100099,100,99865,100
2019-06-28 09:36:56.639599934,100001,397,99961,397,100005,100,99959,100,100009,100,99948,100,100039,100,99942,100,100047,100,99939,100,100062,100,99930,100,100067,200,99906,100,100083,100,99904,100,100091,100,99894,100,100099,100,99865,100
2019-06-28 09:37:00.000000000,100001,174,99961,174,100005,174,99959,174,100009,174,99948,174,100039,174,99942,174,100047,100,99939,100,100062,100,99930,100,100067,200,99906,100,100083,100,99904,100,100091,100,99894,100,100099,100,99865,100
2019-06-28 09:37:10.000000000,100001,159,99961,159,100005,159,99959,159,100009,159,99948,159,100039,159,99942,159,100047,159,99939,159,100062,100,99930,100,100067,200,99906,100,100083,100,99904,100,100091,100,99894,100,100099,100,99865,100
2019-06-28 09:37:20.000000000,100001,397,99961,397,100005,100,99959,100,100009,100,99948,100,100039,100,99942,100,100047,100,99939,100,100062,100,99930,100,100067,200,99906,100,100083,100,99904,100,100091,100,99894,100,100099,100,99865,100
2019-06-28 09:37:20.229835820,100001,397,99961,297,100005,100,99959,100,100009,100,99948,100,100039,100,99942,100,100047,100,99939,100,100062,100,99930,100,100067,200,99906,100,100083,100,99904,100,100091,100,99894,100,100099,100,99865,100
2019-06-28 09:37:28.293643121,100001,397,99961,297,100005,100,99959,100,100009,100,99948,100,100039,100,99942,100,100047,100,99939,100,100062,100,99930,100,100067,200,99906,100,100083,100,99904,100,100091,100,99894,100,100099,100,99865,100
2019-06-28 09:37:29.159916824,100001,397,99961,297,100005,100,99959,100,100039,100,99948,100,100040,100,99942,100,100047,100,99939,100,100062,100,99930,100,100067,200,99906,100,100083,100,99904,100,100091,100,99894,100,100099,100,99865,100
2019-06-28 09:37:30.000000000,100001,397,99959,397,100005,100,99948,100,100039,100,99942,100,100040,100,99939,100,100047,100,99930,100,100062,100,99906,100,100067,200,99904,100,100083,100,99894,100,100091,100,99865,100,100099,100,99864,200
2019-06-28 09:37:36.681053511,99966,100,99959,397,100001,397,99948,100,100005,100,99942,100,100039,100,99939,100,100040,100,99930,100,100047,100,99906,100,100062,100,99904,100,100067,200,99894,100,100083,100,99865,100,100091,100,99864,200
2019-06-28 09:37:40.000000000,99966,248,99959,248,100001,248,99948,248,100005,100,99942,100,100039,100,99939,100,100040,100,99930,100,100047,100,99906,100,100062,100,99904,100,100067,200,99894,100,100083,100,99865,100,100091,100,99864,200
2019-06-28 09:37:50.000000000,99966,248,99959,248,100001,248,99948,248,100005,100,99942,100,100039,100,99939,100,100040,100,99930,100,100047,100,99906,100,100062,100,99904,100,100067,200,99894,100,100083,100,99865,100,100091,100,99864,200
2019-06-28 09:37:51.441122102,99966,248,99959,248,100001,248,99948,248,100005,100,99942,100,100039,100,99939,100,100040,100,99906,100,100047,100,99904,100,100062,100,99894,100,100067,200,99865,100,100083,100,99864,200,100091,100,99851,100
2019-06-28 09:37:59.752387678,99966,248,99959,148,100001,248,99948,248,100005,100,99942,100,100039,100,99939,100,100040,100,99906,100,100047,100,99904,100,100062,100,99894,100,100067,200,99865,100,100083,100,99864,200,100091,100,99851,100
2019-06-28 09:38:00.000000000,99966,248,99948,248,100001,248,99942,248,100005,100,99939,100,100039,100,99906,100,100040,100,99904,100,100047,100,99894,100,100062,100,99865,100,100067,200,99864,200,100083,100,99851,100,100091,100,99807,100
2019-06-28 09:38:10.000000000,99966,159,99948,159,100001,159,99942,159,100005,159,99939,159,100039,159,99906,159,100040,159,99904,159,100047,100,99894,100,100062,100,99865,100,100067,200,99864,200,100083,100,99851,100,100091,100,99807,100
2019-06-28 09:38:20.000000000,99966,174,99948,174,100001,174,99942,174,100005,174,99939,174,100039,174,99906,174,100040,100,99904,100,100047,100,99894,100,100062,100,99865,100,100067,200,99864,200,100083,100,99851,100,100091,100,99807,100
2019-06-28 09:38:30.000000000,99966,174,99948,174,100001,174,99942,174,100005,174,99939,174,100039,174,99906,174,100040,100,99904,100,100047,100,99894,100,100062,100,99865,100,100067,200,99864,200,100083,100,99851,100,100091,100,99807,100
2019-06-28 09:38:40.000000000,99966,159,99948,159,100001,159,99942,159,100005,159,99939,159,100039,159,99906,159,100040,159,99904,159,100047,100,99894,100,100062,100,99865,100,100067,200,99864,200,100083,100,99851,100,100091,100,99807,100
2019-06-28 09:38:43.221684306,99966,159,99948,159,100001,159,99942,159,100005,159,99939,159,100039,159,99906,159,100040,159,99904,159,100047,100,99894,100,100062,100,99865,100,100067,200,99864,200,100083,100,99851,100,100091,100,99807,100
2019-06-28 09:38:50.000000000,99966,201,99948,201,100001,198,99942,198,100005,198,99939,198,100039,100,99906,100,100040,100,99904,100,100047,100,99894,100,100062,100,99865,100,100067,200,99864,200,100083,100,99851,100,100091,100,99807,100
2019-06-28 09:39:00.000000000,99966,201,99948,201,100001,198,99942,198,100005,198,99939,198,100039,100,99906,100,100040,100,99904,100,100047,100,99894,100,100062,100,99865,100,100067,200,99864,200,100083,100,99851,100,100091,100,99807,100
2019-06-28 09:39:10.000000000,99966,397,99948,397,100001,100,99942,100,100005,100,99939,100,100039,100,99906,100,100040,100,99904,100,100047,100,99894,100,100062,100,99865,100,100067,200,99864,200,100083,100,99851,100,100091,100,99807,100
2019-06-28 09:39:20.000000000,99966,248,99948,248,100001,248,99942,248,100005,100,99939,100,100039,100,99906,100,100040,100,99904,100,100047,100,99894,100,100062,100,99865,100,100067,200,99864,200,100083,100,99851,100,100091,100,99807,100
2019-06-28 09:39:30.000000000,99966,201,99948,201,100001,198,99942,198,100005,198,99939,198,100039,100,99906,100,100040,100,99904,100,100047,100,99894,100,100062,100,99865,100,100067,200,99864,200,100083,100,99851,100,100091,100,99807,100
2019-06-28 09:39:40.000000000,99966,397,99948,397,100001,100,99942,100,100005,100,99939,100,100039,100,99906,100,100040,100,99904,100,100047,100,99894,100,100062,100,99865,100,100067,200,99864,200,100083,100,99851,100,100091,100,99807,100
2019-06-28 09:39:46.488352052,99966,397,99948,297,100001,100,99942,100,100005,100,99939,100,100039,100,99906,100,100040,100,99904,100,100047,100,99894,100,100062,100,99865,100,100067,200,99864,200,100083,100,99851,100,100091,100,99804,100
2019-06-28 09:39:50.000000000,99966,159,99942,159,100001,159,99939,159,100005,159,99906,159,100039,159,99904,159,100040,159,99894,159,100047,100,99865,100,100062,100,99864,200,100067,200,99851,100,100083,100,99804,100,100091,100,99802,100
2019-06-28 09:40:00.000000000,99966,201,99942,201,100001,198,99939,198,100005,198,99906,198,100039,100,99904,100,100040,100,99894,100,100047,100,99865,100,100062,100,99864,200,100067,200,99851,100,100083,100,99804,100,100091,100,99802,100
2019-06-28 09:40:02.499413578,99966,201,99942,201,100001,198,99939,198,100005,198,99906,198,100039,100,99904,100,100040,100,99894,100,100062,100,99865,100,100067,200,99864,200,100083,100,99851,100,100091,100,99804,100,100099,100,99802,100
2019-06-28 09:40:10.000000000,99966,159,99942,159,100001,159,99939,159,100005,159,99906,159,100039,159,99904,159,100040,159,99894,159,100062,100,99865,100,100067,200,99864,200,100083,100,99851,100,100091,100,99804,100,100099,100,99802,100
2019-06-28 09:40:20.000000000,99966,159,99942,159,100001,159,99939,159,100005,159,99906,159,100039,159,99904,159,100040,159,99894,159,100062,100,99865,100,100067,200,99864,200,100083,100,99851,100,100091,100,99804,100,100099,100,99802,100
2019-06-28 09:40:30.000000000,99966,174,99942,174,100001,174,99939,174,100005,174,99906,174,100039,174,99904,174,100040,100,99894,100,100062,100,99865,100,100067,200,99864,200,100083,100,99851,100,100091,100,99804,100,100099,100,99802,100
2019-06-28 09:40:32.939731307,99966,174,99942,174,100001,174,99939,174,100005,174,99906,174,100039,174,99904,174,100040,100,99894,100,100062,100,99865,100,100067,200,99864,200,100083,100,99851,100,100091,100,99804,100,100099,100,99802,100
2019-06-28 09:40:40.000000000,99966,174,99942,174,100001,174,99939,174,100005,174,99906,174,100039,174,99904,174,100040,100,99894,100,100062,100,99865,100,100067,200,99864,200,100083,100,99851,100,100091,100,99804,100,100099,100,99802,100
2019-06-28 09:40:50.000000000,99966,159,99942,159,100001,159,99939,159,100005,159,99906,159,100039,159,99904,159,100040,159,99894,159,100062,100,99865,100,100067,200,99864,200,100083,100,99851,100,100091,100,99804,100,100099,100,99802,100
2019-06-28 09:41:00.000000000,99966,248,99942,248,100001,248,99939,248,100005,100,99906,100,100039,100,99904,100,100040,100,99894,100,100062,100,99865,100,100067,200,99864,200,100083,100,99851,100,100091,100,99804,100,100099,100,99802,100
2019-06-28 09:41:01.950272748,99966,248,99942,248,100001,248,99939,248,100005,100,99906,100,100039,100,99904,100,100040,100,99894,100,100062,100,99865,100,100067,200,99864,200,100083,100,99851,100,100091,100,99804,100,100099,100,99802,100
2019-06-28 09:41:07.508502073,99966,248,99942,148,100001,248,99939,248,100005,100,99906,100,100039,100,99904,100,100040,100,99894,100,100062,100,99865,100,100067,200,99864,200,100083,100,99851,100,100091,100,99804,100,100099,100,99802,100
2019-06-28 09:41:10.000000000,99966,159,99939,159,100001,159,99906,159,100005,159,99904,159,100039,159,99894,159,100040,159,99865,159,100062,100,99864,200,100067,200,99851,100,100083,100,99804,100,100091,100,99802,100,100099,100,99749,100
2019-06-28 09:41:20.000000000,99966,174,99939,174,100001,174,99906,174,100005,174,99904,174,100039,174,99894,174,100040,100,99865,100,100062,100,99864,200,100067,200,99851,100,100083,100,99804,100,100091,100,99802,100,100099,100,99749,100
2019-06-28 09:41:21.238443635,99948,100,99939,174,99966,174,99906,174,100001,174,99904,174,100005,174,99894,174,100039,174,99865,100,100040,100,99864,200,100062,100,99851,100,100067,200,99804,100,100083,100,99802,100,100091,100,99749,100
2019-06-28 09:41:25.820424406,99948,100,99939,74,99966,174,99906,174,100001,174,99904,174,100005,174,99894,174,100039,174,99865,100,100040,100,99864,200,100062,100,99851,100,100067,200,99804,100,100083,100,99802,100,100091,100,99749,100
2019-06-28 09:41:30.000000000,99948,174,99906,174,99966,174,99904,174,100001,174,99894,174,100005,174,99865,174,100039,100,99864,200,100040,100,99851,100,100062,100,99804,100,100067,200,99802,100,100083,100,99749,100,100091,100,99616,100
2019-06-28 09:41:40.000000000,99948,201,99906,201,99966,198,99904,198,100001,198,99894,198,100005,100,99865,100,100039,100,99864,200,100040,100,99851,100,100062,100,99804,100,100067,200,99802,100,100083,100,99749,100,100091,100,99616,100
2019-06-28 09:41:50.000000000,99948,248,99906,248,99966,248,99904,248,100001,100,99894,100,100005,100,99865,100,100039,100,99864,200,100040,100,99851,100,100062,100,99804,100,100067,200,99802,100,100083,100,99749,100,100091,100,99616,100
2019-06-28 09:42:00.000000000,99948,248,99906,248,99966,248,99904,248,100001,100,99894,100,100005,100,99865,100,100039,100,99864,200,100040,100,99851,100,100062,100,99804,100,100067,200,99802,100,100083,100,99749,100,100091,100,99616,100
2019-06-28 09:42:10.000000000,99948,201,99906,201,99966,198,99904,198,100001,198,99894,198,100005,100,99865,100,100039,100,99864,200,100040,100,99851,100,100062,100,99804,100,100067,200,99802,100,100083,100,99749,100,100091,100,99616,100
2019-06-28 09:42:20.000000000,99948,159,99906,159,99966,159,99904,159,100001,159,99894,159,100005,159,99865,159,100039,159,99864,259,100040,100,99851,100,100062,100,99804,100,100067,200,99802,100,100083,100,99749,100,100091,100,99616,100
2019-06-28 09:42:22.297527750,99948,159,99906,159,99966,159,99904,159,100001,159,99894,159,100005,159,99865,159,100039,159,99864,259,100040,100,99851,100,100062,100,99804,100,100067,200,99802,100,100083,100,99749,100,100091,100,99616,100
2019-06-28 09:42:26.933135668,99948,159,99906,59,99966,159,99904,159,100001,159,99894,159,100005,159,99865,159,100039,159,99864,259,100040,100,99851,100,100062,100,99804,100,100067,100,99802,100,100083,100,99749,100,100091,100,99616,100
2019-06-28 09:42:30.000000000,99948,397,99904,397,99966,100,99894,100,100001,100,99865,100,100005,100,99864,200,100039,100,99851,100,100040,100,99804,100,100062,100,99802,100,100067,100,99749,100,100083,100,99616,100,100091,100,99565,100
2019-06-28 09:42:40.000000000,99948,397,99904,397,99966,100,99894,100,100001,100,99865,100,100005,100,99864,200,100039,100,99851,100,100040,100,99804,100,100062,100,99802,100,100067,100,99749,100,100083,100,99616,100,100091,100,99565,100
2019-06-28 09:42:50.000000000,99948,201,99904,201,99966,198,99894,198,100001,198,99865,198,100005,100,99864,200,100039,100,99851,100,100040,100,99804,100,100062,100,99802,100,100067,100,99749,100,100083,100,99616,100,100091,100,99565,100
2019-06-28 09:42:56.001787933,99948,201,99904,201,99966,198,99894,198,100001,198,99865,198,100005,100,99864,200,100039,100,99851,100,100040,100,99804,100,100062,100,99802,100,100067,100,99749,100,100083,100,99616,100,100091,100,99565,100
2019-06-28 09:43:00.000000000,99948,159,99904,159,99966,159,99894,159,100001,159,99865,159,100005,159,99864,259,100039,159,99851,159,100040,100,99804,100,100062,100,99802,100,100067,100,99749,100,100083,100,99616,100,100091,100,99565,100
2019-06-28 09:43:02.169116080,99948,159,99904,59,99966,159,99894,159,100001,159,99865,159,100005,159,99864,259,100039,159,99851,159,100040,100,99804,100,100062,100,99802,100,100067,100,99749,100,100083,100,99616,100,100091,100,99565,100
2019-06-28 09:43:08.579872173,99948,159,99904,59,99966,159,99894,159,100001,159,99865,159,100005,159,99864,259,100039,159,99851,159,100040,100,99804,100,100062,100,99802,100,100067,100,99749,100,100083,100,99616,100,100091,100,99565,100
2019-06-28 09:43:10.000000000,99948,159,99894,159,99966,159,99865,159,100001,159,99864,259,100005,159,99851,159,100039,159,99804,159,100040,100,99802,100,100062,100,99749,100,100067,100,99616,100,100083,100,99565,100,100091,100,99370,100
2019-06-28 09:43:20.000000000,99948,201,99894,201,99966,198,99865,198,100001,198,99864,298,100005,100,99851,100,100039,100,99804,100,100040,100,99802,100,100062,100,99749,100,100067,100,99616,100,100083,100,99565,100,100091,100,99370,100
2019-06-28 09:43:30.000000000,99948,248,99894,248,99966,248,99865,248,100001,100,99864,200,100005,100,99851,100,100039,100,99804,100,100040,100,99802,100,100062,100,99749,100,100067,100,99616,100,100083,100,99565,100,100091,100,99370,100
2019-06-28 09:43:40.000000000,99948,248,99894,248,99966,248,99865,248,100001,100,99864,200,100005,100,99851,100,100039,100,99804,100,100040,100,99802,100,100062,100,99749,100,100067,100,99616,100,100083,100,99565,100,100091,100,99370,100
2019-06-28 09:43:50.000000000,99948,248,99894,248,99966,248,99865,248,100001,100,99864,200,100005,100,99851,100,100039,100,99804,100,100040,100,99802,100,100062,100,99749,100,100067,100,99616,100,100083,100,99565,100,100091,100,99370,100
2019-06-28 09:44:00.000000000,99948,174,99894,174,99966,174,99865,174,100001,174,99864,274,100005,174,99851,174,100039,100,99804,100,100040,100,99802,100,100062,100,99749,100,100067,100,99616,100,100083,100,99565,100,100091,100,99370,100
2019-06-28 09:44:03.130280176,99948,174,99894,74,99966,174,99865,174,100001,174,99864,274,100005,174,99851,174,100039,100,99804,100,100040,100,99802,100,100062,100,99749,100,100067,100,99616,100,100083,100,99565,100,100091,100,99370,100
2019-06-28 09:44:10.000000000,99948,174,99865,174,99966,174,99864,274,100001,174,99851,174,100005,174,99804,174,100039,100,99802,100,100040,100,99749,100,100062,100,99616,100,100067,100,99565,100,100083,100,99370,100,100091,100,99168,100
2019-06-28 09:44:14.060763655,99904,100,99865,174,99948,174,99864,274,99966,174,99851,174,100001,174,99804,174,100005,174,99802,100,100039,100,99749,100,100040,100,99616,100,100062,100,99565,100,100067,100,99370,100,100083,100,99168,100
2019-06-28 09:44:14.775673738,99904,100,99865,74,99948,174,99864,274,99966,174,99851,174,100001,174,99804,174,100005,174,99802,100,100039,100,99749,100,100040,100,99616,100,100062,100,99565,100,100067,100,99370,100,100083,100,99168,100
2019-06-28 09:44:20.000000000,99904,201,99864,301,99948,198,99851,198,99966,198,99804,198,100001,100,99802,100,100005,100,99749,100,100039,100,99616,100,100040,100,99565,100,100062,100,99370,100,100067,100,99168,100,100083,100,99132,100
2019-06-28 09:44:30.000000000,99904,201,99864,301,99948,198,99851,198,99966,198,99804,198,100001,100,99802,100,100005,100,99749,100,100039,100,99616,100,100040,100,99565,100,100062,100,99370,100,100067,100,99168,100,100083,100,99132,100
2019-06-28 09:44:40.000000000,99904,248,99864,348,99948,248,99851,248,99966,100,99804,100,100001,100,99802,100,100005,100,99749,100,100039,100,99616,100,100040,100,99565,100,100062,100,99370,100,100067,100,99168,100,100083,100,99132,100
2019-06-28 09:44:46.521650325,99904,248,99864,248,99948,248,99851,248,99966,100,99804,100,100001,100,99802,100,100005,100,99749,100,100039,100,99616,100,100040,100,99565,100,100062,100,99370,100,100067,100,99168,100,100083,100,99132,100
2019-06-28 09:44:50.000000000,99904,248,99864,248,99948,248,99851,248,99966,100,99804,100,100001,100,99802,100,100005,100,99749,100,100039,100,99616,100,100040,100,99565,100,100062,100,99370,100,100067,100,99168,100,100083,100,99132,100
2019-06-28 09:44:55.599450501,99904,248,99864,148,99948,248,99851,248,99966,100,99804,100,100001,100,99802,100,100005,100,99616,100,100039,100,99565,100,100040,100,99370,100,100062,100,99168,100,100067,100,99132,100,100083,100,99118,100
2019-06-28 09:45:00.000000000,99904,174,99851,174,99948,174,99804,174,99966,174,99802,174,100001,174,99616,174,100005,100,99565,100,100039,100,99370,100,100040,100,99168,100,100062,100,99132,100,100067,100,99118,100,100083,100,98758,100
2019-06-28 09:45:00.207774944,99904,174,99851,74,99948,174,99804,174,99966,174,99802,174,100001,174,99616,174,100005,100,99565,100,100039,100,99370,100,100040,100,99168,100,100062,100,99132,100,100067,100,99118,100,100091,100,98758,100
2019-06-28 09:45:10.000000000,99904,174,99804,174,99948,174,99802,174,99966,174,99616,174,100001,174,99565,174,100005,100,99370,100,100039,100,99168,100,100040,100,99132,100,100062,100,99118,100,100067,100,98758,100,100091,100,,
2019-06-28 09:45:20.000000000,99904,248,99804,248,99948,248,99802,248,99966,100,99616,100,100001,100,99565,100,100005,100,99370,100,100039,100,99168,100,100040,100,99132,100,100062,100,99118,100,100067,100,98758,100,100091,100,,
2019-06-28 09:45:23.241820489,99904,248,99804,248,99948,248,99802,248,99966,100,99616,100,100001,100,99565,100,100005,100,99370,100,100039,100,99306,100,100040,100,99168,100,100062,100,99132,100,100067,100,99118,100,100091,100,98758,100
2019-06-28 09:45:24.909686035,99904,248,99804,248,99948,248,99802,248,99966,100,99616,100,100001,100,99565,100,100005,100,99370,100,100039,100,99306,100,100040,100,99248,100,100062,100,99168,100,100067,100,99132,100,100091,100,99118,100
2019-06-28 09:45:30.000000000,99904,159,99804,159,99948,159,99802,159,99966,159,99616,159,100001,159,99565,159,100005,159,99370,159,100039,100,99306,100,100040,100,99248,100,100062,100,99168,100,100067,100,99132,100,100091,100,99118,100
2019-06-28 09:45:40.000000000,99904,159,99804,159,99948,159,99802,159,99966,159,99616,159,100001,159,99565,159,100005,159,99370,159,100039,100,99306,100,100040,100,99248,100,100062,100,99168,100,100067,100,99132,100,100091,100,99118,100
2019-06-28 09:45:50.000000000,99904,159,99804,159,99948,159,99802,159,99966,159,99616,159,100001,159,99565,159,100005,159,99370,159,100039,100,99306,100,100040,100,99248,100,100062,100,99168,100,100067,100,99132,100,100091,100,99118,100
2019-06-28 09:46:00.000000000,99904,248,99804,248,99948,248,99802,248,99966,100,99616,100,100001,100,99565,100,100005,100,99370,100,100039,100,99306,100,100040,100,99248,100,100062,100,99168,100,100067,100,99132,100,100091,100,99118,100
2019-06-28 09:46:00.501437381,99904,248,99804,148,99948,248,99802,148,99966,100,99616,100,100001,100,99565,100,100005,100,99370,100,100039,100,99306,100,100040,100,99248,100,100062,100,99168,100,100067,100,99132,100,100091,100,99118,100
2019-06-28 09:46:10.000000000,99904,159,99616,159,99948,159,99565,159,99966,159,99370,159,100001,159,99306,159,100005,159,99248,159,100039,100,99168,100,100040,100,99132,100,100062,100,99118,100,100067,100,98758,100,100091,100,,
2019-06-28 09:46:20.000000000,99904,248,99616,248,99948,248,99565,248,99966,100,99370,100,100001,100,99306,100,100005,100,99248,100,100039,100,99168,100,100040,100,99132,100,100062,100,99118,100,100067,100,98758,100,100091,100,,
2019-06-28 09:46:20.553121057,99904,248,99616,248,99948,248,99565,248,99966,100,99378,100,100001,100,99370,100,100005,100,99306,100,100039,100,99248,100,100040,100,99168,100,100062,100,99132,100,100067,100,99118,100,100091,100,98758,100
2019-06-28 09:46:20.640005184,99904,248,99616,248,99948,248,99565,248,99966,100,99378,100,100001,100,99370,100,100005,100,99352,100,100039,100,99306,100,100040,100,99248,100,100062,100,99168,100,100067,100,99132,100,100091,100,99118,100
2019-06-28 09:46:25.216574448,99851,100,99616,248,99904,248,99565,248,99948,248,99378,100,99966,100,99370,100,100001,100,99352,100,100005,100,99306,100,100039,100,99248,100,100040,100,99168,100,100062,100,99132,100,100067,100,99118,100
2019-06-28 09:46:30.000000000,99851,201,99616,201,99904,198,99565,198,99948,198,99378,198,99966,100,99370,100,100001,100,99352,100,100005,100,99306,100,100039,100,99248,100,100040,100,99168,100,100062,100,99132,100,100067,100,99118,100
2019-06-28 09:46:36.898965835,99851,201,99616,101,99904,198,99565,198,99948,198,99378,198,99966,100,99370,100,100001,100,99352,100,100005,100,99306,100,100039,100,99248,100,100040,100,99168,100,100062,100,99132,100,100067,100,99118,100
2019-06-28 09:46:40.000000000,99851,248,99565,248,99904,248,99378,248,99948,100,99370,100,99966,100,99352,100,100001,100,99306,100,100005,100,99248,100,100039,100,99168,100,100040,100,99132,100,100062,100,99118,100,100067,100,98758,100
2019-06-28 09:46:49.318243418,99851,248,99565,148,99904,248,99378,248,99948,100,99370,100,99966,100,99352,100,100001,100,99306,100,100005,100,99248,100,100039,100,99168,100,100040,100,99132,100,100062,100,99118,100,100067,100,98758,100
2019-06-28 09:46:50.000000000,99851,201,99378,201,99904,198,99370,198,99948,198,99352,198,99966,100,99306,100,100001,100,99248,100,100005,100,99168,100,100039,100,99132,100,100040,100,99118,100,100062,100,98758,100,100067,100,,
2019-06-28 09:46:50.469706551,99660,100,99378,201,99851,201,99370,198,99904,198,99352,198,99948,198,99306,100,99966,100,99248,100,100001,100,99168,100,100005,100,99132,100,100039,100,99118,100,100040,100,98758,100,100062,100,,
2019-06-28 09:46:57.022470387,99435,100,99378,201,99660,100,99370,198,99851,201,99352,198,99904,198,99306,100,99948,198,99248,100,99966,100,99168,100,100001,100,99118,100,100005,100,98758,100,100039,100,,,100040,100,,
2019-06-28 09:47:00.000000000,99435,159,99378,159,99660,159,99370,159,99851,159,99352,159,99904,159,99306,159,99948,159,99248,159,99966,100,99168,100,100001,100,99118,100,100005,100,98758,100,100039,100,,,100040,100,,
2019-06-28 09:47:10.000000000,99435,201,99378,201,99660,198,99370,198,99851,198,99352,198,99904,100,99306,100,99948,100,99248,100,99966,100,99168,100,100001,100,99118,100,100005,100,98758,100,100039,100,,,100040,100,,
2019-06-28 09:47:17.998452872,99435,101,99378,201,99660,198,99370,198,99851,198,99352,198,99904,100,99306,100,99948,100,99248,100,99966,100,99168,100,100001,100,99118,100,100005,100,98758,100,100039,100,,,100040,100,,
2019-06-28 09:47:20.000000000,99660,397,99378,397,99851,100,99370,100,99904,100,99352,100,99948,100,99306,100,99966,100,99248,100,100001,100,99168,100,100005,100,99118,100,100039,100,98758,100,100040,100,,,100062,100,,
2019-06-28 09:47:22.717012676,99660,297,99378,397,99851,100,99370,100,99904,100,99352,100,99948,100,99306,100,99966,100,99248,100,100001,100,99168,100,100005,100,99118,100,100039,100,98758,100,100040,100,,,100062,100,,
2019-06-28 09:47:26.228117070,99660,197,99378,397,99851,100,99370,100,99904,100,99352,100,99948,100,99306,100,99966,100,99248,100,100001,100,99168,100,100005,100,99118,100,100039,100,98758,100,100040,100,,,100062,100,,
2019-06-28 09:47:28.632920490,99660,197,99590,100,99851,100,99378,397,99904,100,99370,100,99948,100,99352,100,99966,100,99306,100,100001,100,99248,100,100005,100,99168,100,100039,100,99118,100,100040,100,98758,100,100062,100,,
2019-06-28 09:47:30.000000000,99851,159,99590,159,99904,159,99378,159,99948,159,99370,159,99966,159,99352,159,100001,159,99306,159,100005,100,99248,100,100039,100,99168,100,100040,100,99118,100,100062,100,98758,100,100067,100,,
2019-06-28 09:47:40.000000000,99851,397,99590,397,99904,100,99378,100,99948,100,99370,100,99966,100,99352,100,100001,100,99306,100,100005,100,99248,100,100039,100,99168,100,100040,100,99118,100,100062,100,98758,100,100067,100,,
2019-06-28 09:47:50.000000000,99851,159,99590,159,99904,159,99378,159,99948,159,99370,159,99966,159,99352,159,100001,159,99306,159,100005,100,99248,100,100039,100,99168,100,100040,100,99118,100,100062,100,98758,100,100067,100,,
2019-06-28 09:48:00.000000000,99851,201,99590,201,99904,198,99378,198,99948,198,99370,198,99966,100,99352,100,100001,100,99306,100,100005,100,99248,100,100039,100,99168,100,100040,100,99118,100,100062,100,98758,100,100067,100,,
2019-06-28 09:48:10.000000000,99851,397,99590,397,99904,100,99378,100,99948,100,99370,100,99966,100,99352,100,100001,100,99306,100,100005,100,99248,100,100039,100,99168,100,100040,100,99118,100,100062,100,98758,100,100067,100,,
2019-06-28 09:48:20.000000000,99851,397,99590,397,99904,100,99378,100,99948,100,99370,100,99966,100,99352,100,100001,100,99306,100,100005,100,99248,100,100039,100,99168,100,100040,100,99118,100,100062,100,98758,100,100067,100,,
2019-06-28 09:48:30.000000000,99851,174,99590,174,99904,174,99378,174,99948,174,99370,174,99966,174,99352,174,100001,100,99306,100,100005,100,99248,100,100039,100,99168,100,100040,100,99118,100,100062,100,98758,100,100067,100,,
2019-06-28 09:48:40.000000000,99851,174,99590,174,99904,174,99378,174,99948,174,99370,174,99966,174,99352,174,100001,100,99306,100,100005,100,99248,100,100039,100,99168,100,100040,100,99118,100,100062,100,98758,100,100067,100,,
2019-06-28 09:48:45.659799775,99851,74,99590,174,99904,174,99378,174,99948,174,99370,174,99966,174,99352,174,100001,100,99306,100,100005,100,99248,100,100039,100,99168,100,100040,100,99118,100,100062,100,98758,100,100067,100,,
2019-06-28 09:48:50.000000000,99904,201,99590,201,99948,198,99378,198,99966,198,99370,198,100001,100,99352,100,100005,100,99306,100,100039,100,99248,100,100040,100,99168,100,100062,100,99118,100,100067,100,98758,100,100091,100,,
2019-06-28 09:48:57.080248800,99850,100,99590,201,99904,201,99378,198,99948,198,99370,198,99966,198,99352,100,100001,100,99306,100,100005,100,99248,100,100039,100,99168,100,100040,100,99118,100,100062,100,98758,100,100067,100,,
2019-06-28 09:49:00.000000000,99850,201,99590,201,99904,198,99378,198,99948,198,99370,198,99966,100,99352,100,100001,100,99306,100,100005,100,99248,100,100039,100,99168,100,100040,100,99118,100,100062,100,98758,100,100067,100,,
2019-06-28 09:49:10.000000000,99850,159,99590,159,99904,159,99378,159,99948,159,99370,159,99966,159,99352,159,100001,159,99306,159,100005,100,99248,100,100039,100,99168,100,100040,100,99118,100,100062,100,98758,100,100067,100,,
2019-06-28 09:49:20.000000000,99850,174,99590,174,99904,174,99378,174,99948,174,99370,174,99966,174,99352,174,100001,100,99306,100,100005,100,99248,100,100039,100,99168,100,100040,100,99118,100,100062,100,98758,100,100067,100,,
2019-06-28 09:49:20.951061695,99850,74,99590,174,99904,174,99378,174,99948,174,99370,174,99966,174,99352,174,100001,100,99306,100,100005,100,99248,100,100039,100,99168,100,100040,100,99118,100,100062,100,98758,100,100067,100,,
2019-06-28 09:49:30.000000000,99904,174,99590,174,99948,174,99378,174,99966,174,99370,174,100001,174,99352,174,100005,100,99306,100,100039,100,99248,100,100040,100,99168,100,100062,100,99118,100,100067,100,98758,100,100091,100,,
2019-06-28 09:49:35.934621365,99904,174,99590,174,99948,174,99378,174,99966,174,99370,174,100001,174,99352,174,100005,100,99306,100,100011,100,99248,100,100039,100,99168,100,100040,100,99118,100,100062,100,98758,100,100067,100,,
2019-06-28 09:49:40.000000000,99904,248,99590,248,99948,248,99378,248,99966,100,99370,100,100001,100,99352,100,100005,100,99306,100,100011,100,99248,100,100039,100,99168,100,100040,100,99118,100,100062,100,98758,100,100067,100,,
2019-06-28 09:49:50.000000000,99904,159,99590,159,99948,159,99378,159,99966,159,99370,159,100001,159,99352,159,100005,159,99306,159,100011,100,99248,100,100039,100,99168,100,100040,100,99118,100,100062,100,98758,100,100067,100,,
2019-06-28 09:49:53.550707952,99895,100,99590,159,99904,159,99378,159,99948,159,99370,159,99966,159,99352,159,100001,159,99306,159,100005,159,99248,100,100011,100,99168,100,100039,100,99118,100,100040,100,98758,100,100062,100,,
2019-06-28 09:50:00.000000000,99895,159,99590,159,99904,159,99378,159,99948,159,99370,159,99966,159,99352,159,100001,159,99306,159,100005,100,99248,100,100011,100,99168,100,100039,100,99118,100,100040,100,98758,100,100062,100,,
2019-06-28 09:50:03.571881230,99895,159,99590,159,99904,159,99378,159,99948,159,99370,159,99966,159,99352,159,100001,159,99306,159,100005,100,99248,100,100011,100,99168,100,100039,100,99118,100,100040,100,98758,100,100062,100,,
2019-06-28 09:50:04.827420885,99895,159,99850,100,99904,159,99590,159,99948,159,99378,159,99966,159,99370,159,100001,159,99352,159,100005,100,99306,159,100011,100,99248,100,100039,100,99168,100,100040,100,99118,100,100062,100,98758,100
2019-06-28 09:50:10.000000000,99895,201,99850,201,99904,198,99590,198,99948,198,99378,198,99966,100,99370,100,100001,100,99352,100,100005,100,99306,100,100011,100,99248,100,100039,100,99168,100,100040,100,99118,100,100062,100,98758,100
2019-06-28 09:50:13.629463540,99895,201,99850,301,99904,198,99590,198,99948,198,99378,198,99966,100,99370,100,100001,100,99352,100,100005,100,99306,100,100011,100,99248,100,100039,100,99168,100,100040,100,99118,100,100062,100,98758,100
2019-06-28 09:50:20.000000000,99895,248,99850,348,99904,248,99590,248,99948,100,99378,100,99966,100,99370,100,100001,100,99352,100,100005,100,99306,100,100011,100,99248,100,100039,100,99168,100,100040,100,99118,100,100062,100,98758,100
2019-06-28 09:50:30.000000000,99895,248,99850,348,99904,248,99590,248,99948,100,99378,100,99966,100,99370,100,100001,100,99352,100,100005,100,99306,100,100011,100,99248,100,100039,100,99168,100,100040,100,99118,100,100062,100,98758,100
2019-06-28 09:50:30.979455488,99895,248,99850,448,99904,248,99590,248,99948,100,99378,100,99966,100,99370,100,100001,100,99352,100,100005,100,99306,100,100011,100,99248,100,100039,100,99168,100,100040,100,99118,100,100062,100,98758,100
2019-06-28 09:50:32.542616014,99895,248,99850,448,99904,248,99590,248,99913,100,99378,100,99948,100,99370,100,99966,100,99352,100,100001,100,99306,100,100005,100,99248,100,100011,100,99168,100,100039,100,99118,100,100040,100,98758,100
2019-06-28 09:50:35.660567281,99895,248,99850,448,99904,248,99687,100,99913,100,99590,248,99948,100,99378,100,99966,100,99370,100,100001,100,99352,100,100005,100,99306,100,100011,100,99248,100,100039,100,99168,100,100040,100,99118,100
2019-06-28 09:50:40.000000000,99895,174,99850,374,99904,174,99687,174,99913,174,99590,174,99948,174,99378,174,99966,100,99370,100,100001,100,99352,100,100005,100,99306,100,100011,100,99248,100,100039,100,99168,100,100040,100,99118,100
2019-06-28 09:50:50.000000000,99895,201,99850,401,99904,198,99687,198,99913,198,99590,198,99948,100,99378,100,99966,100,99370,100,100001,100,99352,100,100005,100,99306,100,100011,100,99248,100,100039,100,99168,100,100040,100,99118,100
2019-06-28 09:50:58.235368820,99895,201,99850,301,99904,198,99687,198,99913,198,99590,198,99948,100,99378,100,99966,100,99370,100,100001,100,99352,100,100005,100,99306,100,100011,100,99168,100,100039,100,99118,100,100040,100,98758,100
2019-06-28 09:51:00.000000000,99895,397,99850,497,99904,100,99687,100,99913,100,99590,100,99948,100,99378,100,99966,100,99370,100,100001,100,99352,100,100005,100,99306,100,100011,100,99168,100,100039,100,99118,100,100040,100,98758,100
2019-06-28 09:51:07.167917716,99895,397,99850,497,99904,100,99687,100,99913,100,99590,100,99948,100,99378,100,99966,100,99370,100,100001,100,99306,100,100005,100,99168,100,100008,100,99118,100,100011,100,98758,100,100039,100,,
2019-06-28 09:51:10.000000000,99895,159,99850,259,99904,159,99687,159,99913,159,99590,159,99948,159,99378,159,99966,159,99370,159,100001,100,99306,100,100005,100,99168,100,100008,100,99118,100,100011,100,98758,100,100039,100,,
2019-06-28 09:51:14.567654787,99895,59,99850,259,99904,159,99687,159,99913,59,99590,159,99948,159,99378,159,99966,159,99370,159,100001,100,99306,100,100005,100,99168,100,100008,100,99118,100,100011,100,98758,100,100039,100,,
2019-06-28 09:51:20.000000000,99904,159,99850,259,99948,159,99687,159,99966,159,99590,159,100001,159,99378,159,100005,159,99370,159,100008,100,99306,100,100011,100,99168,100,100039,100,99118,100,100040,100,98758,100,100062,100,,
2019-06-28 09:51:30.000000000,99904,174,99850,274,99948,174,99687,174,99966,174,99590,174,100001,174,99378,174,100005,100,99370,100,100008,100,99306,100,100011,100,99168,100,100039,100,99118,100,100040,100,98758,100,100062,100,,
2019-06-28 09:51:40.000000000,99904,159,99850,259,99948,159,99687,159,99966,159,99590,159,100001,159,99378,159,100005,159,99370,159,100008,100,99306,100,100011,100,99168,100,100039,100,99118,100,100040,100,98758,100,100062,100,,
2019-06-28 09:51:43.500025595,99904,159,99893,100,99948,159,99850,259,99966,159,99687,159,100001,159,99590,159,100005,159,99378,159,100008,100,99370,159,100011,100,99306,100,100039,100,99168,100,100040,100,99118,100,100062,100,98758,100
2019-06-28 09:51:50.000000000,99904,159,99893,159,99948,159,99850,259,99966,159,99687,159,100001,159,99590,159,100005,159,99378,159,100008,100,99370,100,100011,100,99306,100,100039,100,99168,100,100040,100,99118,100,100062,100,98758,100
2019-06-28 09:52:00.000000000,99904,159,99893,159,99948,159,99850,259,99966,159,99687,159,100001,159,99590,159,100005,159,99378,159,100008,100,99370,100,100011,100,99306,100,100039,100,99168,100,100040,100,99118,100,100062,100,98758,100
2019-06-28 09:52:10.000000000,99904,174,99893,174,99948,174,99850,274,99966,174,99687,174,100001,174,99590,174,100005,100,99378,100,100008,100,99370,100,100011,100,99306,100,100039,100,99168,100,100040,100,99118,100,100062,100,98758,100
2019-06-28 09:52:20.000000000,99904,174,99893,174,99948,174,99850,274,99966,174,99687,174,100001,174,99590,174,100005,100,99378,100,100008,100,99370,100,100011,100,99306,100,100039,100,99168,100,100040,100,99118,100,100062,100,98758,100
2019-06-28 09:52:30.000000000,99904,248,99893,248,99948,248,99850,348,99966,100,99687,100,100001,100,99590,100,100005,100,99378,100,100008,100,99370,100,100011,100,99306,100,100039,100,99168,100,100040,100,99118,100,100062,100,98758,100
2019-06-28 09:52:33.558057652,99904,248,99893,148,99948,248,99850,348,99966,100,99687,100,100001,100,99590,100,100005,100,99378,100,100008,100,99370,100,100011,100,99306,100,100039,100,99168,100,100040,100,99118,100,100062,100,98758,100
2019-06-28 09:52:39.380112270,99904,248,99893,48,99948,248,99850,348,99966,100,99687,100,100001,100,99590,100,100005,100,99378,100,100008,100,99370,100,100011,100,99306,100,100039,100,99168,100,100040,100,99118,100,100062,100,98758,100
2019-06-28 09:52:40.000000000,99904,174,99850,274,99948,174,99687,174,99966,174,99590,174,100001,174,99378,174,100005,100,99370,100,100008,100,99306,100,100011,100,99168,100,100039,100,99118,100,100040,100,98758,100,100062,100,,
2019-06-28 09:52:44.749644688,99893,100,99850,174,99904,174,99687,174,99948,174,99590,174,99966,174,99378,174,100001,174,99370,100,100005,100,99306,100,100008,100,99168,100,100011,100,99118,100,100039,100,98758,100,100040,100,,
2019-06-28 09:52:50.000000000,99893,174,99850,174,99904,174,99687,174,99948,174,99590,174,99966,174,99378,174,100001,100,99370,100,100005,100,99306,100,100008,100,99168,100,100011,100,99118,100,100039,100,98758,100,100040,100,,
2019-06-28 09:53:00.000000000,99893,248,99850,248,99904,248,99687,248,99948,100,99590,100,99966,100,99378,100,100001,100,99370,100,100005,100,99306,100,100008,100,99168,100,100011,100,99118,100,100039,100,98758,100,100040,100,,
2019-06-28 09:53:08.879961608,99893,248,99850,248,99904,248,99687,248,99948,100,99590,100,99966,100,99378,100,100001,100,99370,100,100005,100,99168,100,100008,100,99118,100,100011,100,98758,100,100039,100,,,100040,100,,
2019-06-28 09:53:10.000000000,99893,248,99850,248,99904,248,99687,248,99948,100,99590,100,99966,100,99378,100,100001,100,99370,100,100005,100,99168,100,100008,100,99118,100,100011,100,98758,100,100039,100,,,100040,100,,
2019-06-28 09:53:20.000000000,99893,201,99850,201,99904,198,99687,198,99948,198,99590,198,99966,100,99378,100,100001,100,99370,100,100005,100,99168,100,100008,100,99118,100,100011,100,98758,100,100039,100,,,100040,100,,
2019-06-28 09:53:23.197740833,99893,201,99850,201,99904,198,99779,100,99948,198,99687,198,99966,100,99590,198,100001,100,99378,100,100005,100,99370,100,100008,100,99168,100,100011,100,99118,100,100039,100,98758,100,100040,100,,
2019-06-28 09:53:24.822708928,99893,201,99871,100,99904,198,99850,201,99948,198,99779,100,99966,100,99687,198,100001,100,99590,198,100005,100,99378,100,100008,100,99370,100,100011,100,99168,100,100039,100,99118,100,100040,100,98758,100
2019-06-28 09:53:25.595935334,99893,101,99871,100,99904,198,99850,201,99948,198,99779,100,99966,100,99687,198,100001,100,99590,198,100005,100,99378,100,100008,100,99370,100,100011,100,99168,100,100039,100,99118,100,100040,100,98758,100
2019-06-28 09:53:30.000000000,99904,201,99871,201,99948,198,99850,198,99966,198,99779,198,100001,100,99687,100,100005,100,99590,100,100008,100,99378,100,100011,100,99370,100,100039,100,99168,100,100040,100,99118,100,100062,100,98758,100
2019-06-28 09:53:35.242821126,99904,201,99871,201,99948,198,99850,98,99966,198,99779,198,100001,100,99687,100,100005,100,99590,100,100008,100,99378,100,100011,100,99370,100,100039,100,99168,100,100040,100,99118,100,100062,100,98758,100
2019-06-28 09:53:39.987010442,99904,201,99871,201,99948,198,99850,98,99966,198,99779,198,100001,100,99687,100,100005,100,99590,100,100008,100,99378,100,100011,100,99370,100,100039,100,99168,100,100040,100,99118,100,100062,100,98758,100
2019-06-28 09:53:40.000000000,99904,201,99871,201,99948,198,99779,198,99966,198,99687,198,100001,100,99590,100,100005,100,99378,100,100008,100,99370,100,100011,100,99168,100,100039,100,99118,100,100040,100,98758,100,100062,100,,
2019-06-28 09:53:46.965878331,99904,201,99871,201,99948,198,99779,198,99966,198,99687,198,99967,100,99378,100,100001,100,99370,100,100005,100,99168,100,100008,100,99118,100,100011,100,98758,100,100039,100,,,100040,100,,
2019-06-28 09:53:49.911738534,99904,201,99871,201,99948,198,99779,198,99966,198,99756,100,99967,100,99687,198,100001,100,99378,100,100008,100,99370,100,100011,100,99168,100,100039,100,99118,100,100040,100,98758,100,100062,100,,
2019-06-28 09:53:50.000000000,99904,174,99871,174,99948,174,99779,174,99966,174,99756,174,99967,174,99687,174,100001,100,99378,100,100008,100,99370,100,100011,100,99168,100,100039,100,99118,100,100040,100,98758,100,100062,100,,
2019-06-28 09:53:50.126349096,99904,174,99871,174,99908,100,99779,174,99948,174,99756,174,99966,174,99687,174,99967,174,99378,100,100001,100,99370,100,100008,100,99168,100,100011,100,99118,100,100039,100,98758,100,100040,100,,
2019-06-28 09:54:00.000000000,99904,248,99871,248,99908,248,99779,248,99948,100,99756,100,99966,100,99687,100,99967,100,99378,100,100001,100,99370,100,100008,100,99168,100,100011,100,99118,100,100039,100,98758,100,100040,100,,
2019-06-28 09:54:10.000000000,99904,201,99871,201,99908,198,99779,198,99948,198,99756,198,99966,100,99687,100,99967,100,99378,100,100001,100,99370,100,100008,100,99168,100,100011,100,99118,100,100039,100,98758,100,100040,100,,
2019-06-28 09:54:12.134731724,99904,101,99871,201,99908,198,99779,198,99948,198,99756,198,99966,100,99687,100,99967,100,99378,100,100001,100,99370,100,100008,100,99168,100,100011,100,99118,100,100039,100,98758,100,100040,100,,
2019-06-28 09:54:17.125097036,99904,101,99871,201,99908,198,99779,98,99948,198,99756,198,99966,100,99687,100,99967,100,99378,100,100001,100,99370,100,100008,100,99168,100,100011,100,99118,100,100039,100,98758,100,100040,100,,
2019-06-28 09:54:20.000000000,99908,201,99871,201,99948,198,99756,198,99966,198,99687,198,99967,100,99378,100,100001,100,99370,100,100008,100,99168,100,100011,100,99118,100,100039,100,98758,100,100040,100,,,100062,100,,
2019-06-28 09:54:30.000000000,99908,201,99871,201,99948,198,99756,198,99966,198,99687,198,99967,100,99378,100,100001,100,99370,100,100008,100,99168,100,100011,100,99118,100,100039,100,98758,100,100040,100,,,100062,100,,
2019-06-28 09:54:40.000000000,99908,159,99871,159,99948,159,99756,159,99966,159,99687,159,99967,159,99378,159,100001,159,99370,159,100008,100,99168,100,100011,100,99118,100,100039,100,98758,100,100040,100,,,100062,100,,
2019-06-28 09:54:42.917370746,99908,159,99871,159,99948,159,99756,159,99966,159,99687,59,99967,159,99378,159,100001,159,99370,159,100008,100,99168,100,100011,100,99118,100,100039,100,98758,100,100040,100,,,100062,100,,
2019-06-28 09:54:50.000000000,99908,248,99871,248,99948,248,99756,248,99966,100,99378,100,99967,100,99370,100,100001,100,99168,100,100008,100,99118,100,100011,100,98758,100,100039,100,,,100040,100,,,100062,100,,
2019-06-28 09:54:51.856863814,99908,148,99871,248,99948,248,99756,248,99966,100,99378,100,99967,100,99370,100,100001,100,99168,100,100008,100,99118,100,100011,100,98758,100,100039,100,,,100040,100,,,100062,100,,
2019-06-28 09:55:00.000000000,99948,397,99871,397,99966,100,99756,100,99967,100,99378,100,100001,100,99370,100,100008,100,99168,100,100011,100,99118,100,100039,100,98758,100,100040,100,,,100062,100,,,100068,100,,
2019-06-28 09:55:10.000000000,99948,397,99871,397,99966,100,99756,100,99967,100,99378,100,100001,100,99370,100,100008,100,99168,100,100011,100,99118,100,100039,100,98758,100,100040,100,,,100062,100,,,100068,100,,
2019-06-28 09:55:20.000000000,99948,248,99871,248,99966,248,99756,248,99967,100,99378,100,100001,100,99370,100,100008,100,99168,100,100011,100,99118,100,100039,100,98758,100,100040,100,,,100062,100,,,100068,100,,
2019-06-28 09:55:30.000000000,99948,248,99871,248,99966,248,99756,248,99967,100,99378,100,100001,100,99370,100,100008,100,99168,100,100011,100,99118,100,100039,100,98758,100,100040,100,,,100062,100,,,100068,100,,
2019-06-28 09:55:30.449026063,99948,248,99893,100,99966,148,99871,248,99967,100,99756,248,100001,100,99378,100,100008,100,99370,100,100011,100,99168,100,100039,100,99118,100,100040,100,98758,100,100062,100,,,100068,100,,
2019-06-28 09:55:35.880337289,99948,248,99893,200,99966,148,99871,248,99967,100,99756,248,100001,100,99378,100,100008,100,99370,100,100011,100,99168,100,100039,100,99118,100,100040,100,98758,100,100062,100,,,100068,100,,
2019-06-28 09:55:38.539384095,99948,248,99893,300,99966,148,99871,248,99967,100,99756,248,100008,100,99378,100,100011,100,99370,100,100039,100,99168,100,100040,100,99118,100,100062,100,98758,100,100068,100,,,100091,100,,
2019-06-28 09:55:40.000000000,99948,201,99893,401,99967,198,99871,198,100008,198,99756,198,100011,100,99378,100,100039,100,99370,100,100040,100,99168,100,100062,100,99118,100,100068,100,98758,100,100091,100,,,100105,100,,
2019-06-28 09:55:43.089147878,99948,201,99893,501,99967,198,99871,198,100008,198,99756,198,100011,100,99378,100,100039,100,99370,100,100040,100,99168,100,100062,100,99118,100,100068,100,98758,100,100091,100,,,100105,100,,
2019-06-28 09:55:50.000000000,99948,159,99893,459,99967,159,99871,159,100008,159,99756,159,100011,159,99378,159,100039,159,99370,159,100040,100,99168,100,100062,100,99118,100,100068,100,98758,100,100091,100,,,100105,100,,
2019-06-28 09:55:57.061721126,99948,159,99893,459,99967,159,99871,159,100008,159,99756,159,100011,159,99378,159,100039,159,99370,159,100040,100,99168,100,100062,100,99118,100,100068,100,98758,100,100091,100,,,100105,100,,
2019-06-28 09:56:00.000000000,99948,201,99893,501,99967,198,99871,198,100008,198,99756,198,100011,100,99378,100,100039,100,99370,100,100040,100,99168,100,100062,100,99118,100,100068,100,98758,100,100091,100,,,100105,100,,
2019-06-28 09:56:08.228617478,99948,201,99893,601,99967,198,99871,198,100008,198,99756,198,100011,100,99378,100,100039,100,99370,100,100040,100,99168,100,100062,100,99118,100,100068,100,98758,100,100091,100,,,100105,100,,
2019-06-28 09:56:10.000000000,99948,397,99893,797,99967,100,99871,100,100008,100,99756,100,100011,100,99378,100,100039,100,99370,100,100040,100,99168,100,100062,100,99118,100,100068,100,98758,100,100091,100,,,100105,100,,
2019-06-28 09:56:12.466512955,99948,397,99893,797,99967,100,99871,100,100008,100,99756,100,100011,100,99378,100,100039,100,99370,100,100040,100,99168,100,100062,100,99118,100,100068,100,98758,100,100091,100,,,100105,100,,
2019-06-28 09:56:20.000000000,99948,174,99893,574,99967,174,99871,174,100008,174,99756,174,100011,174,99378,174,100039,100,99370,100,100040,100,99168,100,100062,100,99118,100,100068,100,98758,100,100091,100,,,100105,100,,
2019-06-28 09:56:30.000000000,99948,397,99893,797,99967,100,99871,100,100008,100,99756,100,100011,100,99378,100,100039,100,99370,100,100040,100,99168,100,100062,100,99118,100,100068,100,98758,100,100091,100,,,100105,100,,
2019-06-28 09:56:40.000000000,99948,397,99893,797,99967,100,99871,100,100008,100,99756,100,100011,100,99378,100,100039,100,99370,100,100040,100,99168,100,100062,100,99118,100,100068,100,98758,100,100091,100,,,100105,100,,
2019-06-28 09:56:41.699911958,99948,297,99893,797,99967,100,99871,100,100008,100,99756,100,100011,100,99378,100,100039,100,99370,100,100040,100,99168,100,100062,100,99118,100,100068,100,98758,100,100091,100,,,100105,100,,
2019-06-28 09:56:49.195175820,99948,297,99908,100,99967,100,99893,797,100008,100,99871,100,100011,100,99756,100,100039,100,99378,100,100040,100,99370,100,100062,100,99168,100,100068,100,99118,100,100091,100,98758,100,100105,100,,
2019-06-28 09:56:50.000000000,99967,174,99908,174,100008,174,99893,574,100011,174,99871,174,100039,174,99756,174,100040,100,99378,100,100062,100,99370,100,100068,100,99168,100,100091,100,99118,100,100105,100,98758,100,100107,100,,
2019-06-28 09:56:50.802521401,99967,74,99908,174,100008,174,99893,574,100011,174,99871,174,100039,174,99756,174,100040,100,99378,100,100062,100,99370,100,100068,100,99118,100,100091,100,98758,100,100105,100,,,100107,100,,
2019-06-28 09:56:55.010860529,99967,74,99948,100,100008,174,99908,174,100011,174,99893,574,100039,174,99871,174,100040,100,99756,174,100068,100,99378,100,100091,100,99370,100,100105,100,99118,100,100107,100,98758,100,100121,100,,
2019-06-28 09:57:00.000000000,100008,174,99948,174,100011,174,99908,174,100039,174,99893,574,100040,174,99871,174,100068,100,99756,100,100091,100,99378,100,100105,100,99370,100,100107,100,99118,100,100121,100,98758,100,100135,100,,
2019-06-28 09:57:10.000000000,100008,201,99948,201,100011,198,99908,198,100039,198,99893,598,100040,100,99871,100,100068,100,99756,100,100091,100,99378,100,100105,100,99370,100,100107,100,99118,100,100121,100,98758,100,100135,100,,
2019-06-28 09:57:20.000000000,100008,201,99948,201,100011,198,99908,198,100039,198,99893,598,100040,100,99871,100,100068,100,99756,100,100091,100,99378,100,100105,100,99370,100,100107,100,99118,100,100121,100,98758,100,100135,100,,
2019-06-28 09:57:30.000000000,100008,201,99948,201,100011,198,99908,198,100039,198,99893,598,100040,100,99871,100,100068,100,99756,100,100091,100,99378,100,100105,100,99370,100,100107,100,99118,100,100121,100,98758,100,100135,100,,
2019-06-28 09:57:40.000000000,100008,174,99948,174,100011,174,99908,174,100039,174,99893,574,100040,174,99871,174,100068,100,99756,100,100091,100,99378,100,100105,100,99370,100,100107,100,99118,100,100121,100,98758,100,100135,100,,
2019-06-28 09:57:47.900007884,100003,100,99948,174,100008,174,99908,174,100011,174,99893,574,100039,174,99871,174,100040,174,99756,100,100068,100,99378,100,100091,100,99370,100,100105,100,99118,100,100107,100,98758,100,100121,100,,
2019-06-28 09:57:50.000000000,100003,201,99948,201,100008,198,99908,198,100011,198,99893,598,100039,100,99871,100,100040,100,99756,100,100068,100,99378,100,100091,100,99370,100,100105,100,99118,100,100107,100,98758,100,100121,100,,
2019-06-28 09:58:00.000000000,100003,397,99948,397,100008,100,99908,100,100011,100,99893,500,100039,100,99871,100,100040,100,99756,100,100068,100,99378,100,100091,100,99370,100,100105,100,99118,100,100107,100,98758,100,100121,100,,
2019-06-28 09:58:06.604199729,100003,297,99948,397,100008,100,99908,100,100011,100,99893,500,100039,100,99871,100,100040,100,99756,100,100068,100,99378,100,100091,100,99370,100,100105,100,99118,100,100107,100,98758,100,100121,100,,
2019-06-28 09:58:10.000000000,100008,174,99948,174,100011,174,99908,174,100039,174,99893,574,100040,174,99871,174,100068,100,99756,100,100091,100,99378,100,100105,100,99370,100,100107,100,99118,100,100121,100,98758,100,100135,100,,
2019-06-28 09:58:11.973609740,100008,74,99948,174,100011,174,99908,174,100039,174,99893,574,100040,174,99871,174,100068,100,99756,100,100091,100,99378,100,100105,100,99370,100,100107,100,99118,100,100121,100,98758,100,100135,100,,
2019-06-28 09:58:20.000000000,100011,248,99948,248,100039,248,99908,248,100040,100,99893,500,100068,100,99871,100,100091,100,99756,100,100105,100,99378,100,100107,100,99370,100,100121,100,99118,100,100135,100,98758,100,100139,100,,
2019-06-28 09:58:30.000000000,100011,174,99948,174,100039,174,99908,174,100040,174,99893,574,100068,174,99871,174,100091,100,99756,100,100105,100,99378,100,100107,100,99370,100,100121,100,99118,100,100135,100,98758,100,100139,100,,
2019-06-28 09:58:40.000000000,100011,201,99948,201,100039,198,99908,198,100040,198,99893,598,100068,100,99871,100,100091,100,99756,100,100105,100,99378,100,100107,100,99370,100,100121,100,99118,100,100135,100,98758,100,100139,100,,
2019-06-28 09:58:50.000000000,100011,248,99948,248,100039,248,99908,248,100040,100,99893,500,100068,100,99871,100,100091,100,99756,100,100105,100,99378,100,100107,100,99370,100,100121,100,99118,100,100135,100,98758,100,100139,100,,
2019-06-28 09:59:00.000000000,100011,248,99948,248,100039,248,99908,248,100040,100,99893,500,100068,100,99871,100,100091,100,99756,100,100105,100,99378,100,100107,100,99370,100,100121,100,99118,100,100135,100,98758,100,100139,100,,
2019-06-28 09:59:10.000000000,100011,248,99948,248,100039,248,99908,248,100040,100,99893,500,100068,100,99871,100,100091,100,99756,100,100105,100,99378,100,100107,100,99370,100,100121,100,99118,100,100135,100,98758,100,100139,100,,
2019-06-28 09:59:20.000000000,100011,201,99948,201,100039,198,99908,198,100040,198,99893,598,100068,100,99871,100,100091,100,99756,100,100105,100,99378,100,100107,100,99370,100,100121,100,99118,100,100135,100,98758,100,100139,100,,
2019-06-28 09:59:30.000000000,100011,174,99948,174,100039,174,99908,174,100040,174,99893,574,100068,174,99871,174,100091,100,99756,100,100105,100,99378,100,100107,100,99370,100,100121,100,99118,100,100135,100,98758,100,100139,100,,
2019-06-28 09:59:32.678684449,100011,174,99948,74,100039,174,99908,174,100040,174,99893,574,100068,174,99871,174,100091,100,99756,100,100105,100,99370,100,100107,100,99118,100,100121,100,98758,100,100135,100,,,100139,100,,
2019-06-28 09:59:39.784570392,100011,174,99948,74,100039,174,99908,174,100040,174,99893,574,100068,174,99871,74,100091,100,99756,100,100105,100,99472,100,100107,100,99370,100,100121,100,99118,100,100135,100,98758,100,100139,100,,
2019-06-28 09:59:40.000000000,100011,397,99908,397,100039,100,99893,500,100040,100,99756,100,100068,100,99472,100,100091,100,99370,100,100105,100,99118,100,100107,100,98758,100,100121,100,,,100135,100,,,100139,100,,
2019-06-28 09:59:42.614030854,100011,397,99908,297,100039,100,99893,500,100040,100,99756,100,100068,100,99472,100,100091,100,99370,100,100105,100,99118,100,100107,100,98758,100,100121,100,,,100135,100,,,100139,100,,
2019-06-28 09:59:50.000000000,100011,397,99893,797,100039,100,99756,100,100040,100,99472,100,100068,100,99370,100,100091,100,99118,100,100105,100,98758,100,100107,100,,,100121,100,,,100135,100,,,100139,100,,
2019-06-28 09:59:56.946266917,100011,397,99893,697,100039,100,99756,100,100040,100,99472,100,100068,100,99370,100,100091,100,99118,100,100107,100,98758,100,100121,100,,,100135,100,,,100139,100,,,100386,100,,
2019-06-28 10:00:00.000000000,100011,174,99893,474,100039,174,99756,174,100040,174,99472,174,100068,174,99370,174,100091,100,99118,100,100107,100,98758,100,100121,100,,,100135,100,,,100139,100,,,100386,100,,
2019-06-28 10:00:10.000000000,100011,397,99893,697,100039,100,99756,100,100040,100,99472,100,100068,100,99370,100,100091,100,99118,100,100107,100,98758,100,100121,100,,,100135,100,,,100139,100,,,100386,100,,
2019-06-28 10:00:12.302984588,100011,397,99893,597,100039,100,99756,100,100040,100,99472,100,100068,100,99370,100,100091,100,99118,100,100107,100,98758,100,100121,100,,,100135,100,,,100139,100,,,100386,100,,
2019-06-28 10:00:13.714425940,100011,397,99893,497,100039,100,99756,100,100040,100,99472,100,100068,100,99370,100,100091,100,99118,100,100107,100,98758,100,100121,100,,,100135,100,,,100139,100,,,100386,100,,
2019-06-28 10:00:20.000000000,100011,159,99893,259,100039,159,99756,159,100040,159,99472,159,100068,159,99370,159,100091,159,99118,159,100107,100,98758,100,100121,100,,,100135,100,,,100139,100,,,100386,100,,
2019-06-28 10:00:24.550050594,100011,159,99893,159,100039,159,99756,159,100040,159,99472,159,100068,159,99370,159,100091,159,99118,159,100107,100,98758,100,100121,100,,,100135,100,,,100139,100,,,100386,100,,
2019-06-28 10:00:28.993378928,100011,159,99893,159,100039,159,99756,159,100040,159,99472,159,100068,159,99433,100,100091,159,99370,159,100107,100,99118,159,100121,100,98758,100,100135,100,,,100139,100,,,100386,100,,
2019-06-28 10:00:30.000000000,100011,174,99893,174,100039,174,99756,174,100040,174,99472,174,100068,174,99433,174,100091,100,99370,100,100107,100,99118,100,100121,100,98758,100,100135,100,,,100139,100,,,100386,100,,
2019-06-28 10:00:31.974508429,100011,174,99893,74,100039,174,99756,174,100040,174,99472,174,100068,174,99433,174,100091,100,99370,100,100107,100,99118,100,100121,100,98758,100,100135,100,,,100139,100,,,100386,100,,
2019-06-28 10:00:40.000000000,100011,397,99756,397,100039,100,99472,100,100040,100,99433,100,100068,100,99370,100,100091,100,99118,100,100107,100,98758,100,100121,100,,,100135,100,,,100139,100,,,100386,100,,
2019-06-28 10:00:42.959181711,99893,100,99756,397,100011,397,99472,100,100039,100,99433,100,100040,100,99370,100,100068,100,99118,100,100091,100,98758,100,100107,100,,,100121,100,,,100135,100,,,100139,100,,
2019-06-28 10:00:46.194636814,99893,200,99756,397,100011,397,99472,100,100039,100,99433,100,100040,100,99370,100,100068,100,99118,100,100091,100,98758,100,100107,100,,,100121,100,,,100135,100,,,100139,100,,
2019-06-28 10:00:50.000000000,99893,274,99756,174,100011,174,99472,174,100039,174,99433,174,100040,174,99370,174,100068,100,99118,100,100091,100,98758,100,100107,100,,,100121,100,,,100135,100,,,100139,100,,
2019-06-28 10:01:00.000000000,99893,274,99756,174,100011,174,99472,174,100039,174,99433,174,100040,174,99370,174,100068,100,99118,100,100091,100,98758,100,100107,100,,,100121,100,,,100135,100,,,100139,100,,
2019-06-28 10:01:10.000000000,99893,274,99756,174,100011,174,99472,174,100039,174,99433,174,100040,174,99370,174,100068,100,99118,100,100091,100,98758,100,100107,100,,,100121,100,,,100135,100,,,100139,100,,
2019-06-28 10:01:10.019160081,99893,274,99756,174,100011,174,99472,174,100039,174,99433,174,100040,174,99370,174,100068,100,99118,100,100069,100,98758,100,100091,100,,,100107,100,,,100121,100,,,100135,100,,
2019-06-28 10:01:20.000000000,99893,274,99756,174,100011,174,99472,174,100039,174,99433,174,100040,174,99370,174,100068,100,99118,100,100069,100,98758,100,100091,100,,,100107,100,,,100121,100,,,100135,100,,
2019-06-28 10:01:30.000000000,99893,497,99756,397,100011,100,99472,100,100039,100,99433,100,100040,100,99370,100,100068,100,99118,100,100069,100,98758,100,100091,100,,,100107,100,,,100121,100,,,100135,100,,
2019-06-28 10:01:40.000000000,99893,348,99756,248,100011,248,99472,248,100039,100,99433,100,100040,100,99370,100,100068,100,99118,100,100069,100,98758,100,100091,100,,,100107,100,,,100121,100,,,100135,100,,
2019-06-28 10:01:41.263467573,99893,248,99756,248,100011,248,99472,248,100039,100,99433,100,100040,100,99370,100,100068,100,99118,100,100069,100,98758,100,100091,100,,,100107,100,,,100121,100,,,100135,100,,
2019-06-28 10:01:50.000000000,99893,159,99756,159,100011,159,99472,159,100039,159,99433,159,100040,159,99370,159,100068,159,99118,159,100069,100,98758,100,100091,100,,,100107,100,,,100121,100,,,100135,100,,
2019-06-28 10:02:00.000000000,99893,248,99756,248,100011,248,99472,248,100039,100,99433,100,100040,100,99370,100,100068,100,99118,100,100069,100,98758,100,100091,100,,,100107,100,,,100121,100,,,100135,100,,
2019-06-28 10:02:08.652411233,99893,148,99756,248,100011,248,99472,248,100039,100,99433,100,100040,100,99370,100,100068,100,99118,100,100069,100,98758,100,100091,100,,,100107,100,,,100121,100,,,100135,100,,
2019-06-28 10:02:10.000000000,100011,174,99756,174,100039,174,99472,174,100040,174,99433,174,100068,174,99370,174,100069,100,99118,100,100091,100,98758,100,100107,100,,,100121,100,,,100135,100,,,100139,100,,
2019-06-28 10:02:13.818590420,100011,174,99756,174,100019,100,99472,174,100039,174,99433,174,100040,174,99370,174,100068,174,99118,100,100069,100,98758,100,100091,100,,,100107,100,,,100121,100,,,100135,100,,
2019-06-28 10:02:20.000000000,100011,248,99756,248,100019,248,99472,248,100039,100,99433,100,100040,100,99370,100,100068,100,99118,100,100069,100,98758,100,100091,100,,,100107,100,,,100121,100,,,100135,100,,
2019-06-28 10:02:24.827493043,99977,100,99756,248,100011,248,99472,248,100019,248,99433,100,100039,100,99370,100,100040,100,99118,100,100068,100,98758,100,100069,100,,,100091,100,,,100107,100,,,100121,100,,
2019-06-28 10:02:30.000000000,99977,159,99756,159,100011,159,99472,159,100019,159,99433,159,100039,159,99370,159,100040,159,99118,159,100068,100,98758,100,100069,100,,,100091,100,,,100107,100,,,100121,100,,
2019-06-28 10:02:40.000000000,99977,174,99756,174,100011,174,99472,174,100019,174,99433,174,100039,174,99370,174,100040,100,99118,100,100068,100,98758,100,100069,100,,,100091,100,,,100107,100,,,100121,100,,
2019-06-28 10:02:50.000000000,99977,201,99756,201,100011,198,99472,198,100019,198,99433,198,100039,100,99370,100,100040,100,99118,100,100068,100,98758,100,100069,100,,,100091,100,,,100107,100,,,100121,100,,
2019-06-28 10:03:00.000000000,99977,248,99756,248,100011,248,99472,248,100019,100,99433,100,100039,100,99370,100,100040,100,99118,100,100068,100,98758,100,100069,100,,,100091,100,,,100107,100,,,100121,100,,
2019-06-28 10:03:01.861506563,99810,100,99756,148,99977,248,99472,248,100011,248,99433,100,100019,100,99370,100,100039,100,99118,100,100040,100,98758,100,100068,100,,,100069,100,,,100091,100,,,100107,100,,
2019-06-28 10:03:10.000000000,99810,159,99472,159,99977,159,99433,159,100011,159,99370,159,100019,159,99118,159,100039,159,98758,159,100040,100,,,100068,100,,,100069,100,,,100091,100,,,100107,100,,
2019-06-28 10:03:20.000000000,99810,201,99472,201,99977,198,99433,198,100011,198,99370,198,100019,100,99118,100,100039,100,98758,100,100040,100,,,100068,100,,,100069,100,,,100091,100,,,100107,100,,
2019-06-28 10:03:30.000000000,99810,159,99472,159,99977,159,99433,159,100011,159,99370,159,100019,159,99118,159,100039,159,98758,159,100040,100,,,100068,100,,,100069,100,,,100091,100,,,100107,100,,
2019-06-28 10:03:33.411930933,99810,159,99550,100,99977,159,99472,159,100011,159,99433,159,100019,159,99370,159,100039,159,99118,159,100040,100,98758,159,100068,100,,,100069,100,,,100091,100,,,100107,100,,
2019-06-28 10:03:40.000000000,99810,248,99550,248,99977,248,99472,248,100011,100,99433,100,100019,100,99370,100,100039,100,99118,100,100040,100,98758,100,100068,100,,,100069,100,,,100091,100,,,100107,100,,
2019-06-28 10:03:49.708241851,99810,248,99550,248,99954,100,99472,248,99977,248,99433,100,100011,100,99370,100,100019,100,99118,100,100039,100,98758,100,100040,100,,,100068,100,,,100069,100,,,100091,100,,
2019-06-28 10:03:50.000000000,99810,201,99550,201,99954,198,99472,198,99977,198,99433,198,100011,100,99370,100,100019,100,99118,100,100039,100,98758,100,100040,100,,,100068,100,,,100069,100,,,100091,100,,
2019-06-28 10:04:00.000000000,99810,159,99550,159,99954,159,99472,159,99977,159,99433,159,100011,159,99370,159,100019,159,99118,159,100039,100,98758,100,100040,100,,,100068,100,,,100069,100,,,100091,100,,
2019-06-28 10:04:01.400274926,99810,159,99550,159,99837,100,99472,159,99954,159,99433,159,99977,159,99370,159,100011,159,99118,159,100019,159,98758,100,100039,100,,,100040,100,,,100068,100,,,100069,100,,
2019-06-28 10:04:05.145010456,99810,159,99617,100,99837,100,99550,159,99954,159,99472,159,99977,159,99433,159,100011,159,99370,159,100019,159,99118,159,100039,100,98758,100,100040,100,,,100068,100,,,100069,100,,
2019-06-28 10:04:10.000000000,99810,201,99617,201,99837,198,99550,198,99954,198,99472,198,99977,100,99433,100,100011,100,99370,100,100019,100,99118,100,100039,100,98758,100,100040,100,,,100068,100,,,100069,100,,
2019-06-28 10:04:20.000000000,99810,159,99617,159,99837,159,99550,159,99954,159,99472,159,99977,159,99433,159,100011,159,99370,159,100019,100,99118,100,100039,100,98758,100,100040,100,,,100068,100,,,100069,100,,
2019-06-28 10:04:30.000000000,99810,201,99617,201,99837,198,99550,198,99954,198,99472,198,99977,100,99433,100,100011,100,99370,100,100019,100,99118,100,100039,100,98758,100,100040,100,,,100068,100,,,100069,100,,
2019-06-28 10:04:40.000000000,99810,201,99617,201,99837,198,99550,198,99954,198,99472,198,99977,100,99433,100,100011,100,99370,100,100019,100,99118,100,100039,100,98758,100,100040,100,,,100068,100,,,100069,100,,
2019-06-28 10:04:46.826416705,99735,100,99617,201,99810,201,99550,198,99837,198,99472,198,99954,198,99433,100,99977,100,99370,100,100011,100,99118,100,100019,100,98758,100,100039,100,,,100040,100,,,100068,100,,
2019-06-28 10:04:50.000000000,99735,248,99617,248,99810,248,99550,248,99837,100,99472,100,99954,100,99433,100,99977,100,99370,100,100011,100,99118,100,100019,100,98758,100,100039,100,,,100040,100,,,100068,100,,
2019-06-28 10:04:55.326086982,99735,248,99617,248,99810,248,99550,248,99837,100,99489,100,99954,100,99472,100,100011,100,99433,100,100019,100,99370,100,100039,100,99118,100,100040,100,98758,100,100068,100,,,100069,100,,
2019-06-28 10:05:00.000000000,99735,248,99617,248,99810,248,99550,248,99837,100,99489,100,99954,100,99472,100,100011,100,99433,100,100019,100,99370,100,100039,100,99118,100,100040,100,98758,100,100068,100,,,100069,100,,
2019-06-28 10:05:10.000000000,99735,397,99617,397,99810,100,99550,100,99837,100,99489,100,99954,100,99472,100,100011,100,99433,100,100019,100,99370,100,100039,100,99118,100,100040,100,98758,100,100068,100,,,100069,100,,
2019-06-28 10:05:20.000000000,99735,159,99617,159,99810,159,99550,159,99837,159,99489,159,99954,159,99472,159,100011,159,99433,159,100019,100,99370,100,100039,100,99118,100,100040,100,98758,100,100068,100,,,100069,100,,
2019-06-28 10:05:29.594581867,99735,159,99617,59,99810,159,99550,159,99837,159,99489,159,99954,159,99472,159,100011,159,99433,159,100019,100,99370,100,100040,100,99118,100,100068,100,98758,100,100069,100,,,100091,100,,
2019-06-28 10:05:30.000000000,99735,397,99550,397,99810,100,99489,100,99837,100,99472,100,99954,100,99433,100,100011,100,99370,100,100019,100,99118,100,100040,100,98758,100,100068,100,,,100069,100,,,100091,100,,
2019-06-28 10:05:40.000000000,99735,397,99550,397,99810,100,99489,100,99837,100,99472,100,99954,100,99433,100,100011,100,99370,100,100019,100,99118,100,100040,100,98758,100,100068,100,,,100069,100,,,100091,100,,
2019-06-28 10:05:43.086019142,99735,397,99550,297,99810,100,99489,100,99837,100,99472,100,99954,100,99433,100,100011,100,99370,100,100019,100,99118,100,100040,100,98758,100,100068,100,,,100069,100,,,100091,100,,
2019-06-28 10:05:50.000000000,99735,248,99489,248,99810,248,99472,248,99837,100,99433,100,99954,100,99370,100,100011,100,99118,100,100019,100,98758,100,100040,100,,,100068,100,,,100069,100,,,100091,100,,
2019-06-28 10:06:00.000000000,99735,397,99489,397,99810,100,99472,100,99837,100,99433,100,99954,100,99370,100,100011,100,99118,100,100019,100,98758,100,100040,100,,,100068,100,,,100069,100,,,100091,100,,
2019-06-28 10:06:10.000000000,99735,397,99489,397,99810,100,99472,100,99837,100,99433,100,99954,100,99370,100,100011,100,99118,100,100019,100,98758,100,100040,100,,,100068,100,,,100069,100,,,100091,100,,
2019-06-28 10:06:20.000000000,99735,397,99489,397,99810,100,99472,100,99837,100,99433,100,99954,100,99370,100,100011,100,99118,100,100019,100,98758,100,100040,100,,,100068,100,,,100069,100,,,100091,100,,
2019-06-28 10:06:22.134903347,99735,397,99489,297,99810,100,99472,100,99837,100,99433,100,99954,100,99370,100,100011,100,99118,100,100019,100,98758,100,100040,100,,,100068,100,,,100069,100,,,100091,100,,
2019-06-28 10:06:28.135969067,99735,397,99489,197,99810,100,99472,100,99837,100,99433,100,99954,100,99370,100,100019,100,99118,100,100040,100,98758,100,100068,100,,,100069,100,,,100091,100,,,100121,100,,
2019-06-28 10:06:30.000000000,99735,248,99472,248,99810,248,99433,248,99837,100,99370,100,99954,100,99118,100,100019,100,98758,100,100040,100,,,100068,100,,,100069,100,,,100091,100,,,100121,100,,
2019-06-28 10:06:39.744389234,99735,248,99472,248,99810,248,99433,248,99837,100,99370,100,99954,100,99353,100,100019,100,99118,100,100040,100,98758,100,100068,100,,,100069,100,,,100091,100,,,100121,100,,
2019-06-28 10:06:40.000000000,99735,174,99472,174,99810,174,99433,174,99837,174,99370,174,99954,174,99353,174,100019,100,99118,100,100040,100,98758,100,100068,100,,,100069,100,,,100091,100,,,100121,100,,
2019-06-28 10:06:42.436801849,99735,174,99472,74,99810,174,99433,174,99837,174,99370,174,99954,174,99353,174,100019,100,99118,100,100040,100,98758,100,100068,100,,,100069,100,,,100091,100,,,100121,100,,
2019-06-28 10:06:50.000000000,99735,159,99433,159,99810,159,99370,159,99837,159,99353,159,99954,159,99118,159,100019,159,98758,159,100040,100,,,100068,100,,,100069,100,,,100091,100,,,100121,100,,
2019-06-28 10:07:00.000000000,99735,248,99433,248,99810,248,99370,248,99837,100,99353,100,99954,100,99118,100,100019,100,98758,100,100040,100,,,100068,100,,,100069,100,,,100091,100,,,100121,100,,
2019-06-28 10:07:07.220187983,99735,248,99433,248,99810,248,99370,248,99837,100,99353,100,99855,100,99118,100,99954,100,98758,100,100019,100,,,100040,100,,,100068,100,,,100069,100,,,100091,100,,
2019-06-28 10:07:10.000000000,99735,248,99433,248,99810,248,99370,248,99837,100,99353,100,99855,100,99118,100,99954,100,98758,100,100019,100,,,100040,100,,,100068,100,,,100069,100,,,100091,100,,
2019-06-28 10:07:18.358177897,99735,248,99433,248,99810,248,99370,248,99837,100,99118,100,99855,100,98758,100,99954,100,,,100019,100,,,100040,100,,,100063,100,,,100068,100,,,100069,100,,
2019-06-28 10:07:20.000000000,99735,174,99433,174,99810,174,99370,174,99837,174,99118,174,99855,174,98758,174,99954,100,,,100019,100,,,100040,100,,,100063,100,,,100068,100,,,100069,100,,
2019-06-28 10:07:30.000000000,99735,159,99433,159,99810,159,99370,159,99837,159,99118,159,99855,159,98758,159,99954,159,98757,59,100019,100,,,100040,100,,,100063,100,,,100068,100,,,100069,100,,
2019-06-28 10:07:40.000000000,99735,174,99433,174,99810,174,99370,174,99837,174,99118,174,99855,174,98758,174,99954,100,,,100019,100,,,100040,100,,,100063,100,,,100068,100,,,100069,100,,
2019-06-28 10:07:50.000000000,99735,201,99433,201,99810,198,99370,198,99837,198,99118,198,99855,100,98758,100,99954,100,,,100019,100,,,100040,100,,,100063,100,,,100068,100,,,100069,100,,
2019-06-28 10:07:59.564880594,99735,201,99473,100,99810,198,99433,201,99837,198,99370,198,99855,100,99118,198,99954,100,98758,100,100019,100,,,100040,100,,,100063,100,,,100068,100,,,100069,100,,
2019-06-28 10:08:00.000000000,99735,174,99473,174,99810,174,99433,174,99837,174,99370,174,99855,174,99118,174,99954,100,98758,100,100019,100,,,100040,100,,,100063,100,,,100068,100,,,100069,100,,
2019-06-28 10:08:09.067454354,99735,174,99473,174,99810,174,99433,174,99837,174,99370,174,99855,174,99118,174,99954,100,98758,100,100019,100,,,100040,100,,,100063,100,,,100068,100,,,100069,100,,
2019-06-28 10:08:10.000000000,99735,397,99473,397,99810,100,99433,100,99837,100,99370,100,99855,100,99118,100,99954,100,98758,100,100019,100,,,100040,100,,,100063,100,,,100068,100,,,100069,100,,
2019-06-28 10:08:20.000000000,99735,174,99473,174,99810,174,99433,174,99837,174,99370,174,99855,174,99118,174,99954,100,98758,100,100019,100,,,100040,100,,,100063,100,,,100068,100,,,100069,100,,
2019-06-28 10:08:30.000000000,99735,201,99473,201,99810,198,99433,198,99837,198,99370,198,99855,100,99118,100,99954,100,98758,100,100019,100,,,100040,100,,,100063,100,,,100068,100,,,100069,100,,
2019-06-28 10:08:38.350578818,99735,201,99473,201,99810,198,99433,198,99837,198,99370,198,99855,100,99118,100,99954,100,98758,100,100019,100,,,100040,100,,,100063,100,,,100068,100,,,100069,200,,
2019-06-28 10:08:40.000000000,99735,248,99473,248,99810,248,99433,248,99837,100,99370,100,99855,100,99118,100,99954,100,98758,100,100019,100,,,100040,100,,,100063,100,,,100068,100,,,100069,200,,
2019-06-28 10:08:44.351723901,99735,148,99473,248,99810,248,99433,248,99837,100,99370,100,99855,100,99118,100,99954,100,98758,100,100019,100,,,100040,100,,,100063,100,,,100068,100,,,100069,200,,
2019-06-28 10:08:46.702800463,99735,148,99474,100,99810,248,99473,248,99837,100,99433,248,99855,100,99370,100,99954,100,99118,100,100019,100,98758,100,100040,100,,,100063,100,,,100068,100,,,100069,200,,
2019-06-28 10:08:50.000000000,99810,248,99474,248,99837,248,99473,248,99855,100,99433,100,99954,100,99370,100,100019,100,99118,100,100040,100,98758,100,100063,100,,,100068,100,,,100069,200,,,100091,100,,
2019-06-28 10:09:00.000000000,99810,201,99474,201,99837,198,99473,198,99855,198,99433,198,99954,100,99370,100,100019,100,99118,100,100040,100,98758,100,100063,100,,,100068,100,,,100069,200,,,100091,100,,
2019-06-28 10:09:10.000000000,99810,397,99474,397,99837,100,99473,100,99855,100,99433,100,99954,100,99370,100,100019,100,99118,100,100040,100,98758,100,100063,100,,,100068,100,,,100069,200,,,100091,100,,
2019-06-28 10:09:14.653301179,99810,297,99474,397,99837,100,99473,100,99855,100,99433,100,99954,100,99370,100,100019,100,99118,100,100040,100,98758,100,100063,100,,,100068,100,,,100069,200,,,100091,100,,
2019-06-28 10:09:15.055280567,99810,197,99474,397,99837,100,99473,100,99855,100,99433,100,99954,100,99370,100,100019,100,99118,100,100040,100,98758,100,100063,100,,,100068,100,,,100069,200,,,100091,100,,
2019-06-28 10:09:20.000000000,99837,159,99474,159,99855,159,99473,159,99954,159,99433,159,100019,159,99370,159,100040,159,99118,159,100063,100,98758,100,100068,100,,,100069,200,,,100091,100,,,100121,100,,
2019-06-28 10:09:30.000000000,99837,174,99474,174,99855,174,99473,174,99954,174,99433,174,100019,174,99370,174,100040,100,99118,100,100063,100,98758,100,100068,100,,,100069,200,,,100091,100,,,100121,100,,
2019-06-28 10:09:40.000000000,99837,397,99474,397,99855,100,99473,100,99954,100,99433,100,100019,100,99370,100,100040,100,99118,100,100063,100,98758,100,100068,100,,,100069,200,,,100091,100,,,100121,100,,
2019-06-28 10:09:44.761098049,99837,397,99810,100,99855,100,99474,397,99954,100,99433,100,100019,100,99370,100,100040,100,99118,100,100063,100,98758,100,100068,100,,,100069,200,,,100091,100,,,100121,100,,
