,ask_price_1,ask_size_1,bid_price_1,bid_size_1,ask_price_2,ask_size_2,bid_price_2,bid_size_2,ask_price_3,ask_size_3,bid_price_3,bid_size_3,ask_price_4,ask_size_4,bid_price_4,bid_size_4,ask_price_5,ask_size_5,bid_price_5,bid_size_5,ask_price_6,ask_size_6,bid_price_6,bid_size_6,ask_price_7,ask_size_7,bid_price_7,bid_size_7,ask_price_8,ask_size_8,bid_price_8,bid_size_8,ask_price_9,ask_size_9,bid_price_9,bid_size_9,ask_price_10,ask_size_10,bid_price_10,bid_size_10
2019-06-28 09:30:00.000000000,100150,100,,,,,,,,,,,,,,,,,,,,,,,,,,,,,,,,,,,,,,
2019-06-28 09:30:00.000000002,100150,100,99971,100,,,,,,,,,,,,,,,,,,,,,,,,,,,,,,,,,,,,
2019-06-28 09:30:00.000000005,100109,100,99971,100,100150,100,,,100152,100,,,,,,,,,,,,,,,,,,,,,,,,,,,,,,
2019-06-28 09:30:00.000000008,100109,100,,,100150,100,,,100152,100,,,,,,,,,,,,,,,,,,,,,,,,,,,,,,
2019-06-28 09:30:00.000000009,100109,100,99876,100,100150,100,99848,100,100152,100,,,,,,,,,,,,,,,,,,,,,,,,,,,,,,
2019-06-28 09:30:00.000000010,100109,100,99897,100,100127,100,99876,100,100150,100,99848,100,100152,100,,,,,,,,,,,,,,,,,,,,,,,,,,
2019-06-28 09:30:00.000000012,99952,100,99897,100,100109,100,99876,100,100127,100,99848,100,100150,100,,,100152,100,,,,,,,,,,,,,,,,,,,,,,
2019-06-28 09:30:00.000000013,99952,100,99897,100,99973,100,99876,100,100109,100,99848,100,100127,100,,,100150,100,,,100152,100,,,,,,,,,,,,,,,,,,
2019-06-28 09:30:00.000000016,99952,100,99915,100,99973,100,99897,100,100109,100,99876,100,100127,100,99848,100,100150,100,,,100152,100,,,,,,,,,,,,,,,,,,
2019-06-28 09:30:00.000000017,99952,100,99925,100,99973,100,99915,100,100109,100,99897,100,100127,100,99876,100,100150,100,99848,100,100152,100,,,100158,100,,,,,,,,,,,,,,
2019-06-28 09:30:00.000000018,99952,100,99925,100,99973,100,99915,100,100109,100,99898,100,100127,100,99897,100,100150,100,99876,100,100152,100,99848,100,100158,100,,,,,,,,,,,,,,
2019-06-28 09:30:00.000000021,99952,100,99925,100,99973,100,99915,100,100036,100,99898,100,100109,100,99897,100,100127,100,99876,100,100150,100,99848,100,100152,100,,,100158,100,,,,,,,,,,
2019-06-28 09:30:00.000000023,99973,100,99925,100,100036,100,99915,100,100090,100,99898,100,100109,100,99897,100,100127,100,99876,100,100150,100,99848,100,100152,100,99811,100,100158,100,,,,,,,,,,
2019-06-28 09:30:00.000000024,99973,100,99925,100,100036,100,99915,100,100090,100,99908,100,100109,100,99898,100,100127,100,99897,100,100150,100,99876,100,100152,100,99848,100,100158,100,99811,100,,,,,,,,
2019-06-28 09:30:00.000000025,99973,100,99967,100,100036,100,99925,100,100090,100,99915,100,100109,100,99908,100,100127,100,99898,100,100150,100,99897,100,100152,100,99876,100,100158,100,99848,100,,,99811,100,,,,
2019-06-28 09:30:00.000000026,99973,100,99967,100,100036,100,99952,100,100090,100,99925,100,100109,100,99915,100,100127,100,99908,100,100150,100,99898,100,100152,100,99897,100,100158,100,99876,100,,,99848,100,,,99811,100
2019-06-28 09:30:00.000000027,99973,100,99967,100,100036,100,99952,100,100090,100,99925,100,100109,100,99918,100,100127,100,99915,100,100150,100,99908,100,100152,100,99898,100,100158,100,99897,100,,,99876,100,,,99848,100
2019-06-28 09:30:00.000000033,99973,100,99972,100,100036,100,99967,100,100090,100,99952,100,100109,100,99925,100,100127,100,99918,100,100150,100,99915,100,100152,100,99908,100,100158,100,99898,100,,,99897,100,,,99876,100
2019-06-28 09:30:00.000000040,99973,100,99972,100,100036,100,99967,100,100090,100,99952,200,100109,100,99925,100,100127,100,99918,100,100150,100,99915,100,100152,100,99908,100,100158,100,99898,100,,,99897,100,,,99876,100
2019-06-28 09:30:00.000000042,99973,100,99972,100,100036,100,99967,100,100090,100,99952,300,100109,100,99925,100,100127,100,99918,100,100150,100,99915,100,100152,100,99908,100,100158,100,99898,100,,,99897,100,,,99876,100
2019-06-28 09:30:00.000000043,99973,100,99972,100,100036,100,99967,100,100090,100,99952,400,100109,100,99925,100,100127,100,99918,100,100150,100,99915,100,100152,100,99908,100,100158,100,99898,100,,,99897,100,,,99876,100
2019-06-28 09:30:00.000000045,99973,200,99972,100,100016,100,99967,100,100036,100,99952,600,100090,100,99925,100,100109,100,99918,100,100127,100,99915,100,100150,100,99908,100,100152,100,99898,100,100158,100,99897,100,,,99876,100
2019-06-28 09:30:00.000000046,99973,200,99972,100,100016,100,99967,100,100036,100,99952,600,100090,100,99925,100,100109,100,99918,100,100127,100,99915,100,100150,100,99908,100,100152,100,99898,100,100158,100,99897,100,100203,100,99876,100
2019-06-28 09:30:00.000000047,99973,200,99972,100,100016,100,99967,100,100036,100,99959,100,100090,100,99952,600,100109,100,99925,100,100127,100,99918,100,100150,100,99915,100,100152,100,99908,100,100158,100,99898,100,100203,100,99897,100
2019-06-28 09:30:00.000000049,99973,200,99972,100,100016,100,99967,100,100036,100,99959,100,100064,100,99952,600,100090,100,99925,100,100109,100,99918,100,100127,100,99915,100,100134,100,99908,100,100150,100,99898,100,100152,100,99897,100
2019-06-28 09:30:00.000000050,99973,200,99972,100,100016,100,99967,100,100036,100,99959,100,100050,100,99952,600,100064,100,99925,100,100090,100,99918,100,100109,100,99915,100,100127,100,99908,100,100134,100,99898,100,100150,100,99897,100
2019-06-28 09:30:00.000000053,99973,200,99972,100,99984,100,99967,100,100016,100,99959,100,100036,100,99952,600,100050,100,99925,100,100064,100,99918,100,100090,100,99915,100,100109,100,99908,100,100127,100,99898,100,100134,100,99897,100
2019-06-28 09:30:00.000000055,99973,200,99972,100,99978,100,99967,100,99984,100,99959,100,100016,100,99952,600,100036,100,99937,100,100050,100,99925,100,100064,100,99918,100,100090,100,99915,100,100109,100,99908,100,100127,100,99898,100
2019-06-28 09:30:00.000000059,99973,200,99967,100,99978,100,99959,100,99984,100,99952,600,100016,100,99937,100,100036,100,99925,100,100050,100,99918,100,100064,100,99915,100,100090,100,99908,100,100109,100,99898,100,100127,100,99897,100
2019-06-28 09:30:00.000000060,99973,200,99967,100,99978,100,99959,100,99984,100,99953,100,100016,100,99952,600,100036,100,99937,100,100050,100,99925,100,100064,100,99918,100,100090,100,99915,100,100109,100,99908,100,100127,100,99898,100
2019-06-28 09:30:00.000000061,99973,200,99968,100,99978,100,99967,100,99984,100,99959,100,100016,100,99953,100,100036,100,99952,600,100050,100,99937,100,100064,100,99925,100,100090,100,99918,100,100109,100,99915,100,100122,100,99908,100
2019-06-28 09:30:00.000000062,99973,100,99968,100,99978,100,99967,100,99984,100,99959,100,100016,100,99953,100,100036,100,99952,600,100050,100,99950,100,100064,100,99937,100,100090,100,99925,100,100109,100,99918,100,100122,100,99915,100
2019-06-28 09:30:00.000000065,99973,100,99967,100,99978,100,99959,100,99984,100,99953,100,100016,100,99952,600,100036,100,99950,100,100050,100,99937,100,100064,100,99925,100,100090,100,99918,100,100109,100,99915,100,100122,100,99908,100
2019-06-28 09:30:00.000000066,99973,100,99967,100,99978,100,99959,100,99984,100,99953,100,100016,100,99952,600,100036,100,99950,100,100050,100,99937,100,100064,100,99925,100,100090,100,99918,100,100109,100,99915,100,100122,100,99908,100
2019-06-28 09:30:00.000000073,99973,100,99968,100,99978,100,99967,100,99984,100,99959,100,100016,100,99953,100,100036,100,99952,600,100050,100,99950,100,100064,100,99937,100,100090,100,99925,100,100109,100,99918,100,100122,100,99915,100
2019-06-28 09:30:00.000000076,99973,100,99968,100,99978,100,99967,100,99984,100,99959,100,100016,100,99953,100,100036,100,99952,600,100050,100,99950,100,100055,100,99937,100,100064,100,99925,100,100090,100,99918,100,100109,100,99915,100
2019-06-28 09:30:00.000000077,99978,100,99968,100,99984,100,99967,100,100012,100,99959,100,100016,100,99953,100,100036,100,99952,600,100050,100,99950,100,100055,100,99937,100,100064,100,99925,100,100090,100,99918,100,100109,100,99915,100
2019-06-28 09:30:00.000000078,99978,100,99968,100,99984,100,99967,100,100012,100,99959,100,100016,100,99953,100,100036,100,99952,600,100050,100,99950,100,100055,100,99937,100,100064,100,99925,100,100090,100,99918,100,100109,100,99915,100
2019-06-28 09:30:00.000000079,99981,100,99968,100,99984,100,99967,100,100012,100,99959,100,100016,100,99953,100,100036,100,99952,600,100050,100,99950,100,100055,100,99937,100,100064,100,99925,100,100090,100,99918,100,100109,100,99915,100
2019-06-28 09:30:00.000000080,99984,100,99978,100,100012,100,99968,100,100016,100,99967,100,100036,100,99959,100,100050,100,99953,100,100055,100,99952,600,100062,100,99950,100,100064,100,99937,100,100090,100,99925,100,100109,100,99918,100
2019-06-28 09:30:00.000000085,99984,100,99978,100,100012,100,99968,100,100016,100,99967,100,100036,100,99959,100,100050,100,99953,100,100055,100,99952,600,100062,100,99950,100,100064,100,99937,100,100090,100,99925,100,100109,100,99918,100
2019-06-28 09:30:00.000000087,99984,100,99978,100,100012,100,99968,100,100016,100,99967,100,100036,100,99959,100,100050,100,99953,100,100055,100,99952,600,100062,200,99950,100,100064,100,99937,100,100090,100,99925,100,100109,100,99918,100
2019-06-28 09:30:00.000000091,99984,100,99978,100,100012,100,99968,100,100016,100,99967,100,100036,100,99959,100,100050,100,99953,100,100055,100,99952,600,100062,200,99950,100,100064,100,99937,100,100090,100,99925,100,100109,100,99918,100
2019-06-28 09:30:00.000000099,99984,100,99978,100,100012,100,99968,100,100016,100,99967,100,100023,100,99959,100,100036,100,99953,100,100050,100,99952,600,100055,100,99950,100,100062,200,99937,100,100064,100,99925,100,100090,100,99918,100
2019-06-28 09:30:08.399385497,99984,100,99968,100,100012,100,99967,100,100016,100,99959,100,100023,100,99953,100,100036,100,99952,600,100050,100,99950,100,100055,100,99937,100,100062,200,99925,100,100064,100,99918,100,100090,100,99915,100
2019-06-28 09:30:09.443826266,99984,100,99967,100,100012,100,99959,100,100016,100,99953,100,100023,100,99952,600,100036,100,99950,100,100050,100,99937,100,100055,100,99925,100,100062,200,99918,100,100064,100,99915,100,100090,100,99911,100
2019-06-28 09:30:10.000000000,99984,253,99967,253,100012,253,99959,253,100016,100,99953,100,100023,100,99952,600,100036,100,99950,100,100050,100,99937,100,100055,100,99925,100,100062,200,99918,100,100064,100,99915,100,100090,100,99911,100
2019-06-28 09:30:20.000000000,99984,176,99967,176,100012,176,99959,176,100016,176,99953,176,100023,176,99952,676,100036,100,99950,100,100050,100,99937,100,100055,100,99925,100,100062,200,99918,100,100064,100,99915,100,100090,100,99911,100
2019-06-28 09:30:21.638758531,99984,176,99967,176,100012,176,99959,176,100016,176,99953,176,100023,176,99952,676,100036,100,99950,100,100050,200,99937,100,100055,100,99925,100,100062,200,99918,100,100064,100,99915,100,100090,100,99911,100
2019-06-28 09:30:30.000000000,99984,406,99967,406,100012,100,99959,100,100016,100,99953,100,100023,100,99952,600,100036,100,99950,100,100050,200,99937,100,100055,100,99925,100,100062,200,99918,100,100064,100,99915,100,100090,100,99911,100
2019-06-28 09:30:31.754743664,99984,406,99967,306,100012,100,99959,100,100016,100,99953,100,100023,100,99952,600,100036,100,99950,100,100050,200,99937,100,100055,100,99925,100,100062,100,99918,100,100064,100,99915,100,100090,100,99911,100
2019-06-28 09:30:40.000000000,99984,406,99959,406,100012,100,99953,100,100016,100,99952,600,100023,100,99950,100,100036,100,99937,100,100050,200,99925,100,100055,100,99918,100,100062,100,99915,100,100064,100,99911,100,100090,100,99908,100
2019-06-28 09:30:50.000000000,99984,176,99959,176,100012,176,99953,176,100016,176,99952,676,100023,176,99950,176,100036,100,99937,100,100050,200,99925,100,100055,100,99918,100,100062,100,99915,100,100064,100,99911,100,100090,100,99908,100
2019-06-28 09:30:53.138592773,99984,176,99979,100,100012,176,99959,176,100016,176,99953,176,100023,176,99952,576,100036,100,99950,176,100050,200,99937,100,100055,100,99925,100,100062,100,99918,100,100064,100,99915,100,100090,100,99911,100
2019-06-28 09:30:58.246433242,99984,76,99979,100,100012,176,99959,176,100016,176,99953,176,100023,176,99952,576,100036,100,99950,176,100050,200,99937,100,100055,100,99925,100,100062,100,99918,100,100064,100,99915,100,100090,100,99911,100
2019-06-28 09:30:58.711949599,99984,76,99980,100,100012,176,99979,100,100016,176,99959,176,100023,176,99953,176,100036,100,99952,476,100050,200,99950,176,100055,100,99937,100,100062,100,99925,100,100064,100,99918,100,100090,100,99915,100
2019-06-28 09:31:00.000000000,100012,406,99980,406,100016,100,99979,100,100023,100,99959,100,100036,100,99953,100,100050,200,99952,400,100055,100,99950,100,100062,100,99937,100,100064,100,99925,100,100090,100,99918,100,100109,100,99915,100
2019-06-28 09:31:10.000000000,100012,176,99980,176,100016,176,99979,176,100023,176,99959,176,100036,176,99953,176,100050,200,99952,400,100055,100,99950,100,100062,100,99937,100,100064,100,99925,100,100090,100,99918,100,100109,100,99915,100
2019-06-28 09:31:20.000000000,100012,204,99980,204,100016,201,99979,201,100023,201,99959,201,100036,100,99953,100,100050,200,99952,400,100055,100,99950,100,100062,100,99937,100,100064,100,99925,100,100090,100,99918,100,100109,100,99915,100
2019-06-28 09:31:28.145412679,100012,204,99980,104,100016,201,99979,201,100023,201,99959,201,100036,100,99953,100,100050,200,99952,400,100055,100,99950,100,100062,100,99937,100,100064,100,99925,100,100090,100,99918,100,100109,100,99915,100
2019-06-28 09:31:30.000000000,100012,176,99979,176,100016,176,99959,176,100023,176,99953,176,100036,176,99952,476,100050,200,99950,100,100055,100,99937,100,100062,100,99925,100,100064,100,99918,100,100090,100,99915,100,100109,100,99911,100
2019-06-28 09:31:40.000000000,100012,161,99979,161,100016,161,99959,161,100023,161,99953,161,100036,161,99952,461,100050,261,99950,161,100055,100,99937,100,100062,100,99925,100,100064,100,99918,100,100090,100,99915,100,100109,100,99911,100
2019-06-28 09:31:42.020427913,99983,100,99979,161,100012,161,99959,161,100016,161,99953,161,100023,161,99952,461,100036,161,99950,161,100050,261,99937,100,100055,100,99925,100,100062,100,99918,100,100064,100,99915,100,100090,100,99911,100
2019-06-28 09:31:50.000000000,99983,176,99979,176,100012,176,99959,176,100016,176,99953,176,100023,176,99952,476,100036,100,99950,100,100050,200,99937,100,100055,100,99925,100,100062,100,99918,100,100064,100,99915,100,100090,100,99911,100
2019-06-28 09:32:00.000000000,99983,161,99979,161,100012,161,99959,161,100016,161,99953,161,100023,161,99952,461,100036,161,99950,161,100050,200,99937,100,100055,100,99925,100,100062,100,99918,100,100064,100,99915,100,100090,100,99911,100
2019-06-28 09:32:08.756116191,99983,161,99979,61,100012,161,99959,161,100016,161,99953,161,100023,161,99952,461,100036,161,99950,161,100050,200,99937,100,100055,100,99925,100,100062,100,99918,100,100064,100,99915,100,100090,100,99911,100
2019-06-28 09:32:10.000000000,99983,253,99959,253,100012,253,99953,253,100016,100,99952,400,100023,100,99950,100,100036,100,99937,100,100050,200,99925,100,100055,100,99918,100,100062,100,99915,100,100064,100,99911,100,100090,100,99908,100
2019-06-28 09:32:16.714197353,99983,253,99959,253,100012,253,99953,253,100016,100,99952,400,100023,100,99950,100,100036,100,99937,100,100050,200,99925,100,100055,100,99918,100,100062,100,99915,100,100064,100,99911,100,100109,100,99908,100
2019-06-28 09:32:19.739503440,99983,253,99959,253,100012,253,99953,253,100016,100,99952,400,100023,100,99950,100,100036,100,99937,100,100050,200,99925,100,100055,100,99915,100,100062,100,99911,100,100064,100,99908,100,100109,100,99898,100
2019-06-28 09:32:20.000000000,99983,204,99959,204,100012,201,99953,201,100016,201,99952,501,100023,100,99950,100,100036,100,99937,100,100050,200,99925,100,100055,100,99915,100,100062,100,99911,100,100064,100,99908,100,100109,100,99898,100
2019-06-28 09:32:30.000000000,99983,406,99959,406,100012,100,99953,100,100016,100,99952,400,100023,100,99950,100,100036,100,99937,100,100050,200,99925,100,100055,100,99915,100,100062,100,99911,100,100064,100,99908,100,100109,100,99898,100
2019-06-28 09:32:38.568117359,99983,406,99959,406,100012,100,99953,100,100016,100,99952,400,100023,100,99937,100,100036,100,99925,100,100050,200,99915,100,100055,100,99911,100,100062,100,99908,100,100064,100,99898,100,100109,100,99897,100
2019-06-28 09:32:40.000000000,99983,204,99959,204,100012,201,99953,201,100016,201,99952,501,100023,100,99937,100,100036,100,99925,100,100050,200,99915,100,100055,100,99911,100,100062,100,99908,100,100064,100,99898,100,100109,100,99897,100
2019-06-28 09:32:50.000000000,99983,161,99959,161,100012,161,99953,161,100016,161,99952,461,100023,161,99937,161,100036,161,99925,161,100050,200,99915,100,100055,100,99911,100,100062,100,99908,100,100064,100,99898,100,100109,100,99897,100
2019-06-28 09:33:00.000000000,99983,406,99959,406,100012,100,99953,100,100016,100,99952,400,100023,100,99937,100,100036,100,99925,100,100050,200,99915,100,100055,100,99911,100,100062,100,99908,100,100064,100,99898,100,100109,100,99897,100
2019-06-28 09:33:07.778058256,99983,406,99959,406,100012,100,99953,100,100016,100,99952,400,100023,100,99937,100,100033,100,99925,100,100036,100,99915,100,100050,200,99911,100,100055,100,99908,100,100062,100,99897,100,100064,100,99895,100
2019-06-28 09:33:10.000000000,99983,406,99959,406,100012,100,99953,100,100016,100,99952,400,100023,100,99937,100,100033,100,99925,100,100036,100,99915,100,100050,200,99911,100,100055,100,99908,100,100062,100,99897,100,100064,100,99895,100
2019-06-28 09:33:10.848859946,99983,406,99959,406,100012,100,99953,100,100016,100,99952,400,100023,100,99948,100,100033,100,99937,100,100036,100,99925,100,100050,200,99915,100,100055,100,99911,100,100062,100,99908,100,100064,100,99897,100
2019-06-28 09:33:20.000000000,99983,176,99959,176,100012,176,99953,176,100016,176,99952,476,100023,176,99948,176,100033,100,99937,100,100036,100,99925,100,100050,200,99915,100,100055,100,99911,100,100062,100,99908,100,100064,100,99897,100
2019-06-28 09:33:23.662816621,99983,176,99959,176,100012,176,99953,176,100016,176,99952,476,100023,176,99948,176,100033,100,99937,100,100050,200,99925,100,100055,100,99915,100,100062,100,99911,100,100064,100,99908,100,100109,100,99897,100
2019-06-28 09:33:27.172969793,99983,176,99959,176,100012,176,99953,176,100016,176,99952,476,100023,176,99948,176,100033,100,99937,100,100050,200,99925,100,100055,100,99915,100,100062,100,99911,100,100064,100,99908,100,100122,100,99897,100
2019-06-28 09:33:30.000000000,99983,406,99959,406,100012,100,99953,100,100016,100,99952,400,100023,100,99948,100,100033,100,99937,100,100050,200,99925,100,100055,100,99915,100,100062,100,99911,100,100064,100,99908,100,100122,100,99897,100
2019-06-28 09:33:40.000000000,99983,161,99959,161,100012,161,99953,161,100016,161,99952,461,100023,161,99948,161,100033,161,99937,161,100050,200,99925,100,100055,100,99915,100,100062,100,99911,100,100064,100,99908,100,100122,100,99897,100
2019-06-28 09:33:50.000000000,99983,204,99959,204,100012,201,99953,201,100016,201,99952,501,100023,100,99948,100,100033,100,99937,100,100050,200,99925,100,100055,100,99915,100,100062,100,99911,100,100064,100,99908,100,100122,100,99897,100
2019-06-28 09:34:00.000000000,99983,161,99959,161,100012,161,99953,161,100016,161,99952,461,100023,161,99948,161,100033,161,99937,161,100050,200,99925,100,100055,100,99915,100,100062,100,99911,100,100064,100,99908,100,100122,100,99897,100
2019-06-28 09:34:10.000000000,99983,176,99959,176,100012,176,99953,176,100016,176,99952,476,100023,176,99948,176,100033,100,99937,100,100050,200,99925,100,100055,100,99915,100,100062,100,99911,100,100064,100,99908,100,100122,100,99897,100
2019-06-28 09:34:19.174792477,99983,176,99959,76,100012,176,99953,176,100016,176,99952,476,100023,176,99948,176,100033,100,99937,100,100050,200,99925,100,100055,100,99915,100,100062,100,99911,100,100064,100,99908,100,100122,100,99897,100
2019-06-28 09:34:20.000000000,99983,161,99953,161,100012,161,99952,461,100016,161,99948,161,100023,161,99937,161,100033,161,99925,161,100050,200,99915,100,100055,100,99911,100,100062,100,99908,100,100064,100,99897,100,100122,100,99895,100
2019-06-28 09:34:30.000000000,99983,161,99953,161,100012,161,99952,461,100016,161,99948,161,100023,161,99937,161,100033,161,99925,161,100050,200,99915,100,100055,100,99911,100,100062,100,99908,100,100064,100,99897,100,100122,100,99895,100
2019-06-28 09:34:37.693444847,99983,161,99953,161,100012,161,99952,461,100016,161,99948,161,100023,161,99937,161,100033,161,99925,161,100050,200,99915,100,100055,100,99911,100,100062,100,99908,100,100064,100,99897,100,100122,100,99895,100
2019-06-28 09:34:37.957983342,99983,161,99953,161,100012,161,99952,461,100016,161,99948,161,100023,161,99937,161,100033,161,99925,161,100050,200,99915,100,100055,100,99911,100,100062,100,99908,100,100064,100,99897,100,100122,100,99895,100
2019-06-28 09:34:40.000000000,99983,253,99953,253,100012,253,99952,553,100016,100,99948,100,100023,100,99937,100,100033,100,99925,100,100050,200,99915,100,100055,100,99911,100,100062,100,99908,100,100064,100,99897,100,100122,100,99895,100
2019-06-28 09:34:45.385972552,99983,253,99953,253,100012,253,99952,553,100016,100,99948,100,100023,100,99937,100,100033,100,99925,100,100050,200,99915,100,100055,100,99911,100,100062,100,99908,100,100064,100,99897,100,100122,100,99895,100
2019-06-28 09:34:50.000000000,99983,406,99953,406,100012,100,99952,400,100016,100,99948,100,100023,100,99937,100,100033,100,99925,100,100050,200,99915,100,100055,100,99911,100,100062,100,99908,100,100064,100,99897,100,100122,100,99895,100
2019-06-28 09:35:00.000000000,99983,204,99953,204,100012,201,99952,501,100016,201,99948,201,100023,100,99937,100,100033,100,99925,100,100050,200,99915,100,100055,100,99911,100,100062,100,99908,100,100064,100,99897,100,100122,100,99895,100
2019-06-28 09:35:03.458921415,99980,100,99953,204,99983,204,99952,501,100012,201,99948,201,100016,201,99937,100,100023,100,99925,100,100033,100,99915,100,100050,200,99911,100,100055,100,99908,100,100062,100,99897,100,100064,100,99895,100
2019-06-28 09:35:10.000000000,99980,253,99953,253,99983,253,99952,553,100012,100,99948,100,100016,100,99937,100,100023,100,99925,100,100033,100,99915,100,100050,200,99911,100,100055,100,99908,100,100062,100,99897,100,100064,100,99895,100
2019-06-28 09:35:13.058486475,99980,253,99953,253,99983,253,99952,553,100012,100,99948,100,100016,100,99937,100,100023,100,99925,100,100033,100,99915,100,100050,200,99911,100,100055,100,99908,100,100062,100,99897,100,100064,100,99895,100
2019-06-28 09:35:20.000000000,99980,204,99953,204,99983,201,99952,501,100012,201,99948,201,100016,100,99937,100,100023,100,99925,100,100033,100,99915,100,100050,200,99911,100,100055,100,99908,100,100062,100,99897,100,100064,100,99895,100
2019-06-28 09:35:30.000000000,99980,161,99953,161,99983,161,99952,461,100012,161,99948,161,100016,161,99937,161,100023,161,99925,161,100033,100,99915,100,100050,200,99911,100,100055,100,99908,100,100062,100,99897,100,100064,100,99895,100
2019-06-28 09:35:33.546895378,99980,161,99953,61,99983,161,99952,461,100012,161,99948,161,100016,161,99937,161,100023,161,99925,161,100033,100,99915,100,100050,200,99911,100,100055,100,99908,100,100062,100,99897,100,100064,100,99895,100
2019-06-28 09:35:40.000000000,99980,176,99952,476,99983,176,99948,176,100012,176,99937,176,100016,176,99925,176,100023,100,99915,100,100033,100,99911,100,100050,200,99908,100,100055,100,99897,100,100062,100,99895,100,100064,100,99888,100
2019-06-28 09:35:50.000000000,99980,161,99952,461,99983,161,99948,161,100012,161,99937,161,100016,161,99925,161,100023,161,99915,161,100033,100,99911,100,100050,200,99908,100,100055,100,99897,100,100062,100,99895,100,100064,100,99888,100
2019-06-28 09:36:00.000000000,99980,176,99952,476,99983,176,99948,176,100012,176,99937,176,100016,176,99925,176,100023,100,99915,100,100033,100,99911,100,100050,200,99908,100,100055,100,99897,100,100062,100,99895,100,100064,100,99888,100
2019-06-28 09:36:10.000000000,99980,406,99952,706,99983,100,99948,100,100012,100,99937,100,100016,100,99925,100,100023,100,99915,100,100033,100,99911,100,100050,200,99908,100,100055,100,99897,100,100062,100,99895,100,100064,100,99888,100
2019-06-28 09:36:14.161651308,99980,406,99960,100,99983,100,99952,706,100012,100,99948,100,100016,100,99937,100,100023,100,99925,100,100033,100,99915,100,100050,200,99911,100,100055,100,99908,100,100062,100,99897,100,100064,100,99895,100
2019-06-28 09:36:16.059910779,99980,406,99960,200,99983,100,99952,706,100012,100,99948,100,100016,100,99937,100,100023,100,99925,100,100033,100,99915,100,100050,200,99911,100,100055,100,99908,100,100062,100,99897,100,100064,100,99895,100
2019-06-28 09:36:20.000000000,99980,253,99960,353,99983,253,99952,553,100012,100,99948,100,100016,100,99937,100,100023,100,99925,100,100033,100,99915,100,100050,200,99911,100,100055,100,99908,100,100062,100,99897,100,100064,100,99895,100
2019-06-28 09:36:24.612205601,99980,253,99960,353,99983,253,99952,553,100012,100,99948,100,100016,100,99937,100,100023,100,99925,100,100033,100,99915,100,100050,200,99911,100,100055,100,99908,100,100062,100,99897,100,100064,100,99895,100
2019-06-28 09:36:30.000000000,99980,161,99960,261,99983,161,99952,461,100012,161,99948,161,100016,161,99937,161,100023,161,99925,161,100033,100,99915,100,100050,200,99911,100,100055,100,99908,100,100062,100,99897,100,100064,100,99895,100
2019-06-28 09:36:35.635167393,99980,161,99960,261,99983,161,99952,461,100012,161,99948,161,100016,161,99937,161,100023,161,99925,161,100033,100,99915,100,100050,200,99911,100,100055,100,99908,100,100064,100,99897,100,100122,100,99895,100
2019-06-28 09:36:40.000000000,99980,253,99960,353,99983,253,99952,553,100012,100,99948,100,100016,100,99937,100,100023,100,99925,100,100033,100,99915,100,100050,200,99911,100,100055,100,99908,100,100064,100,99897,100,100122,100,99895,100
2019-06-28 09:36:46.659966898,99980,253,99960,353,99983,253,99952,553,100012,100,99948,100,100016,100,99937,100,100023,100,99925,100,100033,100,99915,100,100050,200,99911,100,100055,100,99908,100,100064,100,99897,100,100122,100,99895,100
2019-06-28 09:36:50.000000000,99980,161,99960,261,99983,161,99952,461,100012,161,99948,161,100016,161,99937,161,100023,161,99925,161,100033,100,99915,100,100050,200,99911,100,100055,100,99908,100,100064,100,99897,100,100122,100,99895,100
2019-06-28 09:36:54.322218941,99980,61,99960,261,99983,161,99952,461,100012,161,99948,161,100016,161,99937,161,100023,161,99925,161,100033,100,99915,100,100050,200,99911,100,100055,100,99908,100,100064,100,99897,100,100122,100,99895,100
2019-06-28 09:37:00.000000000,99983,176,99960,276,100012,176,99952,476,100016,176,99948,176,100023,176,99937,176,100033,100,99925,100,100050,200,99915,100,100055,100,99911,100,100064,100,99908,100,100122,100,99897,100,100128,100,99895,100
2019-06-28 09:37:00.053958414,99983,76,99960,276,100012,176,99952,476,100016,176,99948,176,100023,176,99937,176,100033,100,99925,100,100050,200,99915,100,100055,100,99911,100,100064,100,99908,100,100122,100,99897,100,100128,100,99895,100
2019-06-28 09:37:10.000000000,100012,253,99960,353,100016,253,99952,553,100023,100,99948,100,100033,100,99937,100,100050,200,99925,100,100055,100,99915,100,100064,100,99911,100,100122,100,99908,100,100128,100,99897,100,100134,100,99895,100
2019-06-28 09:37:16.277271190,100012,253,99960,353,100016,253,99952,553,100023,100,99948,100,100033,100,99937,100,100050,200,99925,100,100055,100,99915,100,100064,100,99911,100,100128,100,99908,100,100134,100,99897,100,100150,100,99895,100
2019-06-28 09:37:20.000000000,100012,176,99960,276,100016,176,99952,476,100023,176,99948,176,100033,176,99937,176,100050,200,99925,100,100055,100,99915,100,100064,100,99911,100,100128,100,99908,100,100134,100,99897,100,100150,100,99895,100
2019-06-28 09:37:30.000000000,100012,176,99960,276,100016,176,99952,476,100023,176,99948,176,100033,176,99937,176,100050,200,99925,100,100055,100,99915,100,100064,100,99911,100,100128,100,99908,100,100134,100,99897,100,100150,100,99895,100
2019-06-28 09:37:34.198241153,100012,176,99961,100,100016,176,99960,276,100023,176,99952,476,100033,176,99948,176,100050,200,99937,176,100055,100,99925,100,100064,100,99915,100,100128,100,99911,100,100134,100,99908,100,100150,100,99897,100
2019-06-28 09:37:40.000000000,100012,406,99961,406,100016,100,99960,200,100023,100,99952,400,100033,100,99948,100,100050,200,99937,100,100055,100,99925,100,100064,100,99915,100,100128,100,99911,100,100134,100,99908,100,100150,100,99897,100
2019-06-28 09:37:50.000000000,100012,406,99961,406,100016,100,99960,200,100023,100,99952,400,100033,100,99948,100,100050,200,99937,100,100055,100,99925,100,100064,100,99915,100,100128,100,99911,100,100134,100,99908,100,100150,100,99897,100
2019-06-28 09:38:00.000000000,100012,204,99961,204,100016,201,99960,301,100023,201,99952,501,100033,100,99948,100,100050,200,99937,100,100055,100,99925,100,100064,100,99915,100,100128,100,99911,100,100134,100,99908,100,100150,100,99897,100
2019-06-28 09:38:10.000000000,100012,204,99961,204,100016,201,99960,301,100023,201,99952,501,100033,100,99948,100,100050,200,99937,100,100055,100,99925,100,100064,100,99915,100,100128,100,99911,100,100134,100,99908,100,100150,100,99897,100
2019-06-28 09:38:13.331079532,100012,204,99961,204,100016,201,99960,301,100023,201,99952,501,100033,100,99948,100,100050,200,99937,100,100055,100,99925,100,100064,100,99915,100,100128,100,99911,100,100134,100,99908,100,100150,100,99897,100
2019-06-28 09:38:13.740997001,100012,104,99961,204,100016,201,99960,301,100023,201,99952,501,100033,100,99948,100,100050,200,99937,100,100055,100,99925,100,100064,100,99915,100,100128,100,99911,100,100134,100,99908,100,100150,100,99897,100
2019-06-28 09:38:17.361741594,100012,104,99980,100,100016,201,99961,204,100023,201,99960,301,100033,100,99952,401,100050,200,99948,100,100055,100,99937,100,100064,100,99925,100,100128,100,99915,100,100134,100,99911,100,100150,100,99908,100
2019-06-28 09:38:18.707177862,100012,104,99980,100,100016,201,99961,204,100023,201,99960,301,100033,100,99952,401,100050,200,99948,100,100055,100,99937,100,100064,100,99925,100,100128,100,99915,100,100134,100,99911,100,100150,100,99908,100
2019-06-28 09:38:20.000000000,100016,176,99980,176,100023,176,99961,176,100033,176,99960,276,100050,276,99952,376,100055,100,99948,100,100064,100,99937,100,100128,100,99925,100,100134,100,99915,100,100150,100,99911,100,100152,100,99908,100
2019-06-28 09:38:30.000000000,100016,406,99980,406,100023,100,99961,100,100033,100,99960,200,100050,200,99952,300,100055,100,99948,100,100064,100,99937,100,100128,100,99925,100,100134,100,99915,100,100150,100,99911,100,100152,100,99908,100
2019-06-28 09:38:40.000000000,100016,161,99980,161,100023,161,99961,161,100033,161,99960,261,100050,261,99952,361,100055,161,99948,161,100064,100,99937,100,100128,100,99925,100,100134,100,99915,100,100150,100,99911,100,100152,100,99908,100
2019-06-28 09:38:43.886804282,100016,61,99980,161,100023,161,99961,161,100033,161,99960,261,100050,261,99952,361,100055,161,99948,161,100064,100,99937,100,100128,100,99925,100,100134,100,99915,100,100150,100,99911,100,100152,100,99908,100
2019-06-28 09:38:48.864967653,100016,61,99980,161,100023,161,99961,161,100033,161,99960,261,100050,261,99952,361,100055,161,99948,161,100064,100,99937,100,100128,100,99925,100,100134,100,99915,100,100150,100,99911,100,100152,100,99908,100
2019-06-28 09:38:50.000000000,100023,176,99980,176,100033,176,99961,176,100050,276,99960,276,100055,176,99952,376,100064,100,99948,100,100128,100,99937,100,100134,100,99925,100,100150,100,99915,100,100152,100,99911,100,100176,100,99908,100
2019-06-28 09:38:53.402771910,100023,76,99980,176,100033,176,99961,176,100050,276,99960,276,100055,176,99952,376,100064,100,99948,100,100128,100,99937,100,100134,100,99925,100,100150,100,99915,100,100152,100,99911,100,100176,100,99908,100
2019-06-28 09:39:00.000000000,100033,406,99980,406,100050,200,99961,100,100055,100,99960,200,100064,100,99952,300,100128,100,99948,100,100134,100,99937,100,100150,100,99925,100,100152,100,99915,100,100176,100,99911,100,100203,100,99908,100
2019-06-28 09:39:00.763610788,100033,306,99980,406,100050,200,99961,100,100055,100,99960,200,100064,100,99952,300,100128,100,99948,100,100134,100,99937,100,100150,100,99925,100,100152,100,99915,100,100176,100,99911,100,100203,100,99908,100
2019-06-28 09:39:08.510147373,100033,306,100023,100,100050,200,99980,406,100055,100,99961,100,100064,100,99960,200,100128,100,99952,300,100134,100,99948,100,100150,100,99937,100,100152,100,99925,100,100176,100,99915,100,100203,100,99911,100
2019-06-28 09:39:10.000000000,100050,304,100023,204,100055,201,99980,201,100064,201,99961,201,100128,100,99960,200,100134,100,99952,300,100150,100,99948,100,100152,100,99937,100,100176,100,99925,100,100203,100,99915,100,100208,100,99911,100
2019-06-28 09:39:11.932110650,100050,204,100023,204,100055,201,99980,201,100064,201,99961,201,100128,100,99960,200,100134,100,99952,300,100150,100,99948,100,100152,100,99937,100,100176,100,99925,100,100203,100,99915,100,100208,100,99911,100
2019-06-28 09:39:16.018309595,100050,204,100033,100,100055,201,100023,204,100064,201,99980,201,100128,100,99961,201,100134,100,99960,200,100150,100,99952,300,100152,100,99948,100,100176,100,99937,100,100203,100,99925,100,100208,100,99915,100
2019-06-28 09:39:16.917836874,100050,204,100033,100,100055,201,100023,204,100064,201,99980,201,100128,100,99961,201,100134,100,99960,200,100150,100,99952,300,100152,100,99948,100,100176,100,99937,100,100203,100,99925,100,100208,100,99915,100
2019-06-28 09:39:20.000000000,100050,161,100033,161,100055,161,100023,161,100064,161,99980,161,100128,161,99961,161,100134,161,99960,261,100150,100,99952,300,100152,100,99948,100,100176,100,99937,100,100203,100,99925,100,100208,100,99915,100
2019-06-28 09:39:27.561155920,100050,61,100033,161,100055,161,100023,161,100064,61,99980,161,100128,161,99961,161,100134,161,99960,261,100150,100,99952,300,100152,100,99948,100,100176,100,99937,100,100203,100,99925,100,100208,100,99915,100
2019-06-28 09:39:30.000000000,100055,406,100033,406,100128,100,100023,100,100134,100,99980,100,100150,100,99961,100,100152,100,99960,200,100176,100,99952,300,100203,100,99948,100,100208,100,99937,100,100264,100,99925,100,100327,100,99915,100
2019-06-28 09:39:31.573069147,100055,406,100033,406,100128,100,100023,100,100134,100,99980,100,100139,100,99961,100,100150,100,99960,200,100152,100,99952,300,100176,100,99948,100,100203,100,99937,100,100208,100,99925,100,100264,100,99915,100
2019-06-28 09:39:33.356170790,100055,306,100033,406,100128,100,100023,100,100134,100,99980,100,100139,100,99961,100,100150,100,99960,200,100152,100,99952,300,100176,100,99948,100,100203,100,99937,100,100208,100,99925,100,100264,100,99915,100
2019-06-28 09:39:40.000000000,100128,406,100033,406,100134,100,100023,100,100139,100,99980,100,100150,100,99961,100,100152,100,99960,200,100176,100,99952,300,100203,100,99948,100,100208,100,99937,100,100264,100,99925,100,100327,100,99915,100
2019-06-28 09:39:50.000000000,100128,161,100033,161,100134,161,100023,161,100139,161,99980,161,100150,161,99961,161,100152,161,99960,261,100176,100,99952,300,100203,100,99948,100,100208,100,99937,100,100264,100,99925,100,100327,100,99915,100
2019-06-28 09:40:00.000000000,100128,161,100033,161,100134,161,100023,161,100139,161,99980,161,100150,161,99961,161,100152,161,99960,261,100176,100,99952,300,100203,100,99948,100,100208,100,99937,100,100264,100,99925,100,100327,100,99915,100
2019-06-28 09:40:10.000000000,100128,253,100033,253,100134,253,100023,253,100139,100,99980,100,100150,100,99961,100,100152,100,99960,200,100176,100,99952,300,100203,100,99948,100,100208,100,99937,100,100264,100,99925,100,100327,100,99915,100
2019-06-28 09:40:11.463437485,100128,253,100033,253,100134,253,100023,253,100139,100,99980,100,100150,100,99961,100,100152,100,99960,200,100176,100,99952,300,100203,100,99948,100,100208,100,99937,100,100264,100,99925,100,100327,100,99915,100
2019-06-28 09:40:15.711710232,100128,153,100033,253,100134,253,100023,253,100139,100,99980,100,100150,100,99961,100,100152,100,99960,200,100176,100,99952,300,100203,100,99948,100,100208,100,99925,100,100264,100,99915,100,100327,100,99911,100
2019-06-28 09:40:20.000000000,100134,406,100033,406,100139,100,100023,100,100150,100,99980,100,100152,100,99961,100,100176,100,99960,200,100203,100,99952,300,100208,100,99948,100,100264,100,99925,100,100327,100,99915,100,100472,100,99911,100
2019-06-28 09:40:29.574311454,100134,406,100055,100,100139,100,100033,406,100150,100,100023,100,100152,100,99980,100,100176,100,99961,100,100203,100,99960,200,100208,100,99952,300,100264,100,99948,100,100327,100,99925,100,100472,100,99915,100
2019-06-28 09:40:30.000000000,100134,176,100055,176,100139,176,100033,176,100150,176,100023,176,100152,176,99980,176,100176,100,99961,100,100203,100,99960,200,100208,100,99952,300,100264,100,99948,100,100327,100,99925,100,100472,100,99915,100
2019-06-28 09:40:32.347232308,100134,176,100055,176,100139,176,100033,176,100150,176,100023,176,100152,176,99980,176,100176,100,99960,200,100203,100,99952,300,100208,100,99948,100,100264,100,99925,100,100327,100,99915,100,100472,100,99911,100
2019-06-28 09:40:40.000000000,100134,204,100055,204,100139,201,100033,201,100150,201,100023,201,100152,100,99980,100,100176,100,99960,200,100203,100,99952,300,100208,100,99948,100,100264,100,99925,100,100327,100,99915,100,100472,100,99911,100
2019-06-28 09:40:50.000000000,100134,176,100055,176,100139,176,100033,176,100150,176,100023,176,100152,176,99980,176,100176,100,99960,200,100203,100,99952,300,100208,100,99948,100,100264,100,99925,100,100327,100,99915,100,100472,100,99911,100
2019-06-28 09:40:58.388034987,100134,176,100055,276,100139,176,100033,176,100150,176,100023,176,100152,176,99980,76,100176,100,99960,200,100203,100,99952,300,100208,100,99948,100,100264,100,99925,100,100327,100,99915,100,100472,100,99911,100
2019-06-28 09:41:00.000000000,100134,406,100055,506,100139,100,100033,100,100150,100,100023,100,100152,100,99960,200,100176,100,99952,300,100203,100,99948,100,100208,100,99925,100,100264,100,99915,100,100327,100,99911,100,100472,100,99908,100
2019-06-28 09:41:10.000000000,100134,204,100055,304,100139,201,100033,201,100150,201,100023,201,100152,100,99960,200,100176,100,99952,300,100203,100,99948,100,100208,100,99925,100,100264,100,99915,100,100327,100,99911,100,100472,100,99908,100
2019-06-28 09:41:20.000000000,100134,176,100055,276,100139,176,100033,176,100150,176,100023,176,100152,176,99960,276,100176,100,99952,300,100203,100,99948,100,100208,100,99925,100,100264,100,99915,100,100327,100,99911,100,100472,100,99908,100
2019-06-28 09:41:20.709961804,100134,176,100055,276,100139,176,100033,176,100150,176,100023,176,100152,176,99960,276,100176,100,99952,300,100203,100,99948,100,100208,100,99925,100,100264,100,99915,100,100327,100,99911,100,100472,100,99908,100
2019-06-28 09:41:30.000000000,100134,176,100055,276,100139,176,100033,176,100150,176,100023,176,100152,176,99960,276,100176,100,99952,300,100203,100,99948,100,100208,100,99925,100,100264,100,99915,100,100327,100,99911,100,100472,100,99908,100
2019-06-28 09:41:40.000000000,100134,176,100055,276,100139,176,100033,176,100150,176,100023,176,100152,176,99960,276,100176,100,99952,300,100203,100,99948,100,100208,100,99925,100,100264,100,99915,100,100327,100,99911,100,100472,100,99908,100
2019-06-28 09:41:42.066256005,100134,76,100055,276,100139,76,100033,176,100150,176,100023,176,100152,176,99960,276,100176,100,99952,300,100203,100,99948,100,100208,100,99925,100,100264,100,99915,100,100327,100,99911,100,100472,100,99908,100
2019-06-28 09:41:50.000000000,100150,253,100055,353,100152,253,100033,253,100176,100,100023,100,100203,100,99960,200,100208,100,99952,300,100264,100,99948,100,100327,100,99925,100,100472,100,99915,100,100551,100,99911,100,100595,100,99908,100
2019-06-28 09:42:00.000000000,100150,204,100055,304,100152,201,100033,201,100176,201,100023,201,100203,100,99960,200,100208,100,99952,300,100264,100,99948,100,100327,100,99925,100,100472,100,99915,100,100551,100,99911,100,100595,100,99908,100
2019-06-28 09:42:01.211108636,100150,204,100055,304,100152,201,100033,201,100176,201,100023,201,100203,100,99960,200,100208,100,99952,300,100264,100,99948,100,100327,100,99925,100,100472,100,99915,100,100551,100,99911,100,100595,100,99908,100
2019-06-28 09:42:10.000000000,100150,204,100055,304,100152,201,100033,201,100176,201,100023,201,100203,100,99960,200,100208,100,99952,300,100264,100,99948,100,100327,100,99925,100,100472,100,99915,100,100551,100,99911,100,100595,100,99908,100
2019-06-28 09:42:18.040092181,100150,204,100055,304,100152,201,100033,201,100176,201,100023,201,100203,100,99960,200,100208,100,99952,300,100264,100,99948,100,100327,100,99925,100,100472,100,99915,100,100551,100,99911,100,100595,100,99908,100
2019-06-28 09:42:20.000000000,100150,204,100055,304,100152,201,100033,201,100176,201,100023,201,100203,100,99960,200,100208,100,99952,300,100264,100,99948,100,100327,100,99925,100,100472,100,99915,100,100551,100,99911,100,100595,100,99908,100
2019-06-28 09:42:30.000000000,100150,253,100055,353,100152,253,100033,253,100176,100,100023,100,100203,100,99960,200,100208,100,99952,300,100264,100,99948,100,100327,100,99925,100,100472,100,99915,100,100551,100,99911,100,100595,100,99908,100
2019-06-28 09:42:40.000000000,100150,406,100055,506,100152,100,100033,100,100176,100,100023,100,100203,100,99960,200,100208,100,99952,300,100264,100,99948,100,100327,100,99925,100,100472,100,99915,100,100551,100,99911,100,100595,100,99908,100
2019-06-28 09:42:50.000000000,100150,253,100055,353,100152,253,100033,253,100176,100,100023,100,100203,100,99960,200,100208,100,99952,300,100264,100,99948,100,100327,100,99925,100,100472,100,99915,100,100551,100,99911,100,100595,100,99908,100
2019-06-28 09:43:00.000000000,100150,161,100055,261,100152,161,100033,161,100176,161,100023,161,100203,161,99960,261,100208,161,99952,361,100264,100,99948,100,100327,100,99925,100,100472,100,99915,100,100551,100,99911,100,100595,100,99908,100
2019-06-28 09:43:10.000000000,100150,406,100055,506,100152,100,100033,100,100176,100,100023,100,100203,100,99960,200,100208,100,99952,300,100264,100,99948,100,100327,100,99925,100,100472,100,99915,100,100551,100,99911,100,100595,100,99908,100
2019-06-28 09:43:16.468820178,100127,100,100055,506,100150,406,100033,100,100152,100,100023,100,100176,100,99960,100,100203,100,99952,300,100208,100,99948,100,100264,100,99925,100,100327,100,99915,100,100472,100,99911,100,100551,100,99908,100
2019-06-28 09:43:20.000000000,100127,204,100055,304,100150,201,100033,201,100152,201,100023,201,100176,100,99960,100,100203,100,99952,300,100208,100,99948,100,100264,100,99925,100,100327,100,99915,100,100472,100,99911,100,100551,100,99908,100
2019-06-28 09:43:30.000000000,100127,204,100055,304,100150,201,100033,201,100152,201,100023,201,100176,100,99960,100,100203,100,99952,300,100208,100,99948,100,100264,100,99925,100,100327,100,99915,100,100472,100,99911,100,100551,100,99908,100
2019-06-28 09:43:31.437500837,100127,4,100055,304,100150,201,100033,201,100152,201,100023,201,100176,100,99960,100,100203,100,99952,300,100208,100,99948,100,100264,100,99925,100,100327,100,99915,100,100472,100,99911,100,100551,100,99908,100
2019-06-28 09:43:40.000000000,100150,176,100055,276,100152,176,100033,176,100176,176,100023,176,100203,176,99960,176,100208,100,99952,300,100264,100,99948,100,100327,100,99925,100,100472,100,99915,100,100551,100,99911,100,100595,100,99908,100
2019-06-28 09:43:48.866672545,100108,100,100055,276,100150,176,100033,176,100152,176,100023,176,100176,176,99960,176,100203,176,99952,300,100208,100,99948,100,100264,100,99925,100,100327,100,99915,100,100472,100,99911,100,100551,100,99908,100
2019-06-28 09:43:50.000000000,100108,176,100055,276,100150,176,100033,176,100152,176,100023,176,100176,176,99960,176,100203,100,99952,300,100208,100,99948,100,100264,100,99925,100,100327,100,99915,100,100472,100,99911,100,100551,100,99908,100
2019-06-28 09:44:00.000000000,100108,176,100055,276,100150,176,100033,176,100152,176,100023,176,100176,176,99960,176,100203,100,99952,300,100208,100,99948,100,100264,100,99925,100,100327,100,99915,100,100472,100,99911,100,100551,100,99908,100
2019-06-28 09:44:05.609193369,100108,176,100055,176,100150,176,100033,176,100152,176,100023,176,100176,176,99960,176,100203,100,99952,300,100208,100,99948,100,100264,100,99925,100,100327,100,99915,100,100472,100,99911,100,100551,100,99895,100
2019-06-28 09:44:10.000000000,100108,204,100055,204,100150,201,100033,201,100152,201,100023,201,100176,100,99960,100,100203,100,99952,300,100208,100,99948,100,100264,100,99925,100,100327,100,99915,100,100472,100,99911,100,100551,100,99895,100
2019-06-28 09:44:20.000000000,100108,204,100055,204,100150,201,100033,201,100152,201,100023,201,100176,100,99960,100,100203,100,99952,300,100208,100,99948,100,100264,100,99925,100,100327,100,99915,100,100472,100,99911,100,100551,100,99895,100
2019-06-28 09:44:30.000000000,100108,406,100055,406,100150,100,100033,100,100152,100,100023,100,100176,100,99960,100,100203,100,99952,300,100208,100,99948,100,100264,100,99925,100,100327,100,99915,100,100472,100,99911,100,100551,100,99895,100
2019-06-28 09:44:38.981332985,100108,406,100055,406,100150,100,100033,100,100152,100,100023,100,100176,100,99960,100,100188,100,99952,300,100203,100,99948,100,100208,100,99925,100,100264,100,99915,100,100327,100,99911,100,100472,100,99895,100
2019-06-28 09:44:40.000000000,100108,253,100055,253,100150,253,100033,253,100152,100,100023,100,100176,100,99960,100,100188,100,99952,300,100203,100,99948,100,100208,100,99925,100,100264,100,99915,100,100327,100,99911,100,100472,100,99895,100
2019-06-28 09:44:41.737163336,100108,153,100055,253,100150,253,100033,253,100152,100,100023,100,100176,100,99960,100,100188,100,99952,300,100208,100,99948,100,100264,100,99925,100,100327,100,99915,100,100472,100,99911,100,100551,100,99895,100
2019-06-28 09:44:46.247050470,100108,53,100055,253,100150,253,100033,253,100152,100,100023,100,100176,100,99960,100,100188,100,99952,300,100208,100,99948,100,100264,100,99925,100,100327,100,99915,100,100472,100,99911,100,100551,100,99888,100
2019-06-28 09:44:50.000000000,100150,253,100055,253,100152,253,100033,253,100176,100,100023,100,100188,100,99960,100,100208,100,99952,300,100264,100,99948,100,100327,100,99925,100,100472,100,99915,100,100551,100,99911,100,100595,100,99888,100
2019-06-28 09:45:00.000000000,100150,161,100055,161,100152,161,100033,161,100176,161,100023,161,100188,161,99960,161,100208,161,99952,361,100264,100,99948,100,100327,100,99925,100,100472,100,99915,100,100551,100,99911,100,100595,100,99888,100
2019-06-28 09:45:10.000000000,100150,176,100055,176,100152,176,100033,176,100176,176,100023,176,100188,176,99960,176,100208,100,99952,300,100264,100,99948,100,100327,100,99925,100,100472,100,99915,100,100551,100,99911,100,100595,100,99888,100
2019-06-28 09:45:17.380685170,100150,176,100067,100,100152,176,100055,176,100176,176,100033,176,100188,176,100023,176,100208,100,99960,176,100264,100,99952,300,100327,100,99948,100,100472,100,99925,100,100551,100,99911,100,100595,100,99888,100
2019-06-28 09:45:20.000000000,100150,406,100067,406,100152,100,100055,100,100176,100,100033,100,100188,100,100023,100,100208,100,99960,100,100264,100,99952,300,100327,100,99948,100,100472,100,99925,100,100551,100,99911,100,100595,100,99888,100
2019-06-28 09:45:30.000000000,100150,176,100067,176,100152,176,100055,176,100176,176,100033,176,100188,176,100023,176,100208,100,99960,100,100264,100,99952,300,100327,100,99948,100,100472,100,99925,100,100551,100,99911,100,100595,100,99888,100
2019-06-28 09:45:40.000000000,100150,176,100067,176,100152,176,100055,176,100176,176,100033,176,100188,176,100023,176,100208,100,99960,100,100264,100,99952,300,100327,100,99948,100,100472,100,99925,100,100551,100,99911,100,100595,100,99888,100
2019-06-28 09:45:50.000000000,100150,406,100067,406,100152,100,100055,100,100176,100,100033,100,100188,100,100023,100,100208,100,99960,100,100264,100,99952,300,100327,100,99948,100,100472,100,99925,100,100551,100,99911,100,100595,100,99888,100
2019-06-28 09:46:00.000000000,100150,204,100067,204,100152,201,100055,201,100176,201,100033,201,100188,100,100023,100,100208,100,99960,100,100264,100,99952,300,100327,100,99948,100,100472,100,99925,100,100551,100,99911,100,100595,100,99888,100
2019-06-28 09:46:10.000000000,100150,176,100067,176,100152,176,100055,176,100176,176,100033,176,100188,176,100023,176,100208,100,99960,100,100264,100,99952,300,100327,100,99948,100,100472,100,99925,100,100551,100,99911,100,100595,100,99888,100
2019-06-28 09:46:12.677655084,100150,176,100067,176,100152,176,100055,176,100176,176,100033,176,100188,176,100023,176,100208,100,99960,100,100264,100,99952,300,100327,100,99948,100,100398,100,99925,100,100472,100,99911,100,100551,100,99888,100
2019-06-28 09:46:20.000000000,100150,161,100067,161,100152,161,100055,161,100176,161,100033,161,100188,161,100023,161,100208,161,99960,161,100264,100,99952,300,100327,100,99948,100,100398,100,99925,100,100472,100,99911,100,100551,100,99888,100
2019-06-28 09:46:23.851843472,100150,161,100067,161,100152,161,100055,161,100176,161,100033,161,100188,161,100023,161,100208,161,99960,161,100264,100,99952,300,100327,100,99948,100,100398,100,99925,100,100472,100,99911,100,100504,100,99888,100
2019-06-28 09:46:30.000000000,100150,253,100067,253,100152,253,100055,253,100176,100,100033,100,100188,100,100023,100,100208,100,99960,100,100264,100,99952,300,100327,100,99948,100,100398,100,99925,100,100472,100,99911,100,100504,100,99888,100
2019-06-28 09:46:33.120272962,100150,153,100067,253,100152,253,100055,253,100176,100,100033,100,100188,100,100023,100,100208,100,99960,100,100264,100,99952,300,100327,100,99948,100,100398,100,99925,100,100472,100,99911,100,100504,100,99888,100
2019-06-28 09:46:40.000000000,100152,176,100067,176,100176,176,100055,176,100188,176,100033,176,100208,176,100023,176,100264,100,99960,100,100327,100,99952,300,100398,100,99948,100,100472,100,99925,100,100504,100,99911,100,100551,100,99888,100
2019-06-28 09:46:50.000000000,100152,176,100067,176,100176,176,100055,176,100188,176,100033,176,100208,176,100023,176,100264,100,99960,100,100327,100,99952,300,100398,100,99948,100,100472,100,99925,100,100504,100,99911,100,100551,100,99888,100
2019-06-28 09:46:58.710396957,100152,176,100067,176,100176,176,100055,176,100188,176,100033,176,100205,100,100023,176,100208,176,99960,100,100264,100,99952,300,100327,100,99948,100,100398,100,99925,100,100472,100,99911,100,100504,100,99888,100
2019-06-28 09:47:00.000000000,100152,161,100067,161,100176,161,100055,161,100188,161,100033,161,100205,161,100023,161,100208,161,99960,161,100264,100,99952,300,100327,100,99948,100,100398,100,99925,100,100472,100,99911,100,100504,100,99888,100
2019-06-28 09:47:10.000000000,100152,406,100067,406,100176,100,100055,100,100188,100,100033,100,100205,100,100023,100,100208,100,99960,100,100264,100,99952,300,100327,100,99948,100,100398,100,99925,100,100472,100,99911,100,100504,100,99888,100
2019-06-28 09:47:20.000000000,100152,176,100067,176,100176,176,100055,176,100188,176,100033,176,100205,176,100023,176,100208,100,99960,100,100264,100,99952,300,100327,100,99948,100,100398,100,99925,100,100472,100,99911,100,100504,100,99888,100
2019-06-28 09:47:25.401987104,100152,76,100067,176,100176,176,100055,176,100188,176,100033,176,100205,176,100023,176,100208,100,99960,100,100264,100,99952,300,100327,100,99948,100,100398,100,99925,100,100472,100,99911,100,100504,100,99888,100
2019-06-28 09:47:30.000000000,100176,161,100067,161,100188,161,100055,161,100205,161,100033,161,100208,161,100023,161,100264,161,99960,161,100327,100,99952,300,100398,100,99948,100,100472,100,99925,100,100504,100,99911,100,100551,100,99888,100
2019-06-28 09:47:40.000000000,100176,406,100067,406,100188,100,100055,100,100205,100,100033,100,100208,100,100023,100,100264,100,99960,100,100327,100,99952,300,100398,100,99948,100,100472,100,99925,100,100504,100,99911,100,100551,100,99888,100
2019-06-28 09:47:50.000000000,100176,161,100067,161,100188,161,100055,161,100205,161,100033,161,100208,161,100023,161,100264,161,99960,161,100327,100,99952,300,100398,100,99948,100,100472,100,99925,100,100504,100,99911,100,100551,100,99888,100
2019-06-28 09:48:00.000000000,100176,204,100067,204,100188,201,100055,201,100205,201,100033,201,100208,100,100023,100,100264,100,99960,100,100327,100,99952,300,100398,100,99948,100,100472,100,99925,100,100504,100,99911,100,100551,100,99888,100
2019-06-28 09:48:10.000000000,100176,204,100067,204,100188,201,100055,201,100205,201,100033,201,100208,100,100023,100,100264,100,99960,100,100327,100,99952,300,100398,100,99948,100,100472,100,99925,100,100504,100,99911,100,100551,100,99888,100
2019-06-28 09:48:20.000000000,100176,253,100067,253,100188,253,100055,253,100205,100,100033,100,100208,100,100023,100,100264,100,99960,100,100327,100,99952,300,100398,100,99948,100,100472,100,99925,100,100504,100,99911,100,100551,100,99888,100
2019-06-28 09:48:30.000000000,100176,204,100067,204,100188,201,100055,201,100205,201,100033,201,100208,100,100023,100,100264,100,99960,100,100327,100,99952,300,100398,100,99948,100,100472,100,99925,100,100504,100,99911,100,100551,100,99888,100
2019-06-28 09:48:40.000000000,100176,253,100067,253,100188,253,100055,253,100205,100,100033,100,100208,100,100023,100,100264,100,99960,100,100327,100,99952,300,100398,100,99948,100,100472,100,99925,100,100504,100,99911,100,100551,100,99888,100
2019-06-28 09:48:41.334695613,100149,100,100067,253,100176,253,100055,253,100188,253,100033,100,100205,100,100023,100,100208,100,99952,300,100264,100,99948,100,100327,100,99925,100,100398,100,99911,100,100472,100,99888,100,100504,100,99881,100
2019-06-28 09:48:50.000000000,100149,406,100067,406,100176,100,100055,100,100188,100,100033,100,100205,100,100023,100,100208,100,99952,300,100264,100,99948,100,100327,100,99925,100,100398,100,99911,100,100472,100,99888,100,100504,100,99881,100
2019-06-28 09:48:53.217041396,100149,406,100111,100,100176,100,100067,406,100188,100,100055,100,100205,100,100033,100,100208,100,100023,100,100264,100,99952,300,100327,100,99948,100,100398,100,99925,100,100472,100,99911,100,100551,100,99888,100
2019-06-28 09:49:00.000000000,100149,253,100111,253,100176,253,100067,253,100188,100,100055,100,100205,100,100033,100,100208,100,100023,100,100264,100,99952,300,100327,100,99948,100,100398,100,99925,100,100472,100,99911,100,100551,100,99888,100
2019-06-28 09:49:10.000000000,100149,406,100111,406,100176,100,100067,100,100188,100,100055,100,100205,100,100033,100,100208,100,100023,100,100264,100,99952,300,100327,100,99948,100,100398,100,99925,100,100472,100,99911,100,100551,100,99888,100
2019-06-28 09:49:20.000000000,100149,161,100111,161,100176,161,100067,161,100188,161,100055,161,100205,161,100033,161,100208,161,100023,161,100264,100,99952,300,100327,100,99948,100,100398,100,99925,100,100472,100,99911,100,100551,100,99888,100
2019-06-28 09:49:30.000000000,100149,253,100111,253,100176,253,100067,253,100188,100,100055,100,100205,100,100033,100,100208,100,100023,100,100264,100,99952,300,100327,100,99948,100,100398,100,99925,100,100472,100,99911,100,100551,100,99888,100
2019-06-28 09:49:40.000000000,100149,406,100111,406,100176,100,100067,100,100188,100,100055,100,100205,100,100033,100,100208,100,100023,100,100264,100,99952,300,100327,100,99948,100,100398,100,99925,100,100472,100,99911,100,100551,100,99888,100
2019-06-28 09:49:50.000000000,100149,406,100111,406,100176,100,100067,100,100188,100,100055,100,100205,100,100033,100,100208,100,100023,100,100264,100,99952,300,100327,100,99948,100,100398,100,99925,100,100472,100,99911,100,100551,100,99888,100
2019-06-28 09:50:00.000000000,100149,176,100111,176,100176,176,100067,176,100188,176,100055,176,100205,176,100033,176,100208,100,100023,100,100264,100,99952,300,100327,100,99948,100,100398,100,99925,100,100472,100,99911,100,100551,100,99888,100
2019-06-28 09:50:04.917079466,100149,176,100111,176,100176,176,100067,176,100188,176,100055,176,100205,176,100033,176,100208,100,100023,100,100264,100,99952,300,100327,100,99948,100,100398,100,99925,100,100472,100,99911,100,100551,100,99888,100
2019-06-28 09:50:10.000000000,100149,204,100111,204,100176,201,100067,201,100188,201,100055,201,100205,100,100033,100,100208,100,100023,100,100264,100,99952,300,100327,100,99948,100,100398,100,99925,100,100472,100,99911,100,100551,100,99888,100
2019-06-28 09:50:20.000000000,100149,176,100111,176,100176,176,100067,176,100188,176,100055,176,100205,176,100033,176,100208,100,100023,100,100264,100,99952,300,100327,100,99948,100,100398,100,99925,100,100472,100,99911,100,100551,100,99888,100
2019-06-28 09:50:30.000000000,100149,161,100111,161,100176,161,100067,161,100188,161,100055,161,100205,161,100033,161,100208,161,100023,161,100264,100,99952,300,100327,100,99948,100,100398,100,99925,100,100472,100,99911,100,100551,100,99888,100
2019-06-28 09:50:40.000000000,100149,253,100111,253,100176,253,100067,253,100188,100,100055,100,100205,100,100033,100,100208,100,100023,100,100264,100,99952,300,100327,100,99948,100,100398,100,99925,100,100472,100,99911,100,100551,100,99888,100
2019-06-28 09:50:44.042617635,100149,253,100111,153,100176,253,100067,253,100188,100,100055,100,100205,100,100033,100,100208,100,100023,100,100264,100,99952,300,100327,100,99948,100,100398,100,99925,100,100472,100,99911,100,100551,100,99888,100
2019-06-28 09:50:49.342088297,100149,253,100111,53,100176,253,100067,253,100188,100,100055,100,100205,100,100033,100,100208,100,100023,100,100264,100,99952,300,100327,100,99948,100,100398,100,99925,100,100472,100,99911,100,100551,100,99888,100
2019-06-28 09:50:50.000000000,100149,161,100067,161,100176,161,100055,161,100188,161,100033,161,100205,161,100023,161,100208,161,99952,361,100264,100,99948,100,100327,100,99925,100,100398,100,99911,100,100472,100,99888,100,100551,100,99881,100
2019-06-28 09:50:54.556187219,100149,161,100067,161,100176,161,100055,161,100188,161,100033,161,100205,161,100023,161,100208,161,99952,361,100264,100,99948,100,100327,100,99925,100,100398,100,99911,100,100551,100,99903,100,100595,100,99888,100
2019-06-28 09:50:56.912056983,100149,161,100067,61,100176,161,100055,161,100188,161,100033,161,100205,161,100023,161,100208,161,99952,361,100264,100,99948,100,100327,100,99925,100,100398,100,99911,100,100551,100,99903,100,100595,100,99888,100
2019-06-28 09:51:00.000000000,100149,253,100055,253,100176,253,100033,253,100188,100,100023,100,100205,100,99952,300,100208,100,99948,100,100264,100,99925,100,100327,100,99911,100,100398,100,99903,100,100551,100,99888,100,100595,100,99881,100
2019-06-28 09:51:03.656299685,100149,253,100055,153,100176,253,100033,253,100188,100,100023,100,100205,100,99952,300,100208,100,99948,100,100264,100,99925,100,100327,100,99911,100,100398,100,99903,100,100551,100,99888,100,100595,100,99881,100
2019-06-28 09:51:10.000000000,100149,161,100033,161,100176,161,100023,161,100188,161,99952,361,100205,161,99948,161,100208,161,99925,161,100264,100,99911,100,100327,100,99903,100,100398,100,99888,100,100551,100,99881,100,100595,100,99480,100
2019-06-28 09:51:20.000000000,100149,204,100033,204,100176,201,100023,201,100188,201,99952,401,100205,100,99948,100,100208,100,99925,100,100264,100,99911,100,100327,100,99903,100,100398,100,99888,100,100551,100,99881,100,100595,100,99480,100
2019-06-28 09:51:21.900978341,100149,204,100033,204,100176,201,100023,201,100188,201,99952,401,100205,100,99948,100,100208,100,99925,100,100264,100,99911,100,100327,100,99903,100,100398,100,99888,100,100551,100,99881,100,100595,100,99606,100
2019-06-28 09:51:23.167510065,100067,100,100033,204,100149,204,100023,201,100176,201,99952,401,100188,201,99948,100,100205,100,99925,100,100208,100,99911,100,100264,100,99903,100,100327,100,99888,100,100398,100,99881,100,100551,100,99606,100
2019-06-28 09:51:23.577916752,100067,200,100033,204,100149,204,100023,201,100176,201,99952,401,100188,201,99948,100,100205,100,99925,100,100208,100,99911,100,100264,100,99903,100,100327,100,99888,100,100398,100,99881,100,100551,100,99606,100
2019-06-28 09:51:30.000000000,100067,506,100033,406,100149,100,100023,100,100176,100,99952,300,100188,100,99948,100,100205,100,99925,100,100208,100,99911,100,100264,100,99903,100,100327,100,99888,100,100398,100,99881,100,100551,100,99606,100
2019-06-28 09:51:40.000000000,100067,276,100033,176,100149,176,100023,176,100176,176,99952,376,100188,176,99948,176,100205,100,99925,100,100208,100,99911,100,100264,100,99903,100,100327,100,99888,100,100398,100,99881,100,100551,100,99606,100
2019-06-28 09:51:50.000000000,100067,276,100033,176,100149,176,100023,176,100176,176,99952,376,100188,176,99948,176,100205,100,99925,100,100208,100,99911,100,100264,100,99903,100,100327,100,99888,100,100398,100,99881,100,100551,100,99606,100
2019-06-28 09:51:51.645529069,100067,276,100033,76,100149,176,100023,176,100176,176,99952,376,100188,176,99948,176,100205,100,99925,100,100208,100,99911,100,100264,100,99903,100,100327,100,99888,100,100398,100,99881,100,100551,100,99606,100
2019-06-28 09:51:53.170806067,100067,276,100033,76,100149,176,100023,176,100176,176,99952,376,100188,176,99948,176,100205,100,99925,100,100208,100,99912,100,100264,100,99911,100,100327,100,99903,100,100398,100,99881,100,100551,100,99606,100
2019-06-28 09:52:00.000000000,100067,304,100023,204,100149,201,99952,401,100176,201,99948,201,100188,100,99925,100,100205,100,99912,100,100208,100,99911,100,100264,100,99903,100,100327,100,99881,100,100398,100,99606,100,100551,100,99480,100
2019-06-28 09:52:10.000000000,100067,304,100023,204,100149,201,99952,401,100176,201,99948,201,100188,100,99925,100,100205,100,99912,100,100208,100,99911,100,100264,100,99903,100,100327,100,99881,100,100398,100,99606,100,100551,100,99480,100
2019-06-28 09:52:20.000000000,100067,261,100023,161,100149,161,99952,361,100176,161,99948,161,100188,161,99925,161,100205,161,99912,161,100208,100,99911,100,100264,100,99903,100,100327,100,99881,100,100398,100,99606,100,100551,100,99480,100
2019-06-28 09:52:30.000000000,100067,506,100023,406,100149,100,99952,300,100176,100,99948,100,100188,100,99925,100,100205,100,99912,100,100208,100,99911,100,100264,100,99903,100,100327,100,99881,100,100398,100,99606,100,100551,100,99480,100
2019-06-28 09:52:40.000000000,100067,353,100023,253,100149,253,99952,453,100176,100,99948,100,100188,100,99925,100,100205,100,99912,100,100208,100,99911,100,100264,100,99903,100,100327,100,99881,100,100398,100,99606,100,100551,100,99480,100
2019-06-28 09:52:50.000000000,100067,276,100023,176,100149,176,99952,376,100176,176,99948,176,100188,176,99925,176,100205,100,99912,100,100208,100,99911,100,100264,100,99903,100,100327,100,99881,100,100398,100,99606,100,100551,100,99480,100
2019-06-28 09:52:50.682111072,100067,276,100023,176,100149,176,99964,100,100176,176,99952,376,100188,176,99948,176,100205,100,99925,176,100208,100,99912,100,100264,100,99911,100,100327,100,99903,100,100398,100,99881,100,100551,100,99480,100
2019-06-28 09:53:00.000000000,100067,261,100023,161,100149,161,99964,161,100176,161,99952,361,100188,161,99948,161,100205,161,99925,161,100208,100,99912,100,100264,100,99911,100,100327,100,99903,100,100398,100,99881,100,100551,100,99480,100
2019-06-28 09:53:00.566382664,100067,261,100023,61,100149,161,99964,161,100176,161,99952,361,100188,161,99948,161,100205,161,99925,161,100208,100,99912,100,100264,100,99911,100,100327,100,99903,100,100398,100,99881,100,100551,100,99480,100
2019-06-28 09:53:09.531760591,100033,100,100023,61,100067,261,99964,161,100149,161,99952,361,100176,161,99948,161,100188,161,99925,161,100205,161,99912,100,100208,100,99911,100,100264,100,99903,100,100327,100,99881,100,100398,100,99480,100
2019-06-28 09:53:10.000000000,100033,161,99964,161,100067,261,99952,361,100149,161,99948,161,100176,161,99925,161,100188,161,99912,161,100205,100,99911,100,100208,100,99903,100,100264,100,99881,100,100327,100,99480,100,100398,100,99415,100
2019-06-28 09:53:20.000000000,100033,406,99964,406,100067,200,99952,300,100149,100,99948,100,100176,100,99925,100,100188,100,99912,100,100205,100,99911,100,100208,100,99903,100,100264,100,99881,100,100327,100,99480,100,100398,100,99415,100
2019-06-28 09:53:29.259986056,100033,506,99964,406,100067,200,99952,300,100149,100,99948,100,100176,100,99925,100,100188,100,99912,100,100205,100,99911,100,100208,100,99903,100,100264,100,99881,100,100327,100,99480,100,100398,100,99415,100
2019-06-28 09:53:30.000000000,100033,276,99964,176,100067,276,99952,376,100149,176,99948,176,100176,176,99925,176,100188,100,99912,100,100205,100,99911,100,100208,100,99903,100,100264,100,99881,100,100327,100,99480,100,100398,100,99415,100
2019-06-28 09:53:33.519102263,100033,276,99964,176,100067,276,99952,376,100149,176,99948,176,100176,176,99925,176,100188,100,99912,100,100205,100,99911,100,100208,100,99903,100,100264,100,99881,100,100327,100,99728,100,100398,100,99480,100
2019-06-28 09:53:38.090826093,100033,276,99964,176,100067,276,99952,376,100149,176,99948,176,100176,176,99925,176,100188,100,99912,100,100205,100,99911,100,100208,100,99903,100,100264,100,99881,100,100327,100,99728,100,100398,100,99717,100
2019-06-28 09:53:40.000000000,100033,304,99964,204,100067,301,99952,401,100149,201,99948,201,100176,100,99925,100,100188,100,99912,100,100205,100,99911,100,100208,100,99903,100,100264,100,99881,100,100327,100,99728,100,100398,100,99717,100
2019-06-28 09:53:40.616577263,99994,100,99964,204,100033,304,99952,401,100067,301,99948,201,100149,201,99925,100,100176,100,99912,100,100188,100,99911,100,100205,100,99903,100,100208,100,99881,100,100264,100,99728,100,100327,100,99717,100
2019-06-28 09:53:50.000000000,99994,204,99964,204,100033,301,99952,401,100067,301,99948,201,100149,100,99925,100,100176,100,99912,100,100188,100,99911,100,100205,100,99903,100,100208,100,99881,100,100264,100,99728,100,100327,100,99717,100
2019-06-28 09:54:00.000000000,99994,161,99964,161,100033,261,99952,361,100067,261,99948,161,100149,161,99925,161,100176,161,99912,161,100188,100,99911,100,100205,100,99903,100,100208,100,99881,100,100264,100,99728,100,100327,100,99717,100
2019-06-28 09:54:10.000000000,99994,406,99964,406,100033,200,99952,300,100067,200,99948,100,100149,100,99925,100,100176,100,99912,100,100188,100,99911,100,100205,100,99903,100,100208,100,99881,100,100264,100,99728,100,100327,100,99717,100
2019-06-28 09:54:12.792682496,99994,406,99964,306,100033,200,99952,300,100067,200,99948,100,100149,100,99925,100,100176,100,99912,100,100188,100,99911,100,100205,100,99903,100,100208,100,99881,100,100264,100,99728,100,100327,100,99717,100
2019-06-28 09:54:20.000000000,99994,161,99952,361,100033,261,99948,161,100067,261,99925,161,100149,161,99912,161,100176,161,99911,161,100188,100,99903,100,100205,100,99881,100,100208,100,99728,100,100264,100,99717,100,100327,100,99480,100
2019-06-28 09:54:30.000000000,99994,406,99952,606,100033,200,99948,100,100067,200,99925,100,100149,100,99912,100,100176,100,99911,100,100188,100,99903,100,100205,100,99881,100,100208,100,99728,100,100264,100,99717,100,100327,100,99480,100
2019-06-28 09:54:40.000000000,99994,204,99952,404,100033,301,99948,201,100067,301,99925,201,100149,100,99912,100,100176,100,99911,100,100188,100,99903,100,100205,100,99881,100,100208,100,99728,100,100264,100,99717,100,100327,100,99480,100
2019-06-28 09:54:50.000000000,99994,204,99952,404,100033,301,99948,201,100067,301,99925,201,100149,100,99912,100,100176,100,99911,100,100188,100,99903,100,100205,100,99881,100,100208,100,99728,100,100264,100,99717,100,100327,100,99480,100
2019-06-28 09:55:00.000000000,99994,176,99952,376,100033,276,99948,176,100067,276,99925,176,100149,176,99912,176,100176,100,99911,100,100188,100,99903,100,100205,100,99881,100,100208,100,99728,100,100264,100,99717,100,100327,100,99480,100
2019-06-28 09:55:00.244678796,99994,76,99952,376,100033,276,99948,176,100067,276,99925,176,100149,176,99912,176,100176,100,99911,100,100188,100,99903,100,100205,100,99881,100,100208,100,99728,100,100264,100,99717,100,100327,100,99480,100
2019-06-28 09:55:10.000000000,100033,261,99952,361,100067,261,99948,161,100149,161,99925,161,100176,161,99912,161,100188,161,99911,161,100205,100,99903,100,100208,100,99881,100,100264,100,99728,100,100327,100,99717,100,100398,100,99480,100
2019-06-28 09:55:16.947059982,100033,261,99952,361,100067,261,99948,161,100149,161,99925,161,100176,161,99912,161,100188,161,99911,161,100205,100,99903,100,100208,100,99881,100,100264,100,99728,100,100327,100,99717,100,100394,100,99480,100
2019-06-28 09:55:20.000000000,100033,261,99952,361,100067,261,99948,161,100149,161,99925,161,100176,161,99912,161,100188,161,99911,161,100205,100,99903,100,100208,100,99881,100,100264,100,99728,100,100327,100,99717,100,100394,100,99480,100
2019-06-28 09:55:29.924875620,100033,261,99952,361,100067,261,99948,161,100149,161,99925,161,100176,161,99912,161,100179,100,99911,161,100188,161,99903,100,100205,100,99881,100,100208,100,99728,100,100264,100,99717,100,100327,100,99480,100
2019-06-28 09:55:30.000000000,100033,353,99952,453,100067,353,99948,253,100149,100,99925,100,100176,100,99912,100,100179,100,99911,100,100188,100,99903,100,100205,100,99881,100,100208,100,99728,100,100264,100,99717,100,100327,100,99480,100
2019-06-28 09:55:33.817461543,100033,353,99952,453,100067,353,99948,253,100149,100,99925,100,100176,100,99912,100,100179,100,99911,100,100188,100,99903,100,100205,100,99881,100,100208,100,99728,100,100264,100,99717,100,100327,100,99480,100
2019-06-28 09:55:40.000000000,100033,276,99952,376,100067,276,99948,176,100149,176,99925,176,100176,176,99912,176,100179,100,99911,100,100188,100,99903,100,100205,100,99881,100,100208,100,99728,100,100264,100,99717,100,100327,100,99480,100
2019-06-28 09:55:45.667901299,100033,276,99952,376,100067,276,99948,176,100149,176,99925,176,100176,176,99912,176,100179,100,99911,100,100188,100,99903,100,100205,100,99881,100,100208,100,99728,100,100327,100,99717,100,100394,100,99480,100
2019-06-28 09:55:49.898712285,100033,276,99965,100,100067,276,99952,376,100149,176,99948,176,100176,176,99925,176,100179,100,99912,176,100188,100,99911,100,100205,100,99903,100,100208,100,99881,100,100327,100,99728,100,100394,100,99717,100
2019-06-28 09:55:50.000000000,100033,261,99965,161,100067,261,99952,361,100149,161,99948,161,100176,161,99925,161,100179,161,99912,161,100188,100,99911,100,100205,100,99903,100,100208,100,99881,100,100327,100,99728,100,100394,100,99717,100
2019-06-28 09:55:53.598791508,100033,161,99965,261,100067,261,99952,361,100149,161,99948,161,100176,161,99925,161,100179,161,99912,161,100188,100,99911,100,100205,100,99903,100,100208,100,99881,100,100327,100,99728,100,100394,100,99717,100
2019-06-28 09:56:00.000000000,100033,406,99965,506,100067,200,99952,300,100149,100,99948,100,100176,100,99925,100,100179,100,99912,100,100188,100,99911,100,100205,100,99903,100,100208,100,99881,100,100327,100,99728,100,100394,100,99717,100
2019-06-28 09:56:10.000000000,100033,176,99965,276,100067,276,99952,376,100149,176,99948,176,100176,176,99925,176,100179,100,99912,100,100188,100,99911,100,100205,100,99903,100,100208,100,99881,100,100327,100,99728,100,100394,100,99717,100
2019-06-28 09:56:13.707526323,100033,176,99965,276,100067,276,99952,376,100149,176,99948,176,100176,176,99925,176,100179,100,99912,100,100188,100,99911,100,100205,100,99903,100,100208,100,99881,100,100327,100,99728,100,100394,100,99717,100
2019-06-28 09:56:18.760102507,100033,176,99965,276,100067,276,99952,376,100149,176,99948,176,100176,176,99925,176,100179,100,99912,100,100188,100,99911,100,100205,100,99903,100,100208,100,99881,100,100327,100,99728,100,100394,100,99717,100
2019-06-28 09:56:20.000000000,100033,253,99965,353,100067,353,99952,453,100149,100,99948,100,100176,100,99925,100,100179,100,99912,100,100188,100,99911,100,100205,100,99903,100,100208,100,99881,100,100327,100,99728,100,100394,100,99717,100
2019-06-28 09:56:21.038127773,100033,253,99965,353,100067,353,99952,453,100149,100,99948,100,100176,100,99925,100,100179,100,99912,100,100188,100,99911,100,100205,100,99903,100,100208,100,99881,100,100327,100,99728,100,100338,100,99717,100
2019-06-28 09:56:29.133602919,100033,153,99965,353,100067,353,99952,453,100149,100,99948,100,100176,100,99925,100,100179,100,99912,100,100188,100,99911,100,100205,100,99903,100,100208,100,99881,100,100327,100,99728,100,100338,100,99717,100
2019-06-28 09:56:30.000000000,100067,506,99965,506,100149,100,99952,300,100176,100,99948,100,100179,100,99925,100,100188,100,99912,100,100205,100,99911,100,100208,100,99903,100,100327,100,99881,100,100338,100,99728,100,100394,100,99717,100
2019-06-28 09:56:40.000000000,100067,353,99965,353,100149,253,99952,453,100176,100,99948,100,100179,100,99925,100,100188,100,99912,100,100205,100,99911,100,100208,100,99903,100,100327,100,99881,100,100338,100,99728,100,100394,100,99717,100
2019-06-28 09:56:50.000000000,100067,506,99965,506,100149,100,99952,300,100176,100,99948,100,100179,100,99925,100,100188,100,99912,100,100205,100,99911,100,100208,100,99903,100,100327,100,99881,100,100338,100,99728,100,100394,100,99717,100
2019-06-28 09:57:00.000000000,100067,353,99965,353,100149,253,99952,453,100176,100,99948,100,100179,100,99925,100,100188,100,99912,100,100205,100,99911,100,100208,100,99903,100,100327,100,99881,100,100338,100,99728,100,100394,100,99717,100
2019-06-28 09:57:05.044603750,100067,253,99965,353,100149,253,99952,453,100176,100,99948,100,100179,100,99925,100,100188,100,99912,100,100205,100,99911,100,100208,100,99903,100,100327,100,99881,100,100338,100,99728,100,100394,100,99717,100
2019-06-28 09:57:10.000000000,100067,253,99965,353,100149,253,99952,453,100176,100,99948,100,100179,100,99925,100,100188,100,99912,100,100205,100,99911,100,100208,100,99903,100,100327,100,99881,100,100338,100,99728,100,100394,100,99717,100
2019-06-28 09:57:14.890160894,100067,153,99965,353,100149,253,99952,453,100176,100,99948,100,100179,100,99925,100,100188,100,99912,100,100205,100,99911,100,100208,100,99903,100,100327,100,99881,100,100338,100,99728,100,100394,100,99717,100
2019-06-28 09:57:20.000000000,100149,204,99965,304,100176,201,99952,401,100179,201,99948,201,100188,100,99925,100,100205,100,99912,100,100208,100,99911,100,100327,100,99903,100,100338,100,99881,100,100394,100,99728,100,100398,100,99717,100
2019-06-28 09:57:30.000000000,100149,176,99965,276,100176,176,99952,376,100179,176,99948,176,100188,176,99925,176,100205,100,99912,100,100208,100,99911,100,100327,100,99903,100,100338,100,99881,100,100394,100,99728,100,100398,100,99717,100
2019-06-28 09:57:32.099689253,100149,76,99965,276,100176,176,99952,376,100179,176,99948,176,100188,176,99925,76,100205,100,99912,100,100208,100,99911,100,100327,100,99903,100,100338,100,99881,100,100394,100,99728,100,100398,100,99717,100
2019-06-28 09:57:40.000000000,100176,204,99965,304,100179,201,99952,401,100188,201,99948,201,100205,100,99912,100,100208,100,99911,100,100327,100,99903,100,100338,100,99881,100,100394,100,99728,100,100398,100,99717,100,100440,100,99415,100
2019-06-28 09:57:45.626903603,100176,104,99965,304,100179,201,99952,401,100188,201,99948,201,100205,100,99912,100,100208,100,99911,100,100327,100,99903,100,100394,100,99881,100,100398,100,99728,100,100440,100,99717,100,100460,100,99415,100
2019-06-28 09:57:50.000000000,100179,406,99965,506,100188,100,99952,300,100205,100,99948,100,100208,100,99912,100,100327,100,99911,100,100394,100,99903,100,100398,100,99881,100,100440,100,99728,100,100460,100,99717,100,100503,100,99415,100
2019-06-28 09:58:00.000000000,100179,161,99965,261,100188,161,99952,361,100205,161,99948,161,100208,161,99912,161,100327,161,99911,161,100394,100,99903,100,100398,100,99881,100,100440,100,99728,100,100460,100,99717,100,100503,100,99415,100
2019-06-28 09:58:10.000000000,100179,161,99965,261,100188,161,99952,361,100205,161,99948,161,100208,161,99912,161,100327,161,99911,161,100394,100,99903,100,100398,100,99881,100,100440,100,99728,100,100460,100,99717,100,100503,100,99415,100
2019-06-28 09:58:14.733699895,100179,61,99965,261,100188,161,99952,361,100205,161,99948,161,100208,161,99912,161,100327,161,99911,161,100394,100,99903,100,100398,100,99881,100,100440,100,99728,100,100460,100,99717,100,100503,100,99415,100
2019-06-28 09:58:20.000000000,100188,204,99965,304,100205,201,99952,401,100208,201,99948,201,100327,100,99912,100,100394,100,99911,100,100398,100,99903,100,100440,100,99881,100,100460,100,99728,100,100503,100,99717,100,100522,100,99415,100
2019-06-28 09:58:30.000000000,100188,406,99965,506,100205,100,99952,300,100208,100,99948,100,100327,100,99912,100,100394,100,99911,100,100398,100,99903,100,100440,100,99881,100,100460,100,99728,100,100503,100,99717,100,100522,100,99415,100
2019-06-28 09:58:40.000000000,100188,253,99965,353,100205,253,99952,453,100208,100,99948,100,100327,100,99912,100,100394,100,99911,100,100398,100,99903,100,100440,100,99881,100,100460,100,99728,100,100503,100,99717,100,100522,100,99415,100
2019-06-28 09:58:50.000000000,100188,204,99965,304,100205,201,99952,401,100208,201,99948,201,100327,100,99912,100,100394,100,99911,100,100398,100,99903,100,100440,100,99881,100,100460,100,99728,100,100503,100,99717,100,100522,100,99415,100
2019-06-28 09:59:00.000000000,100188,161,99965,261,100205,161,99952,361,100208,161,99948,161,100327,161,99912,161,100394,161,99911,161,100398,100,99903,100,100440,100,99881,100,100460,100,99728,100,100503,100,99717,100,100522,100,99415,100
2019-06-28 09:59:10.000000000,100188,161,99965,261,100205,161,99952,361,100208,161,99948,161,100327,161,99912,161,100394,161,99911,161,100398,100,99903,100,100440,100,99881,100,100460,100,99728,100,100503,100,99717,100,100522,100,99415,100
2019-06-28 09:59:20.000000000,100188,161,99965,261,100205,161,99952,361,100208,161,99948,161,100327,161,99912,161,100394,161,99911,161,100398,100,99903,100,100440,100,99881,100,100460,100,99728,100,100503,100,99717,100,100522,100,99415,100
2019-06-28 09:59:30.000000000,100188,253,99965,353,100205,253,99952,453,100208,100,99948,100,100327,100,99912,100,100394,100,99911,100,100398,100,99903,100,100440,100,99881,100,100460,100,99728,100,100503,100,99717,100,100522,100,99415,100
2019-06-28 09:59:40.000000000,100188,204,99965,304,100205,201,99952,401,100208,201,99948,201,100327,100,99912,100,100394,100,99911,100,100398,100,99903,100,100440,100,99881,100,100460,100,99728,100,100503,100,99717,100,100522,100,99415,100
2019-06-28 09:59:50.000000000,100188,161,99965,261,100205,161,99952,361,100208,161,99948,161,100327,161,99912,161,100394,161,99911,161,100398,100,99903,100,100440,100,99881,100,100460,100,99728,100,100503,100,99717,100,100522,100,99415,100
2019-06-28 09:59:50.298683651,100188,161,99965,261,100205,161,99952,361,100208,161,99948,161,100327,161,99912,161,100394,161,99911,161,100398,100,99903,100,100440,100,99881,100,100460,100,99728,100,100503,100,99717,100,100522,100,99415,100
2019-06-28 09:59:51.035365856,100175,100,99965,261,100188,161,99952,261,100205,161,99948,161,100208,161,99912,161,100327,161,99911,161,100394,161,99903,100,100398,100,99881,100,100440,100,99728,100,100460,100,99717,100,100503,100,99415,100
2019-06-28 09:59:58.754179782,100175,200,99965,261,100188,161,99952,261,100205,161,99948,161,100208,161,99912,161,100327,161,99911,161,100394,161,99903,100,100398,100,99881,100,100440,100,99728,100,100460,100,99717,100,100503,100,99415,100
2019-06-28 10:00:00.000000000,100175,304,99965,304,100188,201,99952,301,100205,201,99948,201,100208,100,99912,100,100327,100,99911,100,100394,100,99903,100,100398,100,99881,100,100440,100,99728,100,100460,100,99717,100,100503,100,99415,100
2019-06-28 10:00:10.000000000,100175,304,99965,304,100188,201,99952,301,100205,201,99948,201,100208,100,99912,100,100327,100,99911,100,100394,100,99903,100,100398,100,99881,100,100440,100,99728,100,100460,100,99717,100,100503,100,99415,100
2019-06-28 10:00:12.279715872,100175,404,99965,304,100188,201,99952,301,100205,201,99948,201,100208,100,99912,100,100327,100,99911,100,100394,100,99903,100,100398,100,99881,100,100440,100,99728,100,100460,100,99717,100,100503,100,99415,100
2019-06-28 10:00:20.000000000,100175,404,99965,304,100188,201,99952,301,100205,201,99948,201,100208,100,99912,100,100327,100,99911,100,100394,100,99903,100,100398,100,99881,100,100440,100,99728,100,100460,100,99717,100,100503,100,99415,100
2019-06-28 10:00:30.000000000,100175,376,99965,276,100188,176,99952,276,100205,176,99948,176,100208,176,99912,176,100327,100,99911,100,100394,100,99903,100,100398,100,99881,100,100440,100,99728,100,100460,100,99717,100,100503,100,99415,100
2019-06-28 10:00:40.000000000,100175,404,99965,304,100188,201,99952,301,100205,201,99948,201,100208,100,99912,100,100327,100,99911,100,100394,100,99903,100,100398,100,99881,100,100440,100,99728,100,100460,100,99717,100,100503,100,99415,100
2019-06-28 10:00:50.000000000,100175,606,99965,506,100188,100,99952,200,100205,100,99948,100,100208,100,99912,100,100327,100,99911,100,100394,100,99903,100,100398,100,99881,100,100440,100,99728,100,100460,100,99717,100,100503,100,99415,100
2019-06-28 10:01:00.000000000,100175,453,99965,353,100188,253,99952,353,100205,100,99948,100,100208,100,99912,100,100327,100,99911,100,100394,100,99903,100,100398,100,99881,100,100440,100,99728,100,100460,100,99717,100,100503,100,99415,100
2019-06-28 10:01:10.000000000,100175,606,99965,506,100188,100,99952,200,100205,100,99948,100,100208,100,99912,100,100327,100,99911,100,100394,100,99903,100,100398,100,99881,100,100440,100,99728,100,100460,100,99717,100,100503,100,99415,100
2019-06-28 10:01:20.000000000,100175,361,99965,261,100188,161,99952,261,100205,161,99948,161,100208,161,99912,161,100327,161,99911,161,100394,100,99903,100,100398,100,99881,100,100440,100,99728,100,100460,100,99717,100,100503,100,99415,100
2019-06-28 10:01:22.964278045,100175,361,99965,161,100188,161,99952,261,100205,161,99948,161,100208,161,99912,161,100327,161,99911,161,100394,100,99903,100,100398,100,99881,100,100440,100,99728,100,100460,100,99717,100,100503,100,99415,100
2019-06-28 10:01:30.000000000,100175,453,99965,253,100188,253,99952,353,100205,100,99948,100,100208,100,99912,100,100327,100,99911,100,100394,100,99903,100,100398,100,99881,100,100440,100,99728,100,100460,100,99717,100,100503,100,99415,100
2019-06-28 10:01:30.114431642,100175,453,99965,153,100188,253,99952,353,100205,100,99948,100,100208,100,99912,100,100327,100,99911,100,100394,100,99903,100,100398,100,99881,100,100440,100,99728,100,100460,100,99717,100,100503,100,99415,100
2019-06-28 10:01:40.000000000,100175,606,99952,506,100188,100,99948,100,100205,100,99912,100,100208,100,99911,100,100327,100,99903,100,100394,100,99881,100,100398,100,99728,100,100440,100,99717,100,100460,100,99415,100,100503,100,99083,100
2019-06-28 10:01:50.000000000,100175,361,99952,261,100188,161,99948,161,100205,161,99912,161,100208,161,99911,161,100327,161,99903,161,100394,100,99881,100,100398,100,99728,100,100440,100,99717,100,100460,100,99415,100,100503,100,99083,100
2019-06-28 10:01:52.305683667,99965,100,99952,261,100175,361,99948,161,100188,161,99912,161,100205,161,99911,161,100208,161,99903,161,100327,161,99881,100,100394,100,99728,100,100398,100,99717,100,100440,100,99415,100,100460,100,99083,100
2019-06-28 10:02:00.000000000,99965,204,99952,304,100175,401,99948,201,100188,201,99912,201,100205,100,99911,100,100208,100,99903,100,100327,100,99881,100,100394,100,99728,100,100398,100,99717,100,100440,100,99415,100,100460,100,99083,100
2019-06-28 10:02:05.148286252,99965,304,99952,304,100175,401,99948,201,100188,201,99912,201,100205,100,99911,100,100208,100,99903,100,100327,100,99881,100,100394,100,99728,100,100398,100,99717,100,100440,100,99415,100,100460,100,99083,100
2019-06-28 10:02:10.000000000,99965,261,99952,261,100175,361,99948,161,100188,161,99912,161,100205,161,99911,161,100208,161,99903,161,100327,100,99881,100,100394,100,99728,100,100398,100,99717,100,100440,100,99415,100,100460,100,99083,100
2019-06-28 10:02:20.000000000,99965,276,99952,276,100175,376,99948,176,100188,176,99912,176,100205,176,99911,176,100208,100,99903,100,100327,100,99881,100,100394,100,99728,100,100398,100,99717,100,100440,100,99415,100,100460,100,99083,100
2019-06-28 10:02:30.000000000,99965,304,99952,304,100175,401,99948,201,100188,201,99912,201,100205,100,99911,100,100208,100,99903,100,100327,100,99881,100,100394,100,99728,100,100398,100,99717,100,100440,100,99415,100,100460,100,99083,100
2019-06-28 10:02:33.479361615,99965,304,99952,204,100175,401,99948,201,100188,201,99912,201,100205,100,99911,100,100208,100,99903,100,100327,100,99881,100,100394,100,99728,100,100398,100,99717,100,100440,100,99415,100,100460,100,99083,100
2019-06-28 10:02:40.000000000,99965,353,99952,253,100175,453,99948,253,100188,100,99912,100,100205,100,99911,100,100208,100,99903,100,100327,100,99881,100,100394,100,99728,100,100398,100,99717,100,100440,100,99415,100,100460,100,99083,100
2019-06-28 10:02:50.000000000,99965,506,99952,406,100175,300,99948,100,100188,100,99912,100,100205,100,99911,100,100208,100,99903,100,100327,100,99881,100,100394,100,99728,100,100398,100,99717,100,100440,100,99415,100,100460,100,99083,100
2019-06-28 10:02:51.712061033,99965,506,99952,406,100175,300,99948,100,100188,100,99912,100,100205,100,99911,100,100208,100,99903,100,100327,100,99881,100,100394,100,99728,100,100398,100,99717,100,100440,100,99415,100,100460,100,99083,100
2019-06-28 10:02:52.912639773,99965,506,99952,306,100175,300,99948,100,100188,100,99912,100,100205,100,99911,100,100208,100,99903,100,100327,100,99881,100,100394,100,99728,100,100398,100,99717,100,100440,100,99083,100,100460,100,98908,100
2019-06-28 10:03:00.000000000,99965,353,99948,253,100175,453,99912,253,100188,100,99911,100,100205,100,99903,100,100208,100,99881,100,100327,100,99728,100,100394,100,99717,100,100398,100,99083,100,100440,100,98908,100,100460,100,,
2019-06-28 10:03:10.000000000,99965,276,99948,176,100175,376,99912,176,100188,176,99911,176,100205,176,99903,176,100208,100,99881,100,100327,100,99728,100,100394,100,99717,100,100398,100,99083,100,100440,100,98908,100,100460,100,,
2019-06-28 10:03:20.000000000,99965,506,99948,406,100175,300,99912,100,100188,100,99911,100,100205,100,99903,100,100208,100,99881,100,100327,100,99728,100,100394,100,99717,100,100398,100,99083,100,100440,100,98908,100,100460,100,,
2019-06-28 10:03:22.551519468,99952,100,99948,406,99965,506,99912,100,100175,300,99911,100,100188,100,99903,100,100205,100,99881,100,100208,100,99728,100,100327,100,99717,100,100394,100,99083,100,100398,100,98908,100,100440,100,,
2019-06-28 10:03:30.000000000,99952,204,99948,204,99965,301,99912,201,100175,401,99911,201,100188,100,99903,100,100205,100,99881,100,100208,100,99728,100,100327,100,99717,100,100394,100,99083,100,100398,100,98908,100,100440,100,,
2019-06-28 10:03:32.236980866,99952,204,99948,204,99965,301,99912,201,100175,401,99911,201,100188,100,99903,100,100205,100,99881,100,100208,100,99728,100,100327,100,99717,100,100394,100,98908,100,100398,100,98866,100,100440,100,,
2019-06-28 10:03:37.475099483,99952,304,99948,204,99965,301,99912,201,100175,401,99911,201,100188,100,99903,100,100205,100,99881,100,100208,100,99728,100,100327,100,99717,100,100394,100,98908,100,100398,100,98866,100,100440,100,,
2019-06-28 10:03:37.477081068,99952,304,99948,204,99965,301,99912,201,100175,401,99911,201,100188,100,99903,100,100205,100,99881,100,100208,100,99728,100,100394,100,99717,100,100398,100,99163,100,100440,100,98908,100,100460,100,98866,100
2019-06-28 10:03:39.556775178,99952,404,99948,204,99965,301,99912,201,100175,401,99911,201,100188,100,99903,100,100205,100,99881,100,100208,100,99728,100,100394,100,99717,100,100398,100,99163,100,100440,100,98908,100,100460,100,98866,100
2019-06-28 10:03:40.000000000,99952,361,99948,161,99965,261,99912,161,100175,361,99911,161,100188,161,99903,161,100205,161,99881,161,100208,100,99728,100,100394,100,99717,100,100398,100,99163,100,100440,100,98908,100,100460,100,98866,100
2019-06-28 10:03:50.000000000,99952,404,99948,204,99965,301,99912,201,100175,401,99911,201,100188,100,99903,100,100205,100,99881,100,100208,100,99728,100,100394,100,99717,100,100398,100,99163,100,100440,100,98908,100,100460,100,98866,100
2019-06-28 10:03:55.055142118,99952,404,99948,104,99965,301,99912,201,100175,401,99911,201,100188,100,99903,100,100205,100,99881,100,100208,100,99728,100,100394,100,99717,100,100398,100,99163,100,100440,100,98908,100,100460,100,98866,100
2019-06-28 10:04:00.000000000,99952,606,99912,406,99965,200,99911,100,100175,300,99903,100,100188,100,99881,100,100205,100,99728,100,100208,100,99717,100,100394,100,99163,100,100398,100,98908,100,100440,100,98866,100,100460,100,,
2019-06-28 10:04:10.000000000,99952,453,99912,253,99965,353,99911,253,100175,300,99903,100,100188,100,99881,100,100205,100,99728,100,100208,100,99717,100,100394,100,99163,100,100398,100,98908,100,100440,100,98866,100,100460,100,,
2019-06-28 10:04:20.000000000,99952,376,99912,176,99965,276,99911,176,100175,376,99903,176,100188,176,99881,176,100205,100,99728,100,100208,100,99717,100,100394,100,99163,100,100398,100,98908,100,100440,100,98866,100,100460,100,,
2019-06-28 10:04:20.838299716,99952,376,99912,76,99965,276,99911,176,100175,376,99903,176,100188,176,99881,176,100205,100,99728,100,100208,100,99717,100,100394,100,99163,100,100398,100,98908,100,100440,100,98866,100,100460,100,,
2019-06-28 10:04:23.700873610,99948,100,99912,76,99952,376,99911,176,99965,276,99903,176,100175,376,99881,176,100188,176,99728,100,100205,100,99717,100,100208,100,99163,100,100394,100,98908,100,100398,100,98866,100,100440,100,,
2019-06-28 10:04:30.000000000,99948,204,99911,204,99952,401,99903,201,99965,301,99881,201,100175,300,99728,100,100188,100,99717,100,100205,100,99163,100,100208,100,98908,100,100394,100,98866,100,100398,100,,,100440,100,,
2019-06-28 10:04:40.000000000,99948,176,99911,176,99952,376,99903,176,99965,276,99881,176,100175,376,99728,176,100188,100,99717,100,100205,100,99163,100,100208,100,98908,100,100394,100,98866,100,100398,100,,,100440,100,,
2019-06-28 10:04:50.000000000,99948,161,99911,161,99952,361,99903,161,99965,261,99881,161,100175,361,99728,161,100188,161,99717,161,100205,100,99163,100,100208,100,98908,100,100394,100,98866,100,100398,100,,,100440,100,,
2019-06-28 10:05:00.000000000,99948,161,99911,161,99952,361,99903,161,99965,261,99881,161,100175,361,99728,161,100188,161,99717,161,100205,100,99163,100,100208,100,98908,100,100394,100,98866,100,100398,100,,,100440,100,,
2019-06-28 10:05:03.863234536,99948,161,99911,161,99952,361,99903,161,99965,261,99881,161,100175,361,99728,161,100188,161,99718,100,100205,100,99717,161,100208,100,99163,100,100394,100,98908,100,100398,100,98866,100,100440,100,,
2019-06-28 10:05:10.000000000,99948,253,99911,253,99952,453,99903,253,99965,200,99881,100,100175,300,99728,100,100188,100,99718,100,100205,100,99717,100,100208,100,99163,100,100394,100,98908,100,100398,100,98866,100,100440,100,,
2019-06-28 10:05:19.444175757,99948,253,99911,153,99952,453,99903,253,99965,200,99881,100,100175,300,99728,100,100188,100,99718,100,100205,100,99717,100,100208,100,99163,100,100394,100,98908,100,100398,100,98866,100,100440,100,,
2019-06-28 10:05:20.000000000,99948,161,99903,161,99952,361,99881,161,99965,261,99728,161,100175,361,99718,161,100188,161,99717,161,100205,100,99163,100,100208,100,98908,100,100394,100,98866,100,100398,100,,,100440,100,,
2019-06-28 10:05:30.000000000,99948,161,99903,161,99952,361,99881,161,99965,261,99728,161,100175,361,99718,161,100188,161,99717,161,100205,100,99163,100,100208,100,98908,100,100394,100,98866,100,100398,100,,,100440,100,,
2019-06-28 10:05:36.173766261,99948,161,99903,161,99952,361,99881,61,99965,261,99728,161,100175,361,99718,161,100188,161,99717,161,100205,100,99614,100,100208,100,99163,100,100394,100,98908,100,100398,100,98866,100,100440,100,,
2019-06-28 10:05:40.000000000,99948,176,99903,176,99952,376,99728,176,99965,276,99718,176,100175,376,99717,176,100188,100,99614,100,100205,100,99163,100,100208,100,98908,100,100394,100,98866,100,100398,100,,,100440,100,,
2019-06-28 10:05:46.574783577,99912,100,99903,176,99948,176,99728,176,99952,376,99718,176,99965,276,99717,176,100175,376,99614,100,100188,100,99163,100,100205,100,98908,100,100208,100,98866,100,100394,100,,,100398,100,,
2019-06-28 10:05:50.000000000,99912,204,99903,204,99948,201,99728,201,99952,401,99718,201,99965,200,99717,100,100175,300,99614,100,100188,100,99163,100,100205,100,98908,100,100208,100,98866,100,100394,100,,,100398,100,,
2019-06-28 10:05:59.289057807,99912,204,99903,204,99948,201,99728,201,99952,401,99718,201,99965,200,99717,100,100060,100,99614,100,100175,300,99163,100,100188,100,98908,100,100205,100,98866,100,100208,100,,,100394,100,,
2019-06-28 10:06:00.000000000,99912,253,99903,253,99948,253,99728,253,99952,300,99718,100,99965,200,99717,100,100060,100,99614,100,100175,300,99163,100,100188,100,98908,100,100205,100,98866,100,100208,100,,,100394,100,,
2019-06-28 10:06:07.890689741,99912,253,99903,153,99948,253,99728,253,99952,300,99718,100,99965,200,99717,100,100060,100,99614,100,100175,300,99163,100,100188,100,98908,100,100205,100,98866,100,100208,100,,,100394,100,,
2019-06-28 10:06:09.174032809,99912,253,99903,153,99948,253,99728,253,99952,300,99718,100,99965,200,99717,100,100060,100,99614,100,100175,300,99596,100,100188,100,99163,100,100205,100,98908,100,100208,100,98866,100,100394,100,,
2019-06-28 10:06:10.000000000,99912,406,99728,406,99948,100,99718,100,99952,300,99717,100,99965,200,99614,100,100060,100,99596,100,100175,300,99163,100,100188,100,98908,100,100205,100,98866,100,100208,100,,,100394,100,,
2019-06-28 10:06:15.574915184,99912,406,99728,406,99948,100,99718,100,99952,300,99717,100,99965,100,99614,100,100060,100,99596,100,100175,300,99163,100,100188,100,98908,100,100205,100,98866,100,100208,100,,,100394,100,,
2019-06-28 10:06:20.000000000,99912,204,99728,204,99948,201,99718,201,99952,401,99717,201,99965,100,99614,100,100060,100,99596,100,100175,300,99163,100,100188,100,98908,100,100205,100,98866,100,100208,100,,,100394,100,,
2019-06-28 10:06:25.298783769,99912,204,99778,100,99948,201,99728,204,99952,401,99718,201,99965,100,99717,201,100060,100,99614,100,100175,300,99596,100,100188,100,99163,100,100205,100,98908,100,100208,100,98866,100,100394,100,,
2019-06-28 10:06:30.000000000,99912,176,99778,176,99948,176,99728,176,99952,376,99718,176,99965,176,99717,176,100060,100,99614,100,100175,300,99596,100,100188,100,99163,100,100205,100,98908,100,100208,100,98866,100,100394,100,,
2019-06-28 10:06:40.000000000,99912,253,99778,253,99948,253,99728,253,99952,300,99718,100,99965,100,99717,100,100060,100,99614,100,100175,300,99596,100,100188,100,99163,100,100205,100,98908,100,100208,100,98866,100,100394,100,,
2019-06-28 10:06:46.195925435,99912,153,99778,253,99948,253,99728,253,99952,300,99718,100,99965,100,99717,100,100060,100,99614,100,100175,300,99596,100,100188,100,99163,100,100205,100,98908,100,100208,100,98866,100,100394,100,,
2019-06-28 10:06:50.000000000,99948,253,99778,253,99952,453,99728,253,99965,100,99718,100,100060,100,99717,100,100175,300,99614,100,100188,100,99596,100,100205,100,99163,100,100208,100,98908,100,100394,100,98866,100,100398,100,,
2019-06-28 10:07:00.000000000,99948,176,99778,176,99952,376,99728,176,99965,176,99718,176,100060,176,99717,176,100175,300,99614,100,100188,100,99596,100,100205,100,99163,100,100208,100,98908,100,100394,100,98866,100,100398,100,,
2019-06-28 10:07:00.516866641,99948,76,99778,176,99952,376,99728,176,99965,176,99718,176,100060,176,99717,176,100175,300,99614,100,100188,100,99596,100,100205,100,99163,100,100208,100,98908,100,100394,100,98866,100,100398,100,,
2019-06-28 10:07:04.162246804,99948,76,99778,176,99952,376,99728,176,99965,176,99718,176,100060,176,99717,176,100175,300,99614,100,100188,100,99596,100,100205,100,99163,100,100208,100,98908,100,100293,100,98866,100,100394,100,,
2019-06-28 10:07:10.000000000,99952,404,99778,204,99965,201,99728,201,100060,201,99718,201,100175,300,99717,100,100188,100,99614,100,100205,100,99596,100,100208,100,99163,100,100293,100,98908,100,100394,100,98866,100,100398,100,,
2019-06-28 10:07:20.000000000,99952,404,99778,204,99965,201,99728,201,100060,201,99718,201,100175,300,99717,100,100188,100,99614,100,100205,100,99596,100,100208,100,99163,100,100293,100,98908,100,100394,100,98866,100,100398,100,,
2019-06-28 10:07:30.000000000,99952,376,99778,176,99965,176,99728,176,100060,176,99718,176,100175,376,99717,176,100188,100,99614,100,100205,100,99596,100,100208,100,99163,100,100293,100,98908,100,100394,100,98866,100,100398,100,,
2019-06-28 10:07:40.000000000,99952,361,99778,161,99965,161,99728,161,100060,161,99718,161,100175,361,99717,161,100188,161,99614,161,100205,100,99596,100,100208,100,99163,100,100293,100,98908,100,100394,100,98866,100,100398,100,,
2019-06-28 10:07:50.000000000,99952,404,99778,204,99965,201,99728,201,100060,201,99718,201,100175,300,99717,100,100188,100,99614,100,100205,100,99596,100,100208,100,99163,100,100293,100,98908,100,100394,100,98866,100,100398,100,,
2019-06-28 10:08:00.000000000,99952,606,99778,406,99965,100,99728,100,100060,100,99718,100,100175,300,99717,100,100188,100,99614,100,100205,100,99596,100,100208,100,99163,100,100293,100,98908,100,100394,100,98866,100,100398,100,,
2019-06-28 10:08:09.866745795,99952,606,99912,100,99965,100,99778,406,100060,100,99728,100,100175,300,99718,100,100188,100,99717,100,100205,100,99614,100,100208,100,99596,100,100293,100,99163,100,100394,100,98908,100,100398,100,98866,100
2019-06-28 10:08:10.000000000,99952,376,99912,176,99965,176,99778,176,100060,176,99728,176,100175,376,99718,176,100188,100,99717,100,100205,100,99614,100,100208,100,99596,100,100293,100,99163,100,100394,100,98908,100,100398,100,98866,100
2019-06-28 10:08:18.585322645,99952,376,99912,176,99965,176,99778,176,100060,176,99728,176,100175,376,99718,176,100188,100,99717,100,100205,100,99614,100,100208,100,99596,100,100293,100,99163,100,100394,100,98908,100,100398,100,98866,100
2019-06-28 10:08:20.000000000,99952,361,99912,161,99965,161,99778,161,100060,161,99728,161,100175,361,99718,161,100188,161,99717,161,100205,100,99614,100,100208,100,99596,100,100293,100,99163,100,100394,100,98908,100,100398,100,98866,100
2019-06-28 10:08:20.378101622,99952,361,99912,261,99965,161,99778,161,100060,161,99728,161,100175,361,99718,161,100188,161,99717,161,100205,100,99614,100,100208,100,99596,100,100293,100,99163,100,100394,100,98908,100,100398,100,98866,100
2019-06-28 10:08:30.000000000,99952,606,99912,506,99965,100,99778,100,100060,100,99728,100,100175,300,99718,100,100188,100,99717,100,100205,100,99614,100,100208,100,99596,100,100293,100,99163,100,100394,100,98908,100,100398,100,98866,100
2019-06-28 10:08:40.000000000,99952,361,99912,261,99965,161,99778,161,100060,161,99728,161,100175,361,99718,161,100188,161,99717,161,100205,100,99614,100,100208,100,99596,100,100293,100,99163,100,100394,100,98908,100,100398,100,98866,100
2019-06-28 10:08:40.210864149,99952,261,99912,261,99965,161,99778,161,100060,161,99728,161,100175,361,99718,161,100188,161,99717,161,100205,100,99614,100,100208,100,99163,100,100293,100,98908,100,100394,100,98866,100,100398,100,,
2019-06-28 10:08:48.729539859,99952,161,99912,261,99965,161,99778,161,100060,161,99728,161,100175,361,99718,61,100188,161,99717,161,100205,100,99614,100,100208,100,99163,100,100293,100,98908,100,100394,100,98866,100,100398,100,,
2019-06-28 10:08:50.000000000,99952,176,99912,276,99965,176,99778,176,100060,176,99728,176,100175,376,99717,176,100188,100,99614,100,100205,100,99163,100,100208,100,98908,100,100293,100,98866,100,100394,100,,,100398,100,,
2019-06-28 10:09:00.000000000,99952,176,99912,276,99965,176,99778,176,100060,176,99728,176,100175,376,99717,176,100188,100,99614,100,100205,100,99163,100,100208,100,98908,100,100293,100,98866,100,100394,100,,,100398,100,,
2019-06-28 10:09:10.000000000,99952,161,99912,261,99965,161,99778,161,100060,161,99728,161,100175,361,99717,161,100188,161,99614,161,100205,100,99163,100,100208,100,98908,100,100293,100,98866,100,100394,100,,,100398,100,,
2019-06-28 10:09:20.000000000,99952,204,99912,304,99965,201,99778,201,100060,201,99728,201,100175,300,99717,100,100188,100,99614,100,100205,100,99163,100,100208,100,98908,100,100293,100,98866,100,100394,100,,,100398,100,,
