,ask_price_1,ask_size_1,bid_price_1,bid_size_1,ask_price_2,ask_size_2,bid_price_2,bid_size_2,ask_price_3,ask_size_3,bid_price_3,bid_size_3,ask_price_4,ask_size_4,bid_price_4,bid_size_4,ask_price_5,ask_size_5,bid_price_5,bid_size_5,ask_price_6,ask_size_6,bid_price_6,bid_size_6,ask_price_7,ask_size_7,bid_price_7,bid_size_7,ask_price_8,ask_size_8,bid_price_8,bid_size_8,ask_price_9,ask_size_9,bid_price_9,bid_size_9,ask_price_10,ask_size_10,bid_price_10,bid_size_10
2019-06-28 09:30:00.000000001,100209,100,,,,,,,,,,,,,,,,,,,,,,,,,,,,,,,,,,,,,,
2019-06-28 09:30:00.000000002,100083,100,,,100209,100,,,,,,,,,,,,,,,,,,,,,,,,,,,,,,,,,,
2019-06-28 09:30:00.000000004,100083,100,99803,100,100209,100,,,,,,,,,,,,,,,,,,,,,,,,,,,,,,,,,,
2019-06-28 09:30:00.000000005,100064,100,99960,100,100083,100,99803,100,100209,100,,,,,,,,,,,,,,,,,,,,,,,,,,,,,,
2019-06-28 09:30:00.000000006,100064,100,99960,100,100083,100,99928,100,100098,100,99803,100,100209,100,,,,,,,,,,,,,,,,,,,,,,,,,,
2019-06-28 09:30:00.000000009,100064,100,99960,100,100083,100,99928,100,100098,100,99803,100,100115,100,,,100209,100,,,,,,,,,,,,,,,,,,,,,,
2019-06-28 09:30:00.000000014,100060,100,99960,100,100064,100,99944,100,100083,100,99928,100,100098,100,99859,100,100115,100,99803,100,100209,100,,,,,,,,,,,,,,,,,,
2019-06-28 09:30:00.000000015,100060,100,99960,100,100064,100,99944,100,100074,100,99928,100,100083,100,99859,100,100098,100,99803,100,100115,100,,,100209,100,,,,,,,,,,,,,,
2019-06-28 09:30:00.000000016,100020,100,99960,100,100046,100,99944,100,100060,100,99928,100,100064,100,99870,100,100074,100,99859,100,100083,100,99803,100,100098,100,,,100115,100,,,100209,100,,,,,,
2019-06-28 09:30:00.000000017,100020,100,99960,100,100024,100,99944,100,100046,100,99940,100,100060,100,99928,100,100064,100,99884,100,100074,100,99870,100,100083,100,99859,100,100098,100,99803,100,100115,100,,,100209,100,,
2019-06-28 09:30:00.000000018,100024,100,100018,100,100046,100,99960,100,100060,100,99944,100,100064,100,99940,100,100074,100,99928,100,100083,100,99884,100,100098,100,99870,100,100107,100,99859,100,100115,100,99803,100,100209,100,,
2019-06-28 09:30:00.000000019,100019,100,100018,100,100024,100,99960,100,100046,100,99944,100,100060,100,99940,100,100064,100,99928,100,100074,100,99884,100,100083,100,99870,100,100098,100,99859,100,100107,100,99803,100,100115,100,,
2019-06-28 09:30:00.000000020,100019,100,100018,100,100024,100,99960,100,100046,100,99957,100,100060,100,99944,100,100064,100,99940,100,100074,100,99928,100,100083,100,99884,100,100098,100,99870,100,100107,100,99859,100,100115,100,99803,100
2019-06-28 09:30:00.000000022,100019,100,100018,100,100024,100,99960,100,100046,100,99957,100,100060,100,99944,100,100064,100,99940,100,100074,100,99928,100,100083,100,99884,100,100098,100,99870,100,100107,100,99859,100,100108,100,99803,100
2019-06-28 09:30:00.000000027,100019,100,100018,100,100024,100,99960,100,100046,100,99957,100,100060,100,99944,100,100064,100,99940,100,100074,100,99928,100,100083,100,99884,100,100098,100,99870,100,100100,100,99859,100,100107,100,99803,100
2019-06-28 09:30:00.000000028,100019,100,100018,100,100024,100,99960,100,100046,100,99957,100,100052,100,99944,100,100060,100,99940,100,100064,100,99928,100,100074,100,99922,100,100083,100,99884,100,100098,100,99870,100,100100,100,99859,100
2019-06-28 09:30:00.000000030,100019,100,99960,100,100024,100,99957,100,100030,100,99944,100,100046,100,99940,100,100052,100,99928,100,100060,100,99922,100,100064,100,99884,100,100074,100,99870,100,100083,100,99859,100,100098,100,99803,100
2019-06-28 09:30:00.000000033,100018,100,99960,100,100019,100,99957,100,100024,100,99944,100,100030,100,99940,100,100046,100,99928,100,100052,100,99922,100,100060,100,99884,100,100064,100,99870,100,100074,100,99859,100,100083,100,99803,100
2019-06-28 09:30:00.000000036,100018,100,99960,100,100019,100,99957,100,100024,100,99944,100,100030,100,99940,100,100046,100,99928,100,100052,100,99922,100,100060,100,99884,100,100064,100,99870,100,100074,100,99859,100,100078,100,99803,100
2019-06-28 09:30:00.000000040,100018,100,99960,100,100019,100,99957,100,100024,100,99944,100,100030,100,99940,100,100046,100,99928,100,100052,100,99922,100,100060,100,99884,100,100064,100,99870,100,100074,100,99859,100,100078,100,99803,100
2019-06-28 09:30:00.000000046,100018,100,99960,100,100019,100,99957,100,100024,100,99944,100,100030,100,99940,100,100046,100,99928,100,100052,100,99922,100,100060,100,99884,100,100064,100,99870,100,100074,100,99859,100,100078,100,99803,100
2019-06-28 09:30:00.000000047,100018,100,99960,100,100019,100,99957,100,100024,100,99944,100,100030,100,99940,100,100046,100,99928,100,100052,100,99922,100,100060,100,99884,100,100064,100,99870,100,100074,100,99859,100,100078,100,99822,100
2019-06-28 09:30:00.000000050,100018,100,99960,100,100019,100,99957,100,100024,100,99952,100,100030,100,99944,100,100046,100,99940,100,100052,100,99928,100,100060,100,99922,100,100064,100,99884,100,100074,100,99870,100,100078,100,99859,100
2019-06-28 09:30:00.000000051,100017,100,99960,100,100018,100,99957,100,100019,100,99952,100,100024,100,99944,100,100030,100,99940,100,100046,100,99928,100,100052,100,99922,100,100060,100,99884,100,100064,100,99870,100,100074,100,99859,100
2019-06-28 09:30:00.000000058,100017,100,99960,100,100018,100,99957,100,100019,100,99952,100,100024,100,99944,100,100030,100,99940,100,100046,100,99928,100,100052,100,99922,100,100060,100,99884,100,100064,100,99870,100,100074,100,99859,100
2019-06-28 09:30:00.000000059,100017,100,99960,100,100018,100,99957,100,100019,100,99952,100,100024,100,99944,100,100030,100,99940,100,100046,100,99928,100,100052,100,99922,100,100060,100,99884,100,100064,100,99870,100,100074,100,99859,100
2019-06-28 09:30:00.000000061,100017,100,99960,100,100018,100,99957,100,100019,100,99952,100,100024,100,99944,100,100030,100,99940,100,100046,100,99928,100,100052,100,99922,100,100060,100,99884,100,100064,100,99870,100,100074,100,99859,100
2019-06-28 09:30:00.000000062,100002,100,99960,100,100017,100,99957,100,100018,100,99952,100,100019,100,99944,100,100024,100,99940,100,100030,100,99928,100,100046,100,99922,100,100052,100,99884,100,100060,100,99870,100,100064,100,99859,100
2019-06-28 09:30:00.000000063,100002,100,99960,100,100017,100,99957,100,100018,100,99952,100,100019,100,99944,100,100024,100,99940,100,100030,100,99928,100,100046,200,99922,100,100052,100,99884,100,100060,100,99870,100,100064,100,99859,100
2019-06-28 09:30:00.000000066,100002,100,99960,100,100016,100,99957,100,100017,100,99952,100,100018,100,99944,100,100019,100,99940,100,100024,100,99928,100,100030,100,99922,100,100046,200,99884,100,100052,100,99870,100,100060,100,99859,100
2019-06-28 09:30:00.000000069,100016,100,99960,100,100017,100,99957,100,100018,100,99952,100,100019,100,99944,100,100024,100,99940,100,100030,100,99928,100,100046,200,99922,100,100052,100,99884,100,100060,100,99870,100,100064,100,99859,100
2019-06-28 09:30:00.000000071,100016,100,99960,100,100017,100,99957,100,100018,100,99952,100,100019,100,99944,100,100024,100,99940,100,100025,100,99928,100,100030,100,99922,100,100046,200,99884,100,100052,100,99870,100,100060,100,99859,100
2019-06-28 09:30:00.000000075,100016,100,99960,100,100017,100,99957,100,100018,100,99952,100,100019,100,99944,100,100024,100,99940,100,100025,100,99928,100,100030,100,99922,100,100046,200,99887,100,100052,100,99884,100,100060,100,99870,100
2019-06-28 09:30:00.000000077,100016,100,99961,100,100017,100,99960,100,100018,100,99957,100,100019,100,99952,100,100024,100,99944,100,100025,100,99940,100,100030,100,99928,100,100046,200,99922,100,100052,100,99887,100,100060,100,99884,100
2019-06-28 09:30:00.000000078,100016,100,99961,200,100017,100,99960,100,100018,100,99957,100,100019,100,99952,100,100024,100,99944,100,100025,100,99940,100,100030,100,99928,100,100046,200,99922,100,100052,100,99887,100,100060,100,99884,100
2019-06-28 09:30:00.000000080,100016,100,99961,200,100017,200,99960,100,100018,100,99957,100,100019,100,99952,100,100024,100,99944,100,100025,100,99940,100,100030,100,99928,100,100046,200,99922,100,100052,100,99887,100,100060,100,99884,100
2019-06-28 09:30:00.000000081,100002,100,99961,200,100016,100,99960,100,100017,200,99957,100,100018,100,99952,100,100019,100,99944,100,100024,100,99940,100,100025,100,99928,100,100030,100,99922,100,100046,200,99887,100,100052,100,99884,100
2019-06-28 09:30:00.000000083,100016,100,99961,200,100017,200,99960,100,100018,100,99957,100,100019,100,99952,100,100024,100,99944,100,100025,100,99940,100,100030,100,99928,100,100046,200,99922,100,100052,100,99890,100,100060,100,99887,100
2019-06-28 09:30:00.000000084,100016,100,100002,100,100017,200,99961,200,100018,100,99960,100,100019,100,99957,100,100024,100,99952,100,100025,100,99944,100,100030,100,99940,100,100046,200,99928,100,100052,100,99922,100,100060,100,99890,100
2019-06-28 09:30:00.000000085,100016,100,100002,100,100017,200,99961,200,100018,100,99960,100,100019,100,99957,100,100024,100,99952,100,100025,100,99944,100,100030,100,99940,100,100046,200,99928,100,100052,100,99922,100,100060,100,99890,100
2019-06-28 09:30:00.000000087,100016,100,100002,100,100017,200,99961,200,100018,100,99960,100,100019,100,99957,100,100024,100,99952,100,100025,100,99944,100,100030,100,99940,100,100046,200,99928,100,100052,100,99922,100,100060,100,99890,200
2019-06-28 09:30:00.000000089,100016,100,99961,200,100017,200,99960,100,100018,100,99957,100,100019,100,99952,100,100024,100,99944,100,100025,100,99940,100,100030,100,99928,100,100046,200,99922,100,100052,100,99890,200,100060,100,99887,100
2019-06-28 09:30:00.000000091,100016,100,99961,100,100017,200,99960,100,100018,100,99957,100,100019,100,99952,100,100024,100,99944,100,100025,100,99940,100,100030,100,99928,100,100046,200,99922,100,100052,100,99890,200,100060,100,99887,100
2019-06-28 09:30:00.000000092,100016,100,99961,100,100017,200,99960,100,100018,100,99957,100,100019,100,99952,100,100024,100,99944,100,100025,100,99940,100,100030,100,99930,100,100046,200,99928,100,100052,100,99922,100,100060,100,99890,200
2019-06-28 09:30:00.000000095,100016,100,99961,100,100017,200,99960,100,100018,100,99957,100,100019,100,99953,100,100024,100,99952,100,100025,100,99944,100,100030,100,99940,100,100046,200,99935,100,100052,100,99930,100,100060,100,99928,100
2019-06-28 09:30:00.000000098,100016,100,99961,100,100017,200,99960,100,100018,100,99957,100,100019,100,99953,100,100024,100,99952,100,100025,100,99944,100,100030,100,99940,100,100046,200,99935,100,100052,100,99930,100,100060,100,99928,100
2019-06-28 09:30:04.408680979,100016,100,99961,100,100017,200,99960,100,100018,100,99957,100,100019,100,99953,100,100024,100,99952,100,100025,100,99944,100,100030,100,99940,100,100046,200,99935,100,100052,100,99930,100,100060,100,99928,100
2019-06-28 09:30:05.826013725,100017,200,99961,100,100018,100,99960,100,100019,100,99957,100,100024,100,99953,100,100025,100,99952,100,100030,100,99944,100,100046,200,99940,100,100052,100,99935,100,100060,100,99930,100,100064,100,99928,100
2019-06-28 09:30:10.000000000,100017,299,99961,199,100018,199,99960,199,100019,199,99957,199,100024,199,99953,199,100025,100,99952,100,100030,100,99944,100,100046,200,99940,100,100052,100,99935,100,100060,100,99930,100,100064,100,99928,100
2019-06-28 09:30:20.000000000,100017,597,99961,497,100018,100,99960,100,100019,100,99957,100,100024,100,99953,100,100025,100,99952,100,100030,100,99944,100,100046,200,99940,100,100052,100,99935,100,100060,100,99930,100,100064,100,99928,100
2019-06-28 09:30:21.016062227,100017,597,99961,597,100018,100,99960,100,100019,100,99957,100,100024,100,99953,100,100025,100,99952,100,100030,100,99944,100,100046,200,99940,100,100052,100,99935,100,100060,100,99930,100,100064,100,99928,100
2019-06-28 09:30:27.666732329,100017,597,99961,597,100018,100,99960,100,100019,100,99957,100,100024,100,99953,100,100025,100,99952,100,100028,100,99944,100,100030,100,99940,100,100046,200,99935,100,100052,100,99930,100,100060,100,99928,100
2019-06-28 09:30:30.000000000,100017,299,99961,299,100018,199,99960,199,100019,199,99957,199,100024,199,99953,199,100025,100,99952,100,100028,100,99944,100,100030,100,99940,100,100046,200,99935,100,100052,100,99930,100,100060,100,99928,100
2019-06-28 09:30:35.968813683,100017,299,99961,299,100018,199,99960,199,100019,199,99957,199,100024,199,99953,199,100025,100,99952,100,100028,100,99944,100,100030,100,99940,100,100046,200,99935,100,100052,100,99930,100,100060,100,99928,100
2019-06-28 09:30:40.000000000,100017,398,99961,398,100018,298,99960,298,100019,100,99957,100,100024,100,99953,100,100025,100,99952,100,100028,100,99944,100,100030,100,99940,100,100046,200,99935,100,100052,100,99930,100,100060,100,99928,100
2019-06-28 09:30:41.698588564,100017,398,99961,398,100018,298,99960,298,100019,100,99957,100,100024,100,99953,100,100025,100,99952,100,100028,100,99944,100,100030,100,99940,100,100046,200,99935,100,100052,100,99930,100,100060,100,99928,100
2019-06-28 09:30:44.520494678,100017,398,100003,100,100018,298,99961,398,100019,100,99960,298,100024,100,99957,100,100025,100,99953,100,100028,100,99952,100,100030,100,99944,100,100046,200,99940,100,100052,100,99935,100,100060,100,99930,100
2019-06-28 09:30:45.499319523,100017,298,100003,100,100018,298,99961,398,100019,100,99960,298,100024,100,99957,100,100025,100,99953,100,100028,100,99952,100,100030,100,99944,100,100046,200,99940,100,100052,100,99935,100,100060,100,99930,100
2019-06-28 09:30:48.520230787,100017,198,100003,100,100018,298,99961,398,100019,100,99960,298,100024,100,99957,100,100025,100,99953,100,100028,100,99952,100,100030,100,99944,100,100046,200,99940,100,100060,100,99935,100,100074,100,99930,100
2019-06-28 09:30:49.999523286,100017,198,100003,100,100018,298,99961,398,100019,100,99960,298,100024,100,99957,100,100025,100,99953,100,100028,100,99952,100,100030,100,99944,100,100046,200,99940,100,100060,100,99935,100,100074,100,99930,100
2019-06-28 09:30:50.000000000,100018,179,100003,179,100019,179,99961,279,100024,179,99960,179,100025,179,99957,179,100028,179,99953,179,100030,100,99952,100,100046,200,99944,100,100060,100,99940,100,100074,100,99935,100,100078,100,99930,100
2019-06-28 09:31:00.000000000,100018,199,100003,199,100019,199,99961,299,100024,199,99960,199,100025,199,99957,199,100028,100,99953,100,100030,100,99952,100,100046,200,99944,100,100060,100,99940,100,100074,100,99935,100,100078,100,99930,100
2019-06-28 09:31:01.812435476,100018,199,100003,199,100019,199,99961,299,100024,199,99960,199,100025,199,99957,199,100028,100,99953,100,100030,100,99952,100,100046,200,99944,100,100060,100,99940,100,100074,100,99935,100,100078,100,99930,100
2019-06-28 09:31:10.000000000,100018,199,100003,199,100019,199,99961,299,100024,199,99960,199,100025,199,99957,199,100028,100,99953,100,100030,100,99952,100,100046,200,99944,100,100060,100,99940,100,100074,100,99935,100,100078,100,99930,100
2019-06-28 09:31:14.823399953,100018,199,100017,100,100019,199,100003,199,100024,199,99961,299,100025,199,99960,199,100028,100,99957,199,100030,100,99953,100,100046,200,99952,100,100060,100,99944,100,100074,100,99940,100,100078,100,99935,100
2019-06-28 09:31:20.000000000,100018,497,100017,497,100019,100,100003,100,100024,100,99961,200,100025,100,99960,100,100028,100,99957,100,100030,100,99953,100,100046,200,99952,100,100060,100,99944,100,100074,100,99940,100,100078,100,99935,100
2019-06-28 09:31:30.000000000,100018,199,100017,199,100019,199,100003,199,100024,199,99961,299,100025,199,99960,199,100028,100,99957,100,100030,100,99953,100,100046,200,99952,100,100060,100,99944,100,100074,100,99940,100,100078,100,99935,100
2019-06-28 09:31:31.323540034,100018,199,100017,199,100019,199,100003,199,100024,199,99961,299,100025,199,99960,199,100028,100,99957,100,100030,100,99953,100,100046,200,99952,100,100060,100,99944,100,100074,100,99940,100,100078,100,99935,100
2019-06-28 09:31:40.000000000,100018,235,100017,235,100019,231,100003,231,100024,231,99961,331,100025,100,99960,100,100028,100,99957,100,100030,100,99953,100,100046,200,99952,100,100060,100,99944,100,100074,100,99940,100,100078,100,99935,100
2019-06-28 09:31:44.645030255,100018,135,100017,235,100019,231,100003,231,100024,231,99961,331,100025,100,99960,100,100028,100,99957,100,100030,100,99953,100,100046,200,99952,100,100060,100,99944,100,100074,100,99940,100,100078,100,99935,100
2019-06-28 09:31:50.000000000,100019,235,100017,235,100024,231,100003,231,100025,231,99961,331,100028,100,99960,100,100030,100,99957,100,100046,200,99953,100,100060,100,99952,100,100074,100,99944,100,100078,100,99940,100,100096,100,99935,100
2019-06-28 09:32:00.000000000,100019,179,100017,179,100024,179,100003,179,100025,179,99961,279,100028,179,99960,179,100030,179,99957,179,100046,200,99953,100,100060,100,99952,100,100074,100,99944,100,100078,100,99940,100,100096,100,99935,100
2019-06-28 09:32:05.484501437,100019,179,100017,179,100024,179,100003,179,100025,179,99961,279,100028,179,99960,179,100030,179,99957,179,100046,200,99953,100,100060,100,99952,100,100074,100,99944,100,100078,100,99940,100,100096,100,99935,100
2019-06-28 09:32:09.171865651,100019,79,100017,179,100024,179,100003,179,100025,179,99961,279,100028,179,99960,179,100030,179,99957,179,100046,200,99953,100,100060,100,99952,100,100074,100,99944,100,100078,100,99940,100,100096,100,99935,100
2019-06-28 09:32:10.000000000,100024,179,100017,179,100025,179,100003,179,100028,179,99961,279,100030,179,99960,179,100046,279,99957,179,100060,100,99953,100,100074,100,99952,100,100078,100,99944,100,100096,100,99940,100,100098,100,99935,100
2019-06-28 09:32:17.281345881,100024,79,100017,179,100025,179,100003,179,100028,179,99961,279,100030,179,99960,179,100046,279,99957,179,100060,100,99953,100,100074,100,99952,100,100078,100,99944,100,100096,100,99940,100,100098,100,99935,100
2019-06-28 09:32:20.000000000,100025,497,100017,497,100028,100,100003,100,100030,100,99961,200,100046,200,99960,100,100060,100,99957,100,100074,100,99953,100,100078,100,99952,100,100096,100,99944,100,100098,100,99940,100,100100,100,99935,100
2019-06-28 09:32:22.559396517,100025,497,100019,100,100028,100,100017,497,100030,100,100003,100,100046,200,99961,200,100060,100,99960,100,100074,100,99957,100,100078,100,99953,100,100096,100,99952,100,100098,100,99944,100,100100,100,99940,100
2019-06-28 09:32:30.000000000,100025,179,100019,179,100028,179,100017,179,100030,179,100003,179,100046,279,99961,279,100060,179,99960,179,100074,100,99957,100,100078,100,99953,100,100096,100,99952,100,100098,100,99944,100,100100,100,99940,100
2019-06-28 09:32:40.000000000,100025,179,100019,179,100028,179,100017,179,100030,179,100003,179,100046,279,99961,279,100060,179,99960,179,100074,100,99957,100,100078,100,99953,100,100096,100,99952,100,100098,100,99944,100,100100,100,99940,100
2019-06-28 09:32:50.000000000,100025,199,100019,199,100028,199,100017,199,100030,199,100003,199,100046,299,99961,299,100060,100,99960,100,100074,100,99957,100,100078,100,99953,100,100096,100,99952,100,100098,100,99944,100,100100,100,99940,100
2019-06-28 09:32:50.361250644,100025,199,100019,199,100028,199,100017,199,100030,199,100003,199,100046,299,99961,299,100060,100,99960,100,100074,100,99957,100,100078,100,99953,100,100096,100,99952,100,100098,100,99944,100,100100,100,99940,100
2019-06-28 09:32:53.218294954,100025,199,100019,199,100028,199,100017,199,100030,199,100003,199,100046,199,99961,299,100060,100,99960,100,100074,100,99957,100,100078,100,99953,100,100096,100,99952,100,100098,100,99944,100,100100,100,99940,100
2019-06-28 09:33:00.000000000,100025,298,100019,298,100028,298,100017,298,100030,100,100003,100,100046,100,99961,200,100060,100,99960,100,100074,100,99957,100,100078,100,99953,100,100096,100,99952,100,100098,100,99944,100,100100,100,99940,100
2019-06-28 09:33:03.172256335,100025,298,100019,298,100028,298,100017,298,100030,100,100003,100,100046,100,99961,200,100060,100,99960,100,100074,100,99957,100,100078,100,99953,100,100096,100,99952,100,100098,100,99944,100,100100,100,99940,100
2019-06-28 09:33:10.000000000,100025,235,100019,235,100028,231,100017,231,100030,231,100003,231,100046,100,99961,200,100060,100,99960,100,100074,100,99957,100,100078,100,99953,100,100096,100,99952,100,100098,100,99944,100,100100,100,99940,100
2019-06-28 09:33:20.000000000,100025,497,100019,497,100028,100,100017,100,100030,100,100003,100,100046,100,99961,200,100060,100,99960,100,100074,100,99957,100,100078,100,99953,100,100096,100,99952,100,100098,100,99944,100,100100,100,99940,100
2019-06-28 09:33:30.000000000,100025,199,100019,199,100028,199,100017,199,100030,199,100003,199,100046,199,99961,299,100060,100,99960,100,100074,100,99957,100,100078,100,99953,100,100096,100,99952,100,100098,100,99944,100,100100,100,99940,100
2019-06-28 09:33:40.000000000,100025,179,100019,179,100028,179,100017,179,100030,179,100003,179,100046,179,99961,279,100060,179,99960,179,100074,100,99957,100,100078,100,99953,100,100096,100,99952,100,100098,100,99944,100,100100,100,99940,100
2019-06-28 09:33:48.830209178,100025,179,100019,79,100028,179,100017,179,100030,179,100003,179,100046,179,99961,279,100060,179,99960,179,100074,100,99957,100,100078,100,99953,100,100096,100,99952,100,100098,100,99944,100,100100,100,99940,100
2019-06-28 09:33:50.000000000,100025,497,100017,497,100028,100,100003,100,100030,100,99961,200,100046,100,99960,100,100060,100,99957,100,100074,100,99953,100,100078,100,99952,100,100096,100,99944,100,100098,100,99940,100,100100,100,99935,100
2019-06-28 09:33:54.653692214,100023,100,100017,497,100025,497,99961,200,100028,100,99960,100,100030,100,99957,100,100046,100,99953,100,100060,100,99952,100,100074,100,99944,100,100078,100,99940,100,100096,100,99935,100,100098,100,99930,100
2019-06-28 09:34:00.000000000,100023,298,100017,298,100025,298,99961,398,100028,100,99960,100,100030,100,99957,100,100046,100,99953,100,100060,100,99952,100,100074,100,99944,100,100078,100,99940,100,100096,100,99935,100,100098,100,99930,100
2019-06-28 09:34:01.842458246,100023,198,100017,298,100025,298,99961,398,100028,100,99960,100,100030,100,99957,100,100046,100,99953,100,100060,100,99952,100,100074,100,99944,100,100078,100,99940,100,100096,100,99935,100,100098,100,99930,100
2019-06-28 09:34:10.000000000,100025,179,100017,179,100028,179,99961,279,100030,179,99960,179,100046,179,99957,179,100060,179,99953,179,100074,100,99952,100,100078,100,99944,100,100096,100,99940,100,100098,100,99935,100,100100,100,99930,100
2019-06-28 09:34:20.000000000,100025,497,100017,497,100028,100,99961,200,100030,100,99960,100,100046,100,99957,100,100060,100,99953,100,100074,100,99952,100,100078,100,99944,100,100096,100,99940,100,100098,100,99935,100,100100,100,99930,100
2019-06-28 09:34:30.000000000,100025,497,100017,497,100028,100,99961,200,100030,100,99960,100,100046,100,99957,100,100060,100,99953,100,100074,100,99952,100,100078,100,99944,100,100096,100,99940,100,100098,100,99935,100,100100,100,99930,100
2019-06-28 09:34:40.000000000,100025,199,100017,199,100028,199,99961,299,100030,199,99960,199,100046,199,99957,199,100060,100,99953,100,100074,100,99952,100,100078,100,99944,100,100096,100,99940,100,100098,100,99935,100,100100,100,99930,100
2019-06-28 09:34:50.000000000,100025,199,100017,199,100028,199,99961,299,100030,199,99960,199,100046,199,99957,199,100060,100,99953,100,100074,100,99952,100,100078,100,99944,100,100096,100,99940,100,100098,100,99935,100,100100,100,99930,100
2019-06-28 09:34:58.121233680,100025,199,100017,199,100028,199,99961,299,100030,199,99960,199,100034,100,99957,199,100046,199,99953,100,100060,100,99952,100,100074,100,99944,100,100078,100,99940,100,100096,100,99935,100,100098,100,99930,100
2019-06-28 09:35:00.000000000,100025,497,100017,497,100028,100,99961,200,100030,100,99960,100,100034,100,99957,100,100046,100,99953,100,100060,100,99952,100,100074,100,99944,100,100078,100,99940,100,100096,100,99935,100,100098,100,99930,100
2019-06-28 09:35:10.000000000,100025,298,100017,298,100028,298,99961,398,100030,100,99960,100,100034,100,99957,100,100046,100,99953,100,100060,100,99952,100,100074,100,99944,100,100078,100,99940,100,100096,100,99935,100,100098,100,99930,100
2019-06-28 09:35:20.000000000,100025,179,100017,179,100028,179,99961,279,100030,179,99960,179,100034,179,99957,179,100046,179,99953,179,100060,100,99952,100,100074,100,99944,100,100078,100,99940,100,100096,100,99935,100,100098,100,99930,100
2019-06-28 09:35:23.578158764,100022,100,100017,179,100025,179,99961,279,100028,179,99960,179,100030,179,99957,179,100034,179,99953,179,100046,179,99952,100,100060,100,99944,100,100074,100,99940,100,100078,100,99935,100,100096,100,99930,100
2019-06-28 09:35:30.000000000,100022,235,100017,235,100025,231,99961,331,100028,231,99960,231,100030,100,99957,100,100034,100,99953,100,100046,100,99952,100,100060,100,99944,100,100074,100,99940,100,100078,100,99935,100,100096,100,99930,100
2019-06-28 09:35:40.000000000,100022,199,100017,199,100025,199,99961,299,100028,199,99960,199,100030,199,99957,199,100034,100,99953,100,100046,100,99952,100,100060,100,99944,100,100074,100,99940,100,100078,100,99935,100,100096,100,99930,100
2019-06-28 09:35:50.000000000,100022,199,100017,199,100025,199,99961,299,100028,199,99960,199,100030,199,99957,199,100034,100,99953,100,100046,100,99952,100,100060,100,99944,100,100074,100,99940,100,100078,100,99935,100,100096,100,99930,100
2019-06-28 09:36:00.000000000,100022,298,100017,298,100025,298,99961,398,100028,100,99960,100,100030,100,99957,100,100034,100,99953,100,100046,100,99952,100,100060,100,99944,100,100074,100,99940,100,100078,100,99935,100,100096,100,99930,100
2019-06-28 09:36:02.626146765,100022,298,100017,198,100025,298,99961,398,100028,100,99960,100,100030,100,99957,100,100034,100,99953,100,100046,100,99952,100,100060,100,99944,100,100074,100,99940,100,100078,100,99935,100,100096,100,99930,100
2019-06-28 09:36:04.317721730,100022,298,100017,98,100025,298,99961,398,100028,100,99960,100,100030,100,99957,100,100034,100,99953,100,100046,100,99952,100,100060,100,99944,100,100074,100,99940,100,100078,100,99935,100,100096,100,99930,100
2019-06-28 09:36:10.000000000,100022,235,99961,335,100025,231,99960,231,100028,231,99957,231,100030,100,99953,100,100034,100,99952,100,100046,100,99944,100,100060,100,99940,100,100074,100,99935,100,100078,100,99930,100,100096,100,99890,200
2019-06-28 09:36:18.291044100,100022,235,99961,235,100025,231,99960,231,100028,231,99957,231,100030,100,99953,100,100034,100,99952,100,100046,100,99944,100,100060,100,99940,100,100074,100,99935,100,100078,100,99930,100,100096,100,99890,100
2019-06-28 09:36:20.000000000,100022,179,99961,179,100025,179,99960,179,100028,179,99957,179,100030,179,99953,179,100034,179,99952,179,100046,100,99944,100,100060,100,99940,100,100074,100,99935,100,100078,100,99930,100,100096,100,99890,100
2019-06-28 09:36:20.996566234,100017,100,99961,179,100022,179,99960,79,100025,179,99957,179,100028,179,99953,179,100030,179,99952,179,100034,179,99944,100,100046,100,99940,100,100060,100,99935,100,100074,100,99930,100,100078,100,99890,100
2019-06-28 09:36:30.000000000,100017,298,99961,298,100022,298,99957,298,100025,100,99953,100,100028,100,99952,100,100030,100,99944,100,100034,100,99940,100,100046,100,99935,100,100060,100,99930,100,100074,100,99890,100,100078,100,99884,100
2019-06-28 09:36:40.000000000,100017,179,99961,179,100022,179,99957,179,100025,179,99953,179,100028,179,99952,179,100030,179,99944,179,100034,100,99940,100,100046,100,99935,100,100060,100,99930,100,100074,100,99890,100,100078,100,99884,100
2019-06-28 09:36:50.000000000,100017,298,99961,298,100022,298,99957,298,100025,100,99953,100,100028,100,99952,100,100030,100,99944,100,100034,100,99940,100,100046,100,99935,100,100060,100,99930,100,100074,100,99890,100,100078,100,99884,100
2019-06-28 09:37:00.000000000,100017,235,99961,235,100022,231,99957,231,100025,231,99953,231,100028,100,99952,100,100030,100,99944,100,100034,100,99940,100,100046,100,99935,100,100060,100,99930,100,100074,100,99890,100,100078,100,99884,100
2019-06-28 09:37:10.000000000,100017,497,99961,497,100022,100,99957,100,100025,100,99953,100,100028,100,99952,100,100030,100,99944,100,100034,100,99940,100,100046,100,99935,100,100060,100,99930,100,100074,100,99890,100,100078,100,99884,100
2019-06-28 09:37:10.653077914,100017,497,99961,497,100022,100,99957,100,100025,100,99953,100,100028,100,99952,100,100030,100,99944,100,100034,100,99940,100,100046,100,99935,100,100060,100,99930,100,100074,100,99890,100,100078,100,99884,100
2019-06-28 09:37:20.000000000,100017,179,99961,179,100022,179,99957,179,100025,179,99953,179,100028,179,99952,179,100030,179,99944,179,100034,100,99940,100,100046,100,99935,100,100060,100,99930,100,100074,100,99890,100,100078,100,99884,100
2019-06-28 09:37:30.000000000,100017,179,99961,179,100022,179,99957,179,100025,179,99953,179,100028,179,99952,179,100030,179,99944,179,100034,100,99940,100,100046,100,99935,100,100060,100,99930,100,100074,100,99890,100,100078,100,99884,100
2019-06-28 09:37:40.000000000,100017,179,99961,179,100022,179,99957,179,100025,179,99953,179,100028,179,99952,179,100030,179,99944,179,100034,100,99940,100,100046,100,99935,100,100060,100,99930,100,100074,100,99890,100,100078,100,99884,100
2019-06-28 09:37:50.000000000,100017,298,99961,298,100022,298,99957,298,100025,100,99953,100,100028,100,99952,100,100030,100,99944,100,100034,100,99940,100,100046,100,99935,100,100060,100,99930,100,100074,100,99890,100,100078,100,99884,100
2019-06-28 09:38:00.000000000,100017,235,99961,235,100022,231,99957,231,100025,231,99953,231,100028,100,99952,100,100030,100,99944,100,100034,100,99940,100,100046,100,99935,100,100060,100,99930,100,100074,100,99890,100,100078,100,99884,100
2019-06-28 09:38:01.099505109,100017,235,99961,235,100022,231,99957,231,100025,231,99953,231,100028,100,99952,100,100030,100,99944,100,100034,100,99940,100,100046,100,99935,100,100060,100,99930,100,100074,100,99927,100,100078,100,99890,100
2019-06-28 09:38:10.000000000,100017,235,99961,235,100022,231,99957,231,100025,231,99953,231,100028,100,99952,100,100030,100,99944,100,100034,100,99940,100,100046,100,99935,100,100060,100,99930,100,100074,100,99927,100,100078,100,99890,100
2019-06-28 09:38:17.819197462,100017,335,99961,235,100022,231,99957,231,100025,231,99953,231,100028,100,99952,100,100030,100,99944,100,100034,100,99940,100,100046,100,99935,100,100060,100,99930,100,100074,100,99927,100,100078,100,99890,100
2019-06-28 09:38:20.000000000,100017,279,99961,179,100022,179,99957,179,100025,179,99953,179,100028,179,99952,179,100030,179,99944,179,100034,100,99940,100,100046,100,99935,100,100060,100,99930,100,100074,100,99927,100,100078,100,99890,100
2019-06-28 09:38:21.565645206,100017,279,99962,100,100022,179,99961,179,100025,179,99957,179,100028,179,99953,179,100030,179,99952,179,100034,100,99944,179,100046,100,99940,100,100060,100,99935,100,100074,100,99930,100,100078,100,99927,100
2019-06-28 09:38:30.000000000,100017,597,99962,497,100022,100,99961,100,100025,100,99957,100,100028,100,99953,100,100030,100,99952,100,100034,100,99944,100,100046,100,99940,100,100060,100,99935,100,100074,100,99930,100,100078,100,99927,100
2019-06-28 09:38:35.439057203,100017,597,99962,497,100022,100,99961,100,100025,100,99957,100,100028,100,99953,100,100030,100,99952,100,100034,100,99944,100,100046,100,99940,100,100060,100,99935,100,100074,100,99930,100,100078,100,99927,100
2019-06-28 09:38:40.000000000,100017,335,99962,235,100022,231,99961,231,100025,231,99957,231,100028,100,99953,100,100030,100,99952,100,100034,100,99944,100,100046,100,99940,100,100060,100,99935,100,100074,100,99930,100,100078,100,99927,100
2019-06-28 09:38:50.000000000,100017,279,99962,179,100022,179,99961,179,100025,179,99957,179,100028,179,99953,179,100030,179,99952,179,100034,100,99944,100,100046,100,99940,100,100060,100,99935,100,100074,100,99930,100,100078,100,99927,100
2019-06-28 09:39:00.000000000,100017,335,99962,235,100022,231,99961,231,100025,231,99957,231,100028,100,99953,100,100030,100,99952,100,100034,100,99944,100,100046,100,99940,100,100060,100,99935,100,100074,100,99930,100,100078,100,99927,100
2019-06-28 09:39:04.673161088,100017,335,99962,335,100022,231,99961,231,100025,231,99957,231,100028,100,99953,100,100030,100,99952,100,100034,100,99944,100,100046,100,99940,100,100060,100,99935,100,100074,100,99930,100,100078,100,99927,100
2019-06-28 09:39:08.204529620,100017,235,99962,335,100022,231,99961,231,100025,231,99957,231,100028,100,99953,100,100030,100,99952,100,100034,100,99944,100,100046,100,99940,100,100060,100,99935,100,100074,100,99930,100,100078,100,99927,100
2019-06-28 09:39:10.000000000,100017,235,99962,335,100022,231,99961,231,100025,231,99957,231,100028,100,99953,100,100030,100,99952,100,100034,100,99944,100,100046,100,99940,100,100060,100,99935,100,100074,100,99930,100,100078,100,99927,100
2019-06-28 09:39:16.290162824,100017,235,100008,100,100022,231,99962,335,100025,231,99961,231,100028,100,99957,231,100030,100,99953,100,100034,100,99952,100,100046,100,99944,100,100060,100,99940,100,100074,100,99935,100,100078,100,99930,100
2019-06-28 09:39:20.000000000,100017,199,100008,199,100022,199,99962,299,100025,199,99961,199,100028,199,99957,199,100030,100,99953,100,100034,100,99952,100,100046,100,99944,100,100060,100,99940,100,100074,100,99935,100,100078,100,99930,100
2019-06-28 09:39:26.574078025,100016,100,100008,199,100017,199,99962,299,100022,199,99961,199,100025,199,99957,199,100028,199,99953,100,100030,100,99952,100,100034,100,99944,100,100046,100,99940,100,100060,100,99935,100,100074,100,99930,100
2019-06-28 09:39:29.891343132,100016,100,100008,199,100017,199,99962,299,100022,199,99961,199,100025,199,99957,199,100028,199,99953,100,100030,100,99952,100,100046,100,99944,100,100060,100,99940,100,100074,100,99935,100,100078,100,99930,100
2019-06-28 09:39:30.000000000,100016,497,100008,497,100017,100,99962,200,100022,100,99961,100,100025,100,99957,100,100028,100,99953,100,100030,100,99952,100,100046,100,99944,100,100060,100,99940,100,100074,100,99935,100,100078,100,99930,100
2019-06-28 09:39:38.120813786,100016,497,100008,397,100017,100,99962,200,100022,100,99961,100,100025,100,99957,100,100028,100,99953,100,100030,100,99952,100,100046,100,99944,100,100060,100,99940,100,100074,100,99935,100,100078,100,99930,100
2019-06-28 09:39:39.373232310,100016,497,100008,297,100017,100,99962,200,100022,100,99961,100,100025,100,99957,100,100028,100,99953,100,100030,100,99952,100,100046,100,99944,100,100060,100,99940,100,100074,100,99935,100,100078,100,99930,100
2019-06-28 09:39:40.000000000,100016,298,99962,398,100017,298,99961,298,100022,100,99957,100,100025,100,99953,100,100028,100,99952,100,100030,100,99944,100,100046,100,99940,100,100060,100,99935,100,100074,100,99930,100,100078,100,99927,100
2019-06-28 09:39:43.422920014,100016,298,99962,398,100017,298,99961,298,100022,100,99957,100,100025,100,99953,100,100028,100,99952,100,100030,100,99943,100,100046,100,99940,100,100060,100,99935,100,100074,100,99930,100,100078,100,99927,100
2019-06-28 09:39:49.836751400,100016,298,100009,100,100017,298,99962,298,100022,100,99961,298,100025,100,99957,100,100028,100,99953,100,100030,100,99952,100,100046,100,99943,100,100060,100,99940,100,100074,100,99935,100,100078,100,99930,100
2019-06-28 09:39:50.000000000,100016,199,100009,199,100017,199,99962,199,100022,199,99961,199,100025,199,99957,199,100028,100,99953,100,100030,100,99952,100,100046,100,99943,100,100060,100,99940,100,100074,100,99935,100,100078,100,99930,100
2019-06-28 09:40:00.000000000,100016,235,100009,235,100017,231,99962,231,100022,231,99961,231,100025,100,99957,100,100028,100,99953,100,100030,100,99952,100,100046,100,99943,100,100060,100,99940,100,100074,100,99935,100,100078,100,99930,100
2019-06-28 09:40:10.000000000,100016,497,100009,497,100017,100,99962,100,100022,100,99961,100,100025,100,99957,100,100028,100,99953,100,100030,100,99952,100,100046,100,99943,100,100060,100,99940,100,100074,100,99935,100,100078,100,99930,100
2019-06-28 09:40:13.892797537,100016,497,100009,397,100017,100,99962,100,100022,100,99961,100,100025,100,99957,100,100028,100,99953,100,100030,100,99952,100,100046,100,99943,100,100060,100,99940,100,100074,100,99935,100,100078,100,99930,100
2019-06-28 09:40:20.000000000,100016,298,99962,298,100017,298,99961,298,100022,100,99957,100,100025,100,99953,100,100028,100,99952,100,100030,100,99943,100,100046,100,99940,100,100060,100,99935,100,100074,100,99930,100,100078,100,99927,100
2019-06-28 09:40:30.000000000,100016,199,99962,199,100017,199,99961,199,100022,199,99957,199,100025,199,99953,199,100028,100,99952,100,100030,100,99943,100,100046,100,99940,100,100060,100,99935,100,100074,100,99930,100,100078,100,99927,100
2019-06-28 09:40:32.356586863,100016,199,99962,199,100017,199,99961,199,100022,199,99957,199,100025,199,99953,199,100028,100,99952,100,100030,100,99943,100,100046,100,99940,100,100060,100,99935,100,100074,100,99930,100,100078,100,99927,100
2019-06-28 09:40:40.000000000,100016,199,99962,199,100017,199,99961,199,100022,199,99957,199,100025,199,99953,199,100028,100,99952,100,100030,100,99943,100,100046,100,99940,100,100060,100,99935,100,100074,100,99930,100,100078,100,99927,100
2019-06-28 09:40:50.000000000,100016,497,99962,497,100017,100,99961,100,100022,100,99957,100,100025,100,99953,100,100028,100,99952,100,100030,100,99943,100,100046,100,99940,100,100060,100,99935,100,100074,100,99930,100,100078,100,99927,100
2019-06-28 09:41:00.000000000,100016,497,99962,497,100017,100,99961,100,100022,100,99957,100,100025,100,99953,100,100028,100,99952,100,100030,100,99943,100,100046,100,99940,100,100060,100,99935,100,100074,100,99930,100,100078,100,99927,100
2019-06-28 09:41:10.000000000,100016,497,99962,497,100017,100,99961,100,100022,100,99957,100,100025,100,99953,100,100028,100,99952,100,100030,100,99943,100,100046,100,99940,100,100060,100,99935,100,100074,100,99930,100,100078,100,99927,100
2019-06-28 09:41:16.856918496,100016,497,99962,497,100017,100,99957,100,100022,100,99953,100,100025,100,99952,100,100028,100,99943,100,100030,100,99940,100,100046,100,99935,100,100060,100,99930,100,100074,100,99927,100,100078,100,99890,100
2019-06-28 09:41:19.232633167,100016,497,99962,497,100017,100,99957,100,100022,100,99953,100,100025,100,99952,100,100028,100,99943,100,100030,100,99940,100,100046,100,99935,100,100060,100,99930,100,100074,100,99927,100,100078,100,99890,100
2019-06-28 09:41:20.000000000,100016,179,99962,179,100017,179,99957,179,100022,179,99953,179,100025,179,99952,179,100028,179,99943,179,100030,100,99940,100,100046,100,99935,100,100060,100,99930,100,100074,100,99927,100,100078,100,99890,100
2019-06-28 09:41:30.000000000,100016,199,99962,199,100017,199,99957,199,100022,199,99953,199,100025,199,99952,199,100028,100,99943,100,100030,100,99940,100,100046,100,99935,100,100060,100,99930,100,100074,100,99927,100,100078,100,99890,100
2019-06-28 09:41:40.000000000,100016,199,99962,199,100017,199,99957,199,100022,199,99953,199,100025,199,99952,199,100028,100,99943,100,100030,100,99940,100,100046,100,99935,100,100060,100,99930,100,100074,100,99927,100,100078,100,99890,100
2019-06-28 09:41:50.000000000,100016,199,99962,199,100017,199,99957,199,100022,199,99953,199,100025,199,99952,199,100028,100,99943,100,100030,100,99940,100,100046,100,99935,100,100060,100,99930,100,100074,100,99927,100,100078,100,99890,100
2019-06-28 09:42:00.000000000,100016,298,99962,298,100017,298,99957,298,100022,100,99953,100,100025,100,99952,100,100028,100,99943,100,100030,100,99940,100,100046,100,99935,100,100060,100,99930,100,100074,100,99927,100,100078,100,99890,100
2019-06-28 09:42:10.000000000,100016,179,99962,179,100017,179,99957,179,100022,179,99953,179,100025,179,99952,179,100028,179,99943,179,100030,100,99940,100,100046,100,99935,100,100060,100,99930,100,100074,100,99927,100,100078,100,99890,100
2019-06-28 09:42:20.000000000,100016,235,99962,235,100017,231,99957,231,100022,231,99953,231,100025,100,99952,100,100028,100,99943,100,100030,100,99940,100,100046,100,99935,100,100060,100,99930,100,100074,100,99927,100,100078,100,99890,100
2019-06-28 09:42:30.000000000,100016,179,99962,179,100017,179,99957,179,100022,179,99953,179,100025,179,99952,179,100028,179,99943,179,100030,100,99940,100,100046,100,99935,100,100060,100,99930,100,100074,100,99927,100,100078,100,99890,100
2019-06-28 09:42:36.164589739,100016,179,100009,100,100017,179,99962,179,100022,179,99957,179,100025,179,99953,179,100028,179,99952,179,100030,100,99943,179,100046,100,99940,100,100060,100,99935,100,100074,100,99930,100,100078,100,99927,100
2019-06-28 09:42:40.000000000,100016,199,100009,199,100017,199,99962,199,100022,199,99957,199,100025,199,99953,199,100028,100,99952,100,100030,100,99943,100,100046,100,99940,100,100060,100,99935,100,100074,100,99930,100,100078,100,99927,100
2019-06-28 09:42:44.909448445,100016,199,100009,199,100017,199,99962,199,100022,199,99957,199,100025,199,99953,199,100028,100,99952,100,100030,100,99943,100,100046,100,99940,100,100060,100,99935,100,100074,100,99930,100,100078,100,99927,100
2019-06-28 09:42:50.000000000,100016,235,100009,235,100017,231,99962,231,100022,231,99957,231,100025,100,99953,100,100028,100,99952,100,100030,100,99943,100,100046,100,99940,100,100060,100,99935,100,100074,100,99930,100,100078,100,99927,100
2019-06-28 09:42:52.599424263,100016,235,100009,235,100017,231,99962,231,100022,231,99957,231,100025,100,99953,100,100028,100,99952,100,100030,100,99944,100,100046,100,99943,100,100060,100,99940,100,100074,100,99935,100,100078,100,99930,100
2019-06-28 09:43:00.000000000,100016,235,100009,235,100017,231,99962,231,100022,231,99957,231,100025,100,99953,100,100028,100,99952,100,100030,100,99944,100,100046,100,99943,100,100060,100,99940,100,100074,100,99935,100,100078,100,99930,100
2019-06-28 09:43:01.924953669,100016,235,100009,235,100017,231,99962,231,100022,231,99957,231,100025,100,99953,100,100028,100,99952,100,100030,100,99944,100,100046,100,99943,100,100060,100,99940,100,100074,100,99935,100,100078,100,99930,100
2019-06-28 09:43:10.000000000,100016,497,100009,497,100017,100,99962,100,100022,100,99957,100,100025,100,99953,100,100028,100,99952,100,100030,100,99944,100,100046,100,99943,100,100060,100,99940,100,100074,100,99935,100,100078,100,99930,100
2019-06-28 09:43:16.453635058,100016,397,100009,497,100017,100,99962,100,100022,100,99957,100,100025,100,99953,100,100028,100,99952,100,100030,100,99944,100,100046,100,99943,100,100060,100,99940,100,100074,100,99935,100,100078,100,99927,100
2019-06-28 09:43:20.000000000,100017,235,100009,235,100022,231,99962,231,100025,231,99957,231,100028,100,99953,100,100030,100,99952,100,100046,100,99944,100,100060,100,99943,100,100074,100,99940,100,100078,100,99935,100,100098,100,99927,100
2019-06-28 09:43:29.812680287,100017,235,100009,235,100022,231,99962,231,100025,231,99957,231,100028,100,99953,100,100030,100,99952,100,100046,100,99944,100,100060,100,99943,100,100074,100,99940,100,100078,100,99935,100,100098,100,99927,100
2019-06-28 09:43:30.000000000,100017,235,100009,235,100022,231,99962,231,100025,231,99957,231,100028,100,99953,100,100030,100,99952,100,100046,100,99944,100,100060,100,99943,100,100074,100,99940,100,100078,100,99935,100,100098,100,99927,100
2019-06-28 09:43:38.938893557,100017,235,100009,235,100022,231,99962,231,100025,231,99957,231,100028,100,99953,100,100030,100,99952,100,100046,100,99944,100,100060,100,99943,100,100074,100,99940,100,100078,100,99935,100,100098,100,99927,100
2019-06-28 09:43:40.000000000,100017,497,100009,497,100022,100,99962,100,100025,100,99957,100,100028,100,99953,100,100030,100,99952,100,100046,100,99944,100,100060,100,99943,100,100074,100,99940,100,100078,100,99935,100,100098,100,99927,100
2019-06-28 09:43:42.443346578,100017,397,100009,497,100022,100,99962,100,100025,100,99957,100,100028,100,99953,100,100030,100,99952,100,100046,100,99944,100,100060,100,99943,100,100074,100,99940,100,100078,100,99935,100,100098,100,99927,100
2019-06-28 09:43:50.000000000,100022,199,100009,199,100025,199,99962,199,100028,199,99957,199,100030,199,99953,199,100046,100,99952,100,100060,100,99944,100,100074,100,99943,100,100078,100,99940,100,100098,100,99935,100,100100,100,99927,100
2019-06-28 09:44:00.000000000,100022,179,100009,179,100025,179,99962,179,100028,179,99957,179,100030,179,99953,179,100046,179,99952,179,100060,100,99944,100,100074,100,99943,100,100078,100,99940,100,100098,100,99935,100,100100,100,99927,100
2019-06-28 09:44:02.700080962,100022,79,100009,179,100025,179,99962,179,100028,179,99957,179,100030,179,99953,179,100046,179,99952,179,100060,100,99944,100,100074,100,99943,100,100078,100,99940,100,100098,100,99935,100,100100,100,99927,100
2019-06-28 09:44:04.367565083,100022,79,100017,100,100025,179,100009,179,100028,179,99962,179,100030,179,99957,179,100046,179,99953,179,100060,100,99952,179,100074,100,99944,100,100078,100,99943,100,100098,100,99940,100,100100,100,99935,100
2019-06-28 09:44:10.000000000,100025,497,100017,497,100028,100,100009,100,100030,100,99962,100,100046,100,99957,100,100060,100,99953,100,100074,100,99952,100,100078,100,99944,100,100098,100,99943,100,100100,100,99940,100,100107,100,99935,100
2019-06-28 09:44:20.000000000,100025,199,100017,199,100028,199,100009,199,100030,199,99962,199,100046,199,99957,199,100060,100,99953,100,100074,100,99952,100,100078,100,99944,100,100098,100,99943,100,100100,100,99940,100,100107,100,99935,100
2019-06-28 09:44:24.732860142,100025,99,100017,199,100028,199,100009,199,100030,99,99962,199,100046,199,99957,199,100060,100,99953,100,100074,100,99952,100,100078,100,99944,100,100098,100,99943,100,100100,100,99940,100,100107,100,99935,100
2019-06-28 09:44:30.000000000,100028,298,100017,298,100046,298,100009,298,100060,100,99962,100,100074,100,99957,100,100078,100,99953,100,100098,100,99952,100,100100,100,99944,100,100107,100,99943,100,100108,100,99940,100,100117,100,99935,100
2019-06-28 09:44:40.000000000,100028,199,100017,199,100046,199,100009,199,100060,199,99962,199,100074,199,99957,199,100078,100,99953,100,100098,100,99952,100,100100,100,99944,100,100107,100,99943,100,100108,100,99940,100,100117,100,99935,100
2019-06-28 09:44:42.612575418,100028,199,100017,199,100046,199,100009,199,100060,199,99962,199,100074,199,99957,199,100078,100,99953,100,100098,100,99952,100,100100,100,99944,100,100107,100,99943,100,100108,100,99940,100,100117,100,99935,100
2019-06-28 09:44:47.861561936,100028,199,100017,199,100046,199,100009,199,100060,199,99962,199,100074,199,99957,199,100078,100,99953,100,100100,100,99952,100,100107,100,99944,100,100108,100,99943,100,100117,100,99940,100,100119,100,99935,100
2019-06-28 09:44:50.000000000,100028,179,100017,179,100046,179,100009,179,100060,179,99962,179,100074,179,99957,179,100078,179,99953,179,100100,100,99952,100,100107,100,99944,100,100108,100,99943,100,100117,100,99940,100,100119,100,99935,100
2019-06-28 09:44:50.912536654,100028,79,100017,179,100046,179,100009,179,100060,179,99962,179,100074,179,99957,179,100078,179,99953,179,100100,100,99952,100,100107,100,99944,100,100108,100,99943,100,100117,100,99940,100,100119,100,99935,100
2019-06-28 09:45:00.000000000,100046,497,100017,497,100060,100,100009,100,100074,100,99962,100,100078,100,99957,100,100100,100,99953,100,100107,100,99952,100,100108,100,99944,100,100117,100,99943,100,100119,100,99940,100,100140,100,99935,100
2019-06-28 09:45:10.000000000,100046,179,100017,179,100060,179,100009,179,100074,179,99962,179,100078,179,99957,179,100100,179,99953,179,100107,100,99952,100,100108,100,99944,100,100117,100,99943,100,100119,100,99940,100,100140,100,99935,100
2019-06-28 09:45:20.000000000,100046,497,100017,497,100060,100,100009,100,100074,100,99962,100,100078,100,99957,100,100100,100,99953,100,100107,100,99952,100,100108,100,99944,100,100117,100,99943,100,100119,100,99940,100,100140,100,99935,100
2019-06-28 09:45:30.000000000,100046,199,100017,199,100060,199,100009,199,100074,199,99962,199,100078,199,99957,199,100100,100,99953,100,100107,100,99952,100,100108,100,99944,100,100117,100,99943,100,100119,100,99940,100,100140,100,99935,100
2019-06-28 09:45:40.000000000,100046,497,100017,497,100060,100,100009,100,100074,100,99962,100,100078,100,99957,100,100100,100,99953,100,100107,100,99952,100,100108,100,99944,100,100117,100,99943,100,100119,100,99940,100,100140,100,99935,100
2019-06-28 09:45:50.000000000,100046,199,100017,199,100060,199,100009,199,100074,199,99962,199,100078,199,99957,199,100100,100,99953,100,100107,100,99952,100,100108,100,99944,100,100117,100,99943,100,100119,100,99940,100,100140,100,99935,100
2019-06-28 09:45:53.517221766,100046,99,100017,199,100060,99,100009,199,100074,199,99962,199,100078,199,99957,199,100100,100,99953,100,100107,100,99952,100,100108,100,99944,100,100117,100,99943,100,100119,100,99940,100,100140,100,99935,100
2019-06-28 09:45:54.734419953,100060,99,100046,1,100074,199,100017,199,100078,199,100009,199,100100,100,99962,199,100107,100,99957,199,100108,100,99953,100,100117,100,99952,100,100119,100,99944,100,100140,100,99943,100,100148,100,99940,100
2019-06-28 09:45:56.434914708,100060,99,100046,1,100074,199,100017,199,100078,199,100009,199,100100,100,99962,199,100107,100,99957,199,100108,100,99953,100,100117,100,99952,100,100119,100,99944,100,100140,100,99943,100,100148,100,99940,100
2019-06-28 09:46:00.000000000,100074,199,100046,100,100078,199,100017,199,100100,199,100009,199,100107,199,99962,199,100108,100,99957,100,100117,100,99953,100,100119,100,99952,100,100140,100,99944,100,100148,100,99943,100,100173,100,99940,100
2019-06-28 09:46:10.000000000,100074,298,100046,199,100078,298,100017,298,100100,100,100009,100,100107,100,99962,100,100108,100,99957,100,100117,100,99953,100,100119,100,99952,100,100140,100,99944,100,100148,100,99943,100,100173,100,99940,100
2019-06-28 09:46:19.463283587,100074,298,100046,199,100078,298,100017,298,100100,100,100009,100,100107,100,99962,100,100108,100,99957,100,100117,100,99953,100,100119,100,99952,100,100140,100,99944,100,100148,100,99943,100,100173,100,99940,100
2019-06-28 09:46:20.000000000,100074,497,100046,398,100078,100,100017,100,100100,100,100009,100,100107,100,99962,100,100108,100,99957,100,100117,100,99953,100,100119,100,99952,100,100140,100,99944,100,100148,100,99943,100,100173,100,99940,100
2019-06-28 09:46:20.172018426,100074,497,100046,398,100078,100,100017,100,100100,100,100009,100,100107,100,99962,100,100108,100,99957,100,100117,100,99953,100,100119,100,99952,100,100140,100,99944,100,100148,100,99943,100,100173,100,99940,100
2019-06-28 09:46:30.000000000,100074,235,100046,136,100078,231,100017,231,100100,231,100009,231,100107,100,99962,100,100108,100,99957,100,100117,100,99953,100,100119,100,99952,100,100140,100,99944,100,100148,100,99943,100,100173,100,99940,100
2019-06-28 09:46:40.000000000,100074,179,100046,80,100078,179,100017,179,100100,179,100009,179,100107,179,99962,179,100108,179,99957,179,100117,100,99953,100,100119,100,99952,100,100140,100,99944,100,100148,100,99943,100,100173,100,99940,100
2019-06-28 09:46:50.000000000,100074,179,100046,80,100078,179,100017,179,100100,179,100009,179,100107,179,99962,179,100108,179,99957,179,100117,100,99953,100,100119,100,99952,100,100140,100,99944,100,100148,100,99943,100,100173,100,99940,100
2019-06-28 09:47:00.000000000,100074,497,100046,398,100078,100,100017,100,100100,100,100009,100,100107,100,99962,100,100108,100,99957,100,100117,100,99953,100,100119,100,99952,100,100140,100,99944,100,100148,100,99943,100,100173,100,99940,100
2019-06-28 09:47:10.000000000,100074,179,100046,80,100078,179,100017,179,100100,179,100009,179,100107,179,99962,179,100108,179,99957,179,100117,100,99953,100,100119,100,99952,100,100140,100,99944,100,100148,100,99943,100,100173,100,99940,100
2019-06-28 09:47:14.345246339,100074,79,100046,80,100078,179,100017,179,100100,179,100009,179,100107,179,99962,179,100108,179,99957,179,100117,100,99953,100,100119,100,99952,100,100140,100,99944,100,100148,100,99943,100,100173,100,99940,100
2019-06-28 09:47:15.023291045,100078,179,100074,21,100100,179,100046,80,100107,179,100017,179,100108,179,100009,179,100117,100,99962,179,100119,100,99957,179,100140,100,99953,100,100148,100,99952,100,100173,100,99944,100,100264,100,99943,100
2019-06-28 09:47:16.862351407,100078,179,100074,21,100100,179,100046,80,100107,179,100017,179,100108,179,100009,179,100117,100,99962,179,100119,100,99957,179,100140,100,99953,100,100148,100,99952,100,100173,100,99944,100,100264,100,99943,100
2019-06-28 09:47:20.000000000,100078,497,100074,418,100100,100,100046,1,100107,100,100017,100,100108,100,100009,100,100117,100,99962,100,100119,100,99957,100,100140,100,99953,100,100148,100,99952,100,100173,100,99944,100,100264,100,99943,100
2019-06-28 09:47:23.507218278,100078,397,100074,418,100100,100,100046,1,100107,100,100017,100,100108,100,100009,100,100117,100,99962,100,100119,100,99957,100,100140,100,99953,100,100148,100,99952,100,100173,100,99944,100,100264,100,99943,100
2019-06-28 09:47:30.000000000,100100,199,100074,120,100107,199,100046,100,100108,199,100017,199,100117,199,100009,199,100119,100,99962,100,100140,100,99957,100,100148,100,99953,100,100173,100,99952,100,100264,100,99944,100,100305,100,99943,100
2019-06-28 09:47:40.000000000,100100,298,100074,219,100107,298,100046,199,100108,100,100017,100,100117,100,100009,100,100119,100,99962,100,100140,100,99957,100,100148,100,99953,100,100173,100,99952,100,100264,100,99944,100,100305,100,99943,100
2019-06-28 09:47:47.025050561,100100,298,100074,219,100107,298,100046,199,100108,100,100017,100,100117,100,100009,100,100119,100,99962,100,100140,100,99957,100,100148,100,99953,100,100173,100,99952,100,100264,100,99944,100,100305,100,99943,100
2019-06-28 09:47:50.000000000,100100,298,100074,219,100107,298,100046,199,100108,100,100017,100,100117,100,100009,100,100119,100,99962,100,100140,100,99957,100,100148,100,99953,100,100173,100,99952,100,100264,100,99944,100,100305,100,99943,100
2019-06-28 09:47:55.879544550,100100,198,100074,219,100107,298,100046,199,100108,100,100017,100,100117,100,100009,100,100119,100,99962,100,100140,100,99957,100,100148,100,99952,100,100173,100,99944,100,100264,100,99943,100,100305,100,99940,100
2019-06-28 09:47:56.315158529,100100,198,100078,100,100107,298,100074,219,100108,100,100046,199,100117,100,100017,100,100119,100,100009,100,100140,100,99962,100,100148,100,99957,100,100173,100,99952,100,100264,100,99944,100,100305,100,99943,100
2019-06-28 09:48:00.000000000,100107,497,100078,497,100108,100,100074,21,100117,100,100046,1,100119,100,100017,100,100140,100,100009,100,100148,100,99962,100,100173,100,99957,100,100264,100,99952,100,100305,100,99944,100,100412,100,99943,100
2019-06-28 09:48:08.813366660,100107,397,100078,497,100108,100,100046,1,100117,100,100017,100,100119,100,100009,100,100140,100,99962,100,100148,100,99957,100,100173,100,99952,100,100264,100,99944,100,100305,100,99943,100,100412,100,99940,100
2019-06-28 09:48:10.000000000,100108,179,100078,179,100117,179,100046,80,100119,179,100017,179,100140,179,100009,179,100148,179,99962,179,100173,100,99957,100,100264,100,99952,100,100305,100,99944,100,100412,100,99943,100,100476,100,99940,100
2019-06-28 09:48:13.764589977,100108,179,100100,100,100117,179,100078,79,100119,179,100046,80,100140,179,100017,179,100148,179,100009,179,100173,100,99962,179,100264,100,99957,100,100305,100,99952,100,100412,100,99944,100,100476,100,99943,100
2019-06-28 09:48:20.000000000,100108,235,100100,235,100117,231,100046,132,100119,231,100017,231,100140,100,100009,100,100148,100,99962,100,100173,100,99957,100,100264,100,99952,100,100305,100,99944,100,100412,100,99943,100,100476,100,99940,100
2019-06-28 09:48:30.000000000,100108,298,100100,298,100117,298,100046,199,100119,100,100017,100,100140,100,100009,100,100148,100,99962,100,100173,100,99957,100,100264,100,99952,100,100305,100,99944,100,100412,100,99943,100,100476,100,99940,100
2019-06-28 09:48:35.802139691,100108,298,100100,298,100117,298,100046,199,100119,100,100017,100,100140,100,100009,100,100148,100,99962,100,100173,100,99957,100,100264,100,99952,100,100305,100,99944,100,100412,100,99943,100,100476,100,99940,100
2019-06-28 09:48:40.000000000,100108,298,100100,298,100117,298,100046,199,100119,100,100017,100,100140,100,100009,100,100148,100,99962,100,100173,100,99957,100,100264,100,99952,100,100305,100,99944,100,100412,100,99943,100,100476,100,99940,100
2019-06-28 09:48:50.000000000,100108,179,100100,179,100117,179,100046,80,100119,179,100017,179,100140,179,100009,179,100148,179,99962,179,100173,100,99957,100,100264,100,99952,100,100305,100,99944,100,100412,100,99943,100,100476,100,99940,100
2019-06-28 09:48:54.595558431,100108,179,100100,179,100117,179,100046,80,100119,179,100017,179,100140,179,100009,179,100148,179,99962,179,100173,100,99957,100,100264,100,99952,100,100305,100,99944,100,100412,100,99943,100,100476,100,99940,100
2019-06-28 09:49:00.000000000,100108,179,100100,179,100117,179,100046,80,100119,179,100017,179,100140,179,100009,179,100148,179,99962,179,100173,100,99957,100,100264,100,99952,100,100305,100,99944,100,100412,100,99943,100,100476,100,99940,100
2019-06-28 09:49:10.000000000,100108,497,100100,497,100117,100,100046,1,100119,100,100017,100,100140,100,100009,100,100148,100,99962,100,100173,100,99957,100,100264,100,99952,100,100305,100,99944,100,100412,100,99943,100,100476,100,99940,100
2019-06-28 09:49:16.369240108,100108,397,100100,497,100117,100,100046,1,100119,100,100017,100,100140,100,100009,100,100148,100,99962,100,100173,100,99957,100,100264,100,99952,100,100305,100,99944,100,100412,100,99943,100,100476,100,99940,100
2019-06-28 09:49:20.000000000,100117,235,100100,235,100119,231,100046,132,100140,231,100017,231,100148,100,100009,100,100173,100,99962,100,100264,100,99957,100,100305,100,99952,100,100412,100,99944,100,100476,100,99943,100,100869,100,99940,100
2019-06-28 09:49:21.567095507,100117,235,100100,235,100119,231,100046,132,100140,231,100017,231,100148,100,100009,100,100264,100,99962,100,100305,100,99957,100,100412,100,99952,100,100476,100,99944,100,100869,100,99943,100,100881,100,99940,100
2019-06-28 09:49:30.000000000,100117,199,100100,199,100119,199,100046,100,100140,199,100017,199,100148,199,100009,199,100264,100,99962,100,100305,100,99957,100,100412,100,99952,100,100476,100,99944,100,100869,100,99943,100,100881,100,99940,100
2019-06-28 09:49:35.347865881,100117,199,100100,199,100119,199,100046,100,100140,199,100017,199,100148,199,100009,199,100264,100,99962,100,100305,100,99957,100,100412,100,99952,100,100476,100,99944,100,100869,100,99943,100,100881,100,99940,100
2019-06-28 09:49:40.000000000,100117,497,100100,497,100119,100,100046,1,100140,100,100017,100,100148,100,100009,100,100264,100,99962,100,100305,100,99957,100,100412,100,99952,100,100476,100,99944,100,100869,100,99943,100,100881,100,99940,100
2019-06-28 09:49:43.288732867,100117,497,100100,497,100119,100,100046,1,100140,100,100017,100,100148,100,100009,100,100264,100,99962,100,100305,100,99957,100,100412,100,99952,100,100476,100,99944,100,100869,100,99943,100,100881,100,99940,100
2019-06-28 09:49:50.000000000,100117,298,100100,298,100119,298,100046,199,100140,100,100017,100,100148,100,100009,100,100264,100,99962,100,100305,100,99957,100,100412,100,99952,100,100476,100,99944,100,100869,100,99943,100,100881,100,99940,100
2019-06-28 09:49:52.487208820,100117,198,100100,298,100119,298,100046,199,100140,100,100017,100,100148,100,100009,100,100264,100,99962,100,100305,100,99957,100,100412,100,99952,100,100476,100,99944,100,100881,100,99943,100,100997,100,99940,100
2019-06-28 09:50:00.000000000,100119,298,100100,298,100140,298,100046,199,100148,100,100017,100,100264,100,100009,100,100305,100,99962,100,100412,100,99957,100,100476,100,99952,100,100881,100,99944,100,100997,100,99943,100,100999,100,99940,100
2019-06-28 09:50:10.000000000,100119,298,100100,298,100140,298,100046,199,100148,100,100017,100,100264,100,100009,100,100305,100,99962,100,100412,100,99957,100,100476,100,99952,100,100881,100,99944,100,100997,100,99943,100,100999,100,99940,100
2019-06-28 09:50:12.440602473,100119,298,100100,298,100140,298,100046,199,100148,100,100017,100,100264,100,100009,100,100305,100,99962,100,100412,100,99957,100,100476,100,99952,100,100881,100,99944,100,100997,100,99943,100,100999,100,99940,100
2019-06-28 09:50:20.000000000,100119,235,100100,235,100140,231,100046,132,100148,231,100017,231,100264,100,100009,100,100305,100,99962,100,100412,100,99957,100,100476,100,99952,100,100881,100,99944,100,100997,100,99943,100,100999,100,99940,100
2019-06-28 09:50:23.642268364,100119,235,100108,100,100140,231,100100,235,100148,231,100046,132,100264,100,100017,231,100305,100,100009,100,100412,100,99962,100,100476,100,99957,100,100881,100,99952,100,100997,100,99944,100,100999,100,99943,100
2019-06-28 09:50:30.000000000,100119,199,100108,199,100140,199,100100,199,100148,199,100046,100,100264,199,100017,199,100305,100,100009,100,100412,100,99962,100,100476,100,99957,100,100881,100,99952,100,100997,100,99944,100,100999,100,99943,100
2019-06-28 09:50:32.614137820,100119,199,100108,299,100140,199,100100,199,100148,199,100046,100,100264,199,100017,99,100305,100,100009,100,100412,100,99962,100,100476,100,99957,100,100881,100,99952,100,100997,100,99944,100,100999,100,99943,100
2019-06-28 09:50:40.000000000,100119,298,100108,398,100140,298,100100,298,100148,100,100046,1,100264,100,100009,100,100305,100,99962,100,100412,100,99957,100,100476,100,99952,100,100881,100,99944,100,100997,100,99943,100,100999,100,99940,100
2019-06-28 09:50:50.000000000,100119,235,100108,335,100140,231,100100,231,100148,231,100046,132,100264,100,100009,100,100305,100,99962,100,100412,100,99957,100,100476,100,99952,100,100881,100,99944,100,100997,100,99943,100,100999,100,99940,100
2019-06-28 09:51:00.000000000,100119,497,100108,597,100140,100,100100,100,100148,100,100046,1,100264,100,100009,100,100305,100,99962,100,100412,100,99957,100,100476,100,99952,100,100881,100,99944,100,100997,100,99943,100,100999,100,99940,100
2019-06-28 09:51:04.582303420,100119,497,100108,597,100140,100,100100,100,100148,100,100046,1,100264,100,100009,100,100305,100,99962,100,100412,100,99957,100,100476,100,99952,100,100881,100,99944,100,100997,100,99943,100,100999,100,99940,100
2019-06-28 09:51:10.000000000,100119,179,100108,279,100140,179,100100,179,100148,179,100046,80,100264,179,100009,179,100305,179,99962,179,100412,100,99957,100,100476,100,99952,100,100881,100,99944,100,100997,100,99943,100,100999,100,99940,100
2019-06-28 09:51:20.000000000,100119,179,100108,279,100140,179,100100,179,100148,179,100046,80,100264,179,100009,179,100305,179,99962,179,100412,100,99957,100,100476,100,99952,100,100881,100,99944,100,100997,100,99943,100,100999,100,99940,100
2019-06-28 09:51:30.000000000,100119,235,100108,335,100140,231,100100,231,100148,231,100046,132,100264,100,100009,100,100305,100,99962,100,100412,100,99957,100,100476,100,99952,100,100881,100,99944,100,100997,100,99943,100,100999,100,99940,100
2019-06-28 09:51:40.000000000,100119,179,100108,279,100140,179,100100,179,100148,179,100046,80,100264,179,100009,179,100305,179,99962,179,100412,100,99957,100,100476,100,99952,100,100881,100,99944,100,100997,100,99943,100,100999,100,99940,100
2019-06-28 09:51:50.000000000,100119,298,100108,398,100140,298,100100,298,100148,100,100046,1,100264,100,100009,100,100305,100,99962,100,100412,100,99957,100,100476,100,99952,100,100881,100,99944,100,100997,100,99943,100,100999,100,99940,100
2019-06-28 09:51:54.215175173,100119,298,100108,398,100140,298,100100,298,100148,100,100046,1,100264,100,100009,100,100305,100,99962,100,100412,100,99957,100,100476,100,99952,100,100881,100,99944,100,100997,100,99943,100,100999,100,99940,100
2019-06-28 09:52:00.000000000,100119,235,100108,335,100140,231,100100,231,100148,231,100046,132,100264,100,100009,100,100305,100,99962,100,100412,100,99957,100,100476,100,99952,100,100881,100,99944,100,100997,100,99943,100,100999,100,99940,100
2019-06-28 09:52:02.320410805,100119,235,100108,335,100140,131,100100,231,100148,231,100046,132,100264,100,100009,100,100305,100,99962,100,100412,100,99957,100,100476,100,99952,100,100881,100,99944,100,100997,100,99943,100,100999,100,99940,100
2019-06-28 09:52:10.000000000,100119,298,100108,398,100148,298,100100,298,100264,100,100046,1,100305,100,100009,100,100412,100,99962,100,100476,100,99957,100,100881,100,99952,100,100997,100,99944,100,100999,100,99943,100,101113,100,99940,100
2019-06-28 09:52:12.982011791,100119,198,100108,398,100148,298,100100,298,100264,100,100046,1,100305,100,100009,100,100412,100,99962,100,100476,100,99957,100,100881,100,99952,100,100997,100,99944,100,100999,100,99943,100,101113,100,99940,100
2019-06-28 09:52:20.000000000,100148,497,100108,597,100264,100,100100,100,100305,100,100046,1,100412,100,100009,100,100476,100,99962,100,100881,100,99957,100,100997,100,99952,100,100999,100,99944,100,101113,100,99943,100,101223,100,99940,100
2019-06-28 09:52:30.000000000,100148,235,100108,335,100264,231,100100,231,100305,231,100046,132,100412,100,100009,100,100476,100,99962,100,100881,100,99957,100,100997,100,99952,100,100999,100,99944,100,101113,100,99943,100,101223,100,99940,100
2019-06-28 09:52:32.596119770,100148,235,100108,335,100264,231,100100,231,100305,231,100046,132,100412,100,100009,100,100476,100,99962,100,100881,100,99957,100,100997,100,99952,100,100999,100,99944,100,101113,100,99943,100,101223,100,99940,100
2019-06-28 09:52:40.000000000,100148,179,100108,279,100264,179,100100,179,100305,179,100046,80,100412,179,100009,179,100476,179,99962,179,100881,100,99957,100,100997,100,99952,100,100999,100,99944,100,101113,100,99943,100,101223,100,99940,100
2019-06-28 09:52:46.148920291,100148,79,100108,279,100264,179,100100,179,100305,179,100046,80,100412,179,100009,179,100476,179,99962,179,100881,100,99957,100,100997,100,99952,100,100999,100,99944,100,101113,100,99943,100,101223,100,99940,100
2019-06-28 09:52:46.445442413,100148,79,100108,279,100264,179,100100,179,100305,179,100046,80,100412,179,100009,179,100476,179,99962,179,100881,100,99957,100,100999,100,99952,100,101113,100,99944,100,101223,100,99943,100,101230,100,99940,100
2019-06-28 09:52:46.859456061,100148,79,100108,279,100264,179,100100,179,100305,179,100046,80,100412,179,100009,179,100476,179,99962,179,100881,100,99957,100,100999,100,99952,100,101113,100,99944,100,101223,100,99943,100,101230,100,99940,100
2019-06-28 09:52:50.000000000,100264,298,100108,398,100305,298,100100,298,100412,100,100046,1,100476,100,100009,100,100881,100,99962,100,100999,100,99957,100,101113,100,99952,100,101223,100,99944,100,101230,100,99943,100,101235,100,99940,100
2019-06-28 09:52:51.392858415,100264,198,100108,398,100305,298,100100,298,100412,100,100046,1,100476,100,100009,100,100881,100,99962,100,100999,100,99957,100,101113,100,99952,100,101223,100,99944,100,101230,100,99943,100,101235,100,99940,100
2019-06-28 09:52:55.153572478,100264,198,100108,398,100305,298,100100,298,100412,100,100046,1,100476,100,100009,100,100881,100,99962,100,100999,100,99957,100,101113,100,99944,100,101223,100,99943,100,101230,100,99940,100,101235,100,99935,100
2019-06-28 09:53:00.000000000,100305,497,100108,597,100412,100,100100,100,100476,100,100046,1,100881,100,100009,100,100999,100,99962,100,101113,100,99957,100,101223,100,99944,100,101230,100,99943,100,101235,100,99940,100,101357,100,99935,100
2019-06-28 09:53:10.000000000,100305,199,100108,299,100412,199,100100,199,100476,199,100046,100,100881,199,100009,199,100999,100,99962,100,101113,100,99957,100,101223,100,99944,100,101230,100,99943,100,101235,100,99940,100,101357,100,99935,100
2019-06-28 09:53:20.000000000,100305,179,100108,279,100412,179,100100,179,100476,179,100046,80,100881,179,100009,179,100999,179,99962,179,101113,100,99957,100,101223,100,99944,100,101230,100,99943,100,101235,100,99940,100,101357,100,99935,100
2019-06-28 09:53:21.396104457,100305,79,100108,279,100412,179,100100,179,100476,179,100046,80,100881,179,100009,179,100999,179,99962,179,101113,100,99957,100,101223,100,99944,100,101230,100,99943,100,101235,100,99940,100,101357,100,99935,100
2019-06-28 09:53:30.000000000,100412,179,100108,279,100476,179,100100,179,100881,179,100046,80,100999,179,100009,179,101113,179,99962,179,101223,100,99957,100,101230,100,99944,100,101235,100,99943,100,101357,100,99940,100,101627,200,99935,100
2019-06-28 09:53:31.868148601,100412,79,100108,279,100476,179,100100,179,100881,179,100046,80,100999,179,100009,179,101113,179,99962,179,101223,100,99957,100,101230,100,99944,100,101235,100,99943,100,101627,200,99940,100,101697,100,99935,100
2019-06-28 09:53:40.000000000,100476,199,100108,299,100881,199,100100,199,100999,199,100046,100,101113,199,100009,199,101223,100,99962,100,101230,100,99957,100,101235,100,99944,100,101627,200,99943,100,101697,100,99940,100,101809,100,99935,100
2019-06-28 09:53:50.000000000,100476,298,100108,398,100881,298,100100,298,100999,100,100046,1,101113,100,100009,100,101223,100,99962,100,101230,100,99957,100,101235,100,99944,100,101627,200,99943,100,101697,100,99940,100,101809,100,99935,100
2019-06-28 09:54:00.000000000,100476,199,100108,299,100881,199,100100,199,100999,199,100046,100,101113,199,100009,199,101223,100,99962,100,101230,100,99957,100,101235,100,99944,100,101627,200,99943,100,101697,100,99940,100,101809,100,99935,100
2019-06-28 09:54:10.000000000,100476,235,100108,335,100881,231,100100,231,100999,231,100046,132,101113,100,100009,100,101223,100,99962,100,101230,100,99957,100,101235,100,99944,100,101627,200,99943,100,101697,100,99940,100,101809,100,99935,100
2019-06-28 09:54:20.000000000,100476,179,100108,279,100881,179,100100,179,100999,179,100046,80,101113,179,100009,179,101223,179,99962,179,101230,100,99957,100,101235,100,99944,100,101627,200,99943,100,101697,100,99940,100,101809,100,99935,100
2019-06-28 09:54:30.000000000,100476,235,100108,335,100881,231,100100,231,100999,231,100046,132,101113,100,100009,100,101223,100,99962,100,101230,100,99957,100,101235,100,99944,100,101627,200,99943,100,101697,100,99940,100,101809,100,99935,100
2019-06-28 09:54:31.744000723,100476,235,100305,100,100881,231,100108,335,100999,231,100100,231,101113,100,100046,132,101223,100,100009,100,101230,100,99962,100,101235,100,99957,100,101627,200,99944,100,101697,100,99943,100,101809,100,99940,100
2019-06-28 09:54:35.250361468,100476,135,100305,100,100881,231,100108,335,100999,231,100100,231,101113,100,100046,132,101223,100,100009,100,101230,100,99962,100,101235,100,99957,100,101627,200,99944,100,101697,100,99943,100,101809,100,99940,100
2019-06-28 09:54:40.000000000,100881,497,100305,497,100999,100,100108,200,101113,100,100100,100,101223,100,100046,1,101230,100,100009,100,101235,100,99962,100,101627,200,99957,100,101697,100,99944,100,101809,100,99943,100,102009,100,99940,100
2019-06-28 09:54:40.871247004,100881,397,100305,497,100999,100,100108,200,101113,100,100100,100,101223,100,100046,1,101230,100,100009,100,101235,100,99962,100,101627,200,99957,100,101697,100,99944,100,101809,100,99943,100,102009,100,99940,100
2019-06-28 09:54:45.158415425,100881,397,100305,497,100999,100,100108,200,101113,100,100100,100,101223,100,100046,1,101230,100,100009,100,101235,100,99962,100,101627,200,99957,100,101697,100,99944,100,101809,100,99943,100,102009,100,99940,100
2019-06-28 09:54:50.000000000,100999,497,100305,497,101113,100,100108,200,101223,100,100100,100,101230,100,100046,1,101235,100,100009,100,101627,200,99962,100,101697,100,99957,100,101809,100,99944,100,102009,100,99943,100,102567,100,99940,100
2019-06-28 09:55:00.000000000,100999,199,100305,199,101113,199,100108,299,101223,199,100100,199,101230,199,100046,100,101235,100,100009,100,101627,200,99962,100,101697,100,99957,100,101809,100,99944,100,102009,100,99943,100,102567,100,99940,100
2019-06-28 09:55:04.213468119,100999,99,100305,199,101113,199,100108,299,101223,199,100100,199,101230,199,100046,100,101235,100,100009,100,101627,200,99962,100,101697,100,99957,100,101809,100,99944,100,102009,100,99943,100,102567,100,99940,100
2019-06-28 09:55:04.897005686,100999,99,100305,199,101113,199,100108,299,101223,199,100100,199,101230,199,100046,100,101235,100,100009,100,101627,200,99962,100,101697,100,99957,100,101809,100,99944,100,102009,100,99943,100,102555,100,99940,100
2019-06-28 09:55:10.000000000,101113,235,100305,235,101223,231,100108,331,101230,231,100100,231,101235,100,100046,1,101627,200,100009,100,101697,100,99962,100,101809,100,99957,100,102009,100,99944,100,102555,100,99943,100,102567,100,99940,100
2019-06-28 09:55:20.000000000,101113,179,100305,179,101223,179,100108,279,101230,179,100100,179,101235,179,100046,80,101627,279,100009,179,101697,100,99962,100,101809,100,99957,100,102009,100,99944,100,102555,100,99943,100,102567,100,99940,100
2019-06-28 09:55:30.000000000,101113,179,100305,179,101223,179,100108,279,101230,179,100100,179,101235,179,100046,80,101627,279,100009,179,101697,100,99962,100,101809,100,99957,100,102009,100,99944,100,102555,100,99943,100,102567,100,99940,100
2019-06-28 09:55:40.000000000,101113,298,100305,298,101223,298,100108,398,101230,100,100100,100,101235,100,100046,1,101627,200,100009,100,101697,100,99962,100,101809,100,99957,100,102009,100,99944,100,102555,100,99943,100,102567,100,99940,100
2019-06-28 09:55:41.054416751,101113,198,100305,298,101223,298,100108,398,101230,100,100100,100,101235,100,100046,1,101627,200,100009,100,101697,100,99962,100,101809,100,99957,100,102009,100,99944,100,102555,100,99943,100,102567,100,99940,100
2019-06-28 09:55:41.237165094,101113,98,100305,298,101223,298,100108,398,101230,100,100100,100,101235,100,100046,1,101627,200,100009,100,101697,100,99962,100,101809,100,99957,100,102009,100,99944,100,102555,100,99943,100,102567,100,99940,100
2019-06-28 09:55:46.597120964,101113,98,100305,298,101223,298,100108,398,101230,100,100100,100,101235,100,100046,1,101627,200,100009,100,101697,100,99962,100,101809,100,99957,100,102009,100,99944,100,102415,100,99943,100,102555,100,99940,100
2019-06-28 09:55:49.520990128,101113,98,100305,298,101223,298,100108,398,101230,100,100100,100,101235,100,100009,100,101627,200,99962,100,101697,100,99957,100,101809,100,99944,100,102009,100,99943,100,102415,100,99940,100,102495,100,99935,100
2019-06-28 09:55:50.000000000,101223,179,100305,179,101230,179,100108,279,101235,179,100100,179,101627,279,100009,179,101697,179,99962,179,101809,100,99957,100,102009,100,99944,100,102415,100,99943,100,102495,100,99940,100,102555,100,99935,100
2019-06-28 09:56:00.000000000,101223,179,100305,179,101230,179,100108,279,101235,179,100100,179,101627,279,100009,179,101697,179,99962,179,101809,100,99957,100,102009,100,99944,100,102415,100,99943,100,102495,100,99940,100,102555,100,99935,100
2019-06-28 09:56:04.033491429,101223,79,100305,179,101230,179,100108,279,101235,179,100100,179,101627,279,100009,179,101697,179,99962,179,101809,100,99957,100,102009,100,99944,100,102415,100,99943,100,102495,100,99940,100,102555,100,99935,100
2019-06-28 09:56:10.000000000,101230,497,100305,497,101235,100,100108,200,101627,200,100100,100,101697,100,100009,100,101809,100,99962,100,102009,100,99957,100,102415,100,99944,100,102495,100,99943,100,102555,100,99940,100,102567,100,99935,100
2019-06-28 09:56:20.000000000,101230,298,100305,298,101235,298,100108,398,101627,200,100100,100,101697,100,100009,100,101809,100,99962,100,102009,100,99957,100,102415,100,99944,100,102495,100,99943,100,102555,100,99940,100,102567,100,99935,100
2019-06-28 09:56:22.012738222,101230,298,100305,298,101235,298,100108,398,101627,200,100100,100,101697,100,100009,100,101809,100,99962,100,102009,100,99957,100,102355,100,99944,100,102415,100,99943,100,102495,100,99940,100,102555,100,99935,100
2019-06-28 09:56:30.000000000,101230,235,100305,235,101235,231,100108,331,101627,331,100100,231,101697,100,100009,100,101809,100,99962,100,102009,100,99957,100,102355,100,99944,100,102415,100,99943,100,102495,100,99940,100,102555,100,99935,100
2019-06-28 09:56:33.138165610,101230,235,100305,235,101235,231,100108,331,101627,331,100100,231,101697,100,100009,100,101809,100,99962,100,101935,100,99957,100,102009,100,99944,100,102355,100,99943,100,102415,100,99940,100,102495,100,99935,100
2019-06-28 09:56:40.000000000,101230,497,100305,497,101235,100,100108,200,101627,200,100100,100,101697,100,100009,100,101809,100,99962,100,101935,100,99957,100,102009,100,99944,100,102355,100,99943,100,102415,100,99940,100,102495,100,99935,100
2019-06-28 09:56:45.845613230,101230,497,100305,497,101627,200,100108,200,101697,100,100100,100,101809,100,100009,100,101935,100,99962,100,102009,100,99957,100,102050,100,99944,100,102355,100,99943,100,102415,100,99940,100,102495,100,99935,100
2019-06-28 09:56:50.000000000,101230,497,100305,497,101627,200,100108,200,101697,100,100100,100,101809,100,100009,100,101935,100,99962,100,102009,100,99957,100,102050,100,99944,100,102355,100,99943,100,102415,100,99940,100,102495,100,99935,100
2019-06-28 09:56:51.428209693,101230,397,100305,497,101627,200,100108,200,101697,100,100100,100,101809,100,100009,100,101935,100,99962,100,102009,100,99957,100,102050,100,99944,100,102355,100,99943,100,102415,100,99940,100,102495,100,99935,100
2019-06-28 09:56:51.937193447,101230,397,100305,497,101627,200,100108,100,101697,100,100100,100,101809,100,100009,100,101935,100,99962,100,102009,100,99957,100,102050,100,99944,100,102355,100,99943,100,102415,100,99940,100,102495,100,99935,100
2019-06-28 09:56:56.166631573,101230,297,100305,497,101627,200,100108,100,101697,100,100100,100,101809,100,100009,100,101935,100,99962,100,102009,100,99957,100,102050,100,99944,100,102355,100,99943,100,102415,100,99940,100,102495,100,99935,100
2019-06-28 09:57:00.000000000,101627,597,100305,497,101697,100,100108,100,101809,100,100100,100,101935,100,100009,100,102009,100,99962,100,102050,100,99957,100,102355,100,99944,100,102415,100,99943,100,102495,100,99940,100,102555,100,99935,100
2019-06-28 09:57:10.000000000,101627,299,100305,199,101697,199,100108,199,101809,199,100100,199,101935,199,100009,199,102009,100,99962,100,102050,100,99957,100,102355,100,99944,100,102415,100,99943,100,102495,100,99940,100,102555,100,99935,100
2019-06-28 09:57:18.928862357,101627,199,100305,199,101697,199,100108,199,101809,199,100100,199,101935,199,100009,199,102009,100,99962,100,102050,100,99957,100,102355,100,99944,100,102415,100,99943,100,102495,100,99940,100,102555,100,99935,100
2019-06-28 09:57:20.000000000,101627,199,100305,199,101697,199,100108,199,101809,199,100100,199,101935,199,100009,199,102009,100,99962,100,102050,100,99957,100,102355,100,99944,100,102415,100,99943,100,102495,100,99940,100,102555,100,99935,100
2019-06-28 09:57:23.231407057,101627,99,100305,199,101697,199,100108,199,101809,199,100100,199,101935,199,100009,199,102009,100,99962,100,102050,100,99957,100,102355,100,99944,100,102415,100,99943,100,102495,100,99940,100,102555,100,99935,100
2019-06-28 09:57:26.959744145,101627,99,101605,100,101697,199,100305,199,101809,199,100108,199,101935,199,100100,199,102009,100,100009,199,102050,100,99962,100,102355,100,99957,100,102415,100,99944,100,102555,100,99943,100,102567,100,99940,100
2019-06-28 09:57:29.112398977,101627,99,101605,100,101697,199,100305,199,101729,100,100108,199,101809,199,100100,199,101935,199,100009,199,102009,100,99962,100,102050,100,99957,100,102355,100,99944,100,102415,100,99943,100,102555,100,99940,100
2019-06-28 09:57:29.301018885,101627,99,101605,100,101697,199,101535,100,101729,100,100305,199,101809,199,100108,199,101935,199,100100,199,102009,100,100009,199,102050,100,99962,100,102355,100,99957,100,102415,100,99944,100,102555,100,99943,100
2019-06-28 09:57:30.000000000,101697,497,101605,497,101729,100,101535,100,101809,100,100305,100,101935,100,100108,100,102009,100,100100,100,102050,100,100009,100,102355,100,99962,100,102415,100,99957,100,102555,100,99944,100,102567,100,99943,100
2019-06-28 09:57:31.117284355,101637,100,101605,497,101697,497,101535,100,101729,100,100305,100,101809,100,100108,100,101935,100,100100,100,102009,100,100009,100,102050,100,99962,100,102355,100,99957,100,102415,100,99944,100,102555,100,99943,100
2019-06-28 09:57:40.000000000,101637,235,101605,235,101697,231,101535,231,101729,231,100305,231,101809,100,100108,100,101935,100,100100,100,102009,100,100009,100,102050,100,99962,100,102355,100,99957,100,102415,100,99944,100,102555,100,99943,100
2019-06-28 09:57:50.000000000,101637,199,101605,199,101697,199,101535,199,101729,199,100305,199,101809,199,100108,199,101935,100,100100,100,102009,100,100009,100,102050,100,99962,100,102355,100,99957,100,102415,100,99944,100,102555,100,99943,100
2019-06-28 09:57:56.266517891,101637,199,101605,99,101697,199,101535,199,101729,199,100305,199,101809,199,100108,199,101935,100,100100,100,102009,100,100009,100,102050,100,99962,100,102355,100,99957,100,102415,100,99944,100,102555,100,99943,100
2019-06-28 09:58:00.000000000,101637,199,101535,199,101697,199,100305,199,101729,199,100108,199,101809,199,100100,199,101935,100,100009,100,102009,100,99962,100,102050,100,99957,100,102355,100,99944,100,102415,100,99943,100,102555,100,99940,100
2019-06-28 09:58:03.589457281,101637,199,101535,199,101697,199,100305,199,101722,100,100108,199,101729,199,100100,199,101809,99,100009,100,101935,100,99962,100,102009,100,99957,100,102050,100,99944,100,102355,100,99943,100,102415,100,99940,100
2019-06-28 09:58:06.226039473,101637,199,101535,199,101646,100,100305,199,101697,199,100108,199,101722,100,100100,199,101729,199,100009,100,101809,99,99962,100,101935,100,99957,100,102009,100,99944,100,102050,100,99943,100,102355,100,99940,100
2019-06-28 09:58:10.000000000,101637,298,101535,298,101646,298,100305,298,101697,100,100108,100,101722,100,100100,100,101729,100,100009,100,101935,100,99962,100,102009,100,99957,100,102050,100,99944,100,102355,100,99943,100,102415,100,99940,100
2019-06-28 09:58:20.000000000,101637,199,101535,199,101646,199,100305,199,101697,199,100108,199,101722,199,100100,199,101729,100,100009,100,101935,100,99962,100,102009,100,99957,100,102050,100,99944,100,102355,100,99943,100,102415,100,99940,100
2019-06-28 09:58:30.000000000,101637,497,101535,497,101646,100,100305,100,101697,100,100108,100,101722,100,100100,100,101729,100,100009,100,101935,100,99962,100,102009,100,99957,100,102050,100,99944,100,102355,100,99943,100,102415,100,99940,100
2019-06-28 09:58:40.000000000,101637,199,101535,199,101646,199,100305,199,101697,199,100108,199,101722,199,100100,199,101729,100,100009,100,101935,100,99962,100,102009,100,99957,100,102050,100,99944,100,102355,100,99943,100,102415,100,99940,100
2019-06-28 09:58:50.000000000,101637,497,101535,497,101646,100,100305,100,101697,100,100108,100,101722,100,100100,100,101729,100,100009,100,101935,100,99962,100,102009,100,99957,100,102050,100,99944,100,102355,100,99943,100,102415,100,99940,100
2019-06-28 09:59:00.000000000,101637,179,101535,179,101646,179,100305,179,101697,179,100108,179,101722,179,100100,179,101729,179,100009,179,101935,100,99962,100,102009,100,99957,100,102050,100,99944,100,102355,100,99943,100,102415,100,99940,100
2019-06-28 09:59:06.683197034,101626,100,101535,179,101637,179,100305,179,101646,179,100108,179,101697,179,100100,179,101722,179,100009,179,101729,179,99962,100,101935,100,99957,100,102009,100,99944,100,102050,100,99943,100,102355,100,99940,100
2019-06-28 09:59:10.000000000,101626,235,101535,235,101637,231,100305,231,101646,231,100108,231,101697,100,100100,100,101722,100,100009,100,101729,100,99962,100,101935,100,99957,100,102009,100,99944,100,102050,100,99943,100,102355,100,99940,100
2019-06-28 09:59:13.776016669,101626,135,101535,235,101637,231,100305,231,101646,231,100108,231,101697,100,100100,100,101722,100,100009,100,101729,100,99962,100,101935,100,99957,100,102009,100,99944,100,102050,100,99943,100,102355,100,99940,100
2019-06-28 09:59:20.000000000,101637,179,101535,179,101646,179,100305,179,101697,179,100108,179,101722,179,100100,179,101729,179,100009,179,101935,100,99962,100,102009,100,99957,100,102050,100,99944,100,102355,100,99943,100,102415,100,99940,100
2019-06-28 09:59:30.000000000,101637,298,101535,298,101646,298,100305,298,101697,100,100108,100,101722,100,100100,100,101729,100,100009,100,101935,100,99962,100,102009,100,99957,100,102050,100,99944,100,102355,100,99943,100,102415,100,99940,100
2019-06-28 09:59:39.574420705,101637,298,101609,100,101646,298,101535,298,101697,100,100305,298,101722,100,100108,100,101729,100,100100,100,101935,100,100009,100,102009,100,99962,100,102050,100,99957,100,102415,100,99944,100,102567,100,99943,100
2019-06-28 09:59:40.000000000,101637,497,101609,497,101646,100,101535,100,101697,100,100305,100,101722,100,100108,100,101729,100,100100,100,101935,100,100009,100,102009,100,99962,100,102050,100,99957,100,102415,100,99944,100,102567,100,99943,100
2019-06-28 09:59:50.000000000,101637,179,101609,179,101646,179,101535,179,101697,179,100305,179,101722,179,100108,179,101729,179,100100,179,101935,100,100009,100,102009,100,99962,100,102050,100,99957,100,102415,100,99944,100,102567,100,99943,100
2019-06-28 09:59:54.442835628,101637,179,101609,179,101646,179,101535,179,101697,179,101476,100,101722,179,100305,179,101729,179,100108,179,101935,100,100100,179,102009,100,100009,100,102050,100,99962,100,102415,100,99957,100,,,99944,100
2019-06-28 10:00:00.000000000,101637,235,101609,235,101646,231,101535,231,101697,231,101476,231,101722,100,100305,100,101729,100,100108,100,101935,100,100100,100,102009,100,100009,100,102050,100,99962,100,102415,100,99957,100,,,99944,100
2019-06-28 10:00:00.065410449,101637,235,101609,235,101646,231,101535,231,101697,131,101476,231,101722,100,101459,100,101729,100,100305,100,101935,100,100108,100,102009,100,100100,100,102050,100,100009,100,102415,100,99962,100,,,99957,100
2019-06-28 10:00:02.895906577,101637,235,101609,135,101646,231,101535,131,101697,131,101476,231,101722,100,101459,100,101729,100,100305,100,101935,100,100108,100,102009,100,100100,100,102050,100,100009,100,102415,100,99962,100,,,99957,100
2019-06-28 10:00:03.324199861,101637,235,101609,35,101646,231,101535,131,101697,131,101476,231,101722,100,101459,100,101729,100,100305,100,101935,100,100108,100,102009,100,100100,100,102050,100,100009,100,102415,100,99962,100,,,99957,100
2019-06-28 10:00:10.000000000,101637,497,101476,497,101646,100,101459,100,101722,100,100305,100,101729,100,100108,100,101935,100,100100,100,102009,100,100009,100,102050,100,99962,100,102415,100,99957,100,,,99944,100,,,99943,100
2019-06-28 10:00:17.184927467,101637,497,101476,497,101646,100,101459,100,101722,100,100108,100,101729,100,100100,100,101935,100,100009,100,102009,100,99962,100,102050,100,99957,100,102415,100,99944,100,,,99943,100,,,99940,100
2019-06-28 10:00:20.000000000,101637,298,101476,298,101646,298,101459,298,101722,100,100108,100,101729,100,100100,100,101935,100,100009,100,102009,100,99962,100,102050,100,99957,100,102415,100,99944,100,,,99943,100,,,99940,100
2019-06-28 10:00:20.093140712,101637,298,101476,198,101646,298,101459,298,101722,100,100108,100,101729,100,100100,100,101935,100,100009,100,102009,100,99962,100,102050,100,99957,100,102415,100,99944,100,,,99943,100,,,99940,100
2019-06-28 10:00:30.000000000,101637,298,101459,298,101646,298,100108,298,101722,100,100100,100,101729,100,100009,100,101935,100,99962,100,102009,100,99957,100,102050,100,99944,100,102415,100,99943,100,,,99940,100,,,99870,100
2019-06-28 10:00:32.093543019,101609,100,101459,298,101637,298,100108,298,101646,298,100100,100,101722,100,100009,100,101729,100,99962,100,101935,100,99957,100,102009,100,99944,100,102050,100,99943,100,102415,100,99940,100,,,99870,100
2019-06-28 10:00:40.000000000,101609,497,101459,497,101637,100,100108,100,101646,100,100100,100,101722,100,100009,100,101729,100,99962,100,101935,100,99957,100,102009,100,99944,100,102050,100,99943,100,102415,100,99940,100,,,99870,100
2019-06-28 10:00:45.775930036,101609,497,101459,497,101637,100,101210,100,101646,100,100108,100,101722,100,100100,100,101729,100,100009,100,101935,100,99962,100,102009,100,99957,100,102050,100,99944,100,102415,100,99943,100,,,99940,100
2019-06-28 10:00:47.511952629,101609,497,101459,597,101637,100,101210,100,101646,100,100108,100,101722,100,100100,100,101729,100,100009,100,101935,100,99962,100,102009,100,99957,100,102050,100,99944,100,102415,100,99943,100,,,99940,100
2019-06-28 10:00:50.000000000,101609,497,101459,597,101637,100,101210,100,101646,100,100108,100,101722,100,100100,100,101729,100,100009,100,101935,100,99962,100,102009,100,99957,100,102050,100,99944,100,102415,100,99943,100,,,99940,100
2019-06-28 10:00:55.341469227,101609,497,101459,497,101637,100,101210,100,101646,100,100108,100,101729,100,100100,100,101935,100,100009,100,102009,100,99962,100,102050,100,99957,100,102415,100,99944,100,,,99943,100,,,99940,100
2019-06-28 10:01:00.000000000,101609,235,101459,235,101637,231,101210,231,101646,231,100108,231,101729,100,100100,100,101935,100,100009,100,102009,100,99962,100,102050,100,99957,100,102415,100,99944,100,,,99943,100,,,99940,100
2019-06-28 10:01:10.000000000,101609,199,101459,199,101637,199,101210,199,101646,199,100108,199,101729,199,100100,199,101935,100,100009,100,102009,100,99962,100,102050,100,99957,100,102415,100,99944,100,,,99943,100,,,99940,100
2019-06-28 10:01:20.000000000,101609,298,101459,298,101637,298,101210,298,101646,100,100108,100,101729,100,100100,100,101935,100,100009,100,102009,100,99962,100,102050,100,99957,100,102415,100,99944,100,,,99943,100,,,99940,100
2019-06-28 10:01:30.000000000,101609,179,101459,179,101637,179,101210,179,101646,179,100108,179,101729,179,100100,179,101935,179,100009,179,102009,100,99962,100,102050,100,99957,100,102415,100,99944,100,,,99943,100,,,99940,100
2019-06-28 10:01:33.043131545,101609,179,101493,100,101637,179,101459,179,101646,179,101210,179,101729,179,100108,179,101935,179,100100,179,102009,100,100009,179,102050,100,99962,100,102415,100,99957,100,,,99944,100,,,99943,100
2019-06-28 10:01:40.000000000,101609,497,101493,497,101637,100,101459,100,101646,100,101210,100,101729,100,100108,100,101935,100,100100,100,102009,100,100009,100,102050,100,99962,100,102415,100,99957,100,,,99944,100,,,99943,100
2019-06-28 10:01:50.000000000,101609,235,101493,235,101637,231,101459,231,101646,231,101210,231,101729,100,100108,100,101935,100,100100,100,102009,100,100009,100,102050,100,99962,100,102415,100,99957,100,,,99944,100,,,99943,100
2019-06-28 10:01:58.811119773,101609,235,101493,235,101637,231,101459,231,101646,231,101210,231,101729,100,101115,100,101935,100,100108,100,102009,100,100100,100,102050,100,100009,100,102415,100,99962,100,,,99957,100,,,99944,100
2019-06-28 10:02:00.000000000,101609,497,101493,497,101637,100,101459,100,101646,100,101210,100,101729,100,101115,100,101935,100,100108,100,102009,100,100100,100,102050,100,100009,100,102415,100,99962,100,,,99957,100,,,99944,100
2019-06-28 10:02:10.000000000,101609,199,101493,199,101637,199,101459,199,101646,199,101210,199,101729,199,101115,199,101935,100,100108,100,102009,100,100100,100,102050,100,100009,100,102415,100,99962,100,,,99957,100,,,99944,100
2019-06-28 10:02:17.876512787,101609,199,101493,199,101637,199,101459,199,101646,199,101210,199,101729,199,101115,199,101935,100,101090,100,102009,100,100108,100,102050,100,100100,100,102415,100,100009,100,,,99962,100,,,99957,100
2019-06-28 10:02:20.000000000,101609,199,101493,199,101637,199,101459,199,101646,199,101210,199,101729,199,101115,199,101935,100,101090,100,102009,100,100108,100,102050,100,100100,100,102415,100,100009,100,,,99962,100,,,99957,100
2019-06-28 10:02:20.721406171,101609,199,101493,99,101637,199,101459,199,101646,199,101210,199,101729,199,101115,199,101935,100,101090,100,102009,100,100108,100,102050,100,100100,100,102415,100,100009,100,,,99962,100,,,99957,100
2019-06-28 10:02:30.000000000,101609,298,101459,298,101637,298,101210,298,101646,100,101115,100,101729,100,101090,100,101935,100,100108,100,102009,100,100100,100,102050,100,100009,100,102415,100,99962,100,,,99957,100,,,99944,100
2019-06-28 10:02:36.596313625,101493,100,101459,298,101609,298,101210,298,101637,298,101115,100,101646,100,101090,100,101729,100,100108,100,101935,100,100100,100,102009,100,100009,100,102050,100,99962,100,102415,100,99957,100,,,99944,100
2019-06-28 10:02:40.000000000,101493,298,101459,298,101609,298,101210,298,101637,100,101115,100,101646,100,101090,100,101729,100,100108,100,101935,100,100100,100,102009,100,100009,100,102050,100,99962,100,102415,100,99957,100,,,99944,100
2019-06-28 10:02:50.000000000,101493,199,101459,199,101609,199,101210,199,101637,199,101115,199,101646,199,101090,199,101729,100,100108,100,101935,100,100100,100,102009,100,100009,100,102050,100,99962,100,102415,100,99957,100,,,99944,100
2019-06-28 10:02:55.153443048,101493,199,101459,99,101609,199,101210,199,101637,199,101115,199,101646,199,101090,199,101729,100,100108,100,101935,100,100100,100,102009,100,100009,100,102050,100,99962,100,102415,100,99957,100,,,99944,100
2019-06-28 10:02:57.812292807,101459,1,101210,199,101493,199,101115,199,101609,199,101090,199,101637,199,100108,100,101646,199,100100,100,101729,100,100009,100,102009,100,99962,100,102050,100,99957,100,102415,100,99944,100,,,99943,100
2019-06-28 10:03:00.000000000,101459,80,101210,179,101493,179,101115,179,101609,179,101090,179,101637,179,100108,179,101646,179,100100,179,101729,100,100009,100,102009,100,99962,100,102050,100,99957,100,102415,100,99944,100,,,99943,100
2019-06-28 10:03:10.000000000,101459,80,101210,179,101493,179,101115,179,101609,179,101090,179,101637,179,100108,179,101646,179,100100,179,101729,100,100009,100,102009,100,99962,100,102050,100,99957,100,102415,100,99944,100,,,99943,100
2019-06-28 10:03:20.000000000,101459,398,101210,497,101493,100,101115,100,101609,100,101090,100,101637,100,100108,100,101646,100,100100,100,101729,100,100009,100,102009,100,99962,100,102050,100,99957,100,102415,100,99944,100,,,99943,100
2019-06-28 10:03:30.000000000,101459,136,101210,235,101493,231,101115,231,101609,231,101090,231,101637,100,100108,100,101646,100,100100,100,101729,100,100009,100,102009,100,99962,100,102050,100,99957,100,102415,100,99944,100,,,99943,100
2019-06-28 10:03:40.000000000,101459,100,101210,199,101493,199,101115,199,101609,199,101090,199,101637,199,100108,199,101646,100,100100,100,101729,100,100009,100,102009,100,99962,100,102050,100,99957,100,102415,100,99944,100,,,99943,100
2019-06-28 10:03:42.025244002,101459,100,101210,99,101493,199,101115,199,101609,199,101090,199,101637,199,100108,199,101646,100,100100,100,101729,100,100009,100,102009,100,99962,100,102050,100,99957,100,102415,100,99944,100,,,99943,100
2019-06-28 10:03:43.871712983,101458,100,101210,99,101459,100,101115,199,101493,199,101090,199,101609,199,100108,199,101637,199,100100,100,101646,100,100009,100,101729,100,99962,100,102009,100,99957,100,102050,100,99944,100,102415,100,99943,100
2019-06-28 10:03:49.430121183,101210,1,101115,199,101458,100,101090,199,101459,100,100108,199,101493,199,100100,100,101609,199,100009,100,101637,199,99962,100,101646,100,99957,100,101729,100,99944,100,102009,100,99943,100,102050,100,99870,100
2019-06-28 10:03:50.000000000,101210,136,101115,235,101458,231,101090,231,101459,132,100108,231,101493,100,100100,100,101609,100,100009,100,101637,100,99962,100,101646,100,99957,100,101729,100,99944,100,102009,100,99943,100,102050,100,99870,100
2019-06-28 10:03:50.812043130,101210,135,101115,235,101458,231,101090,231,101459,132,100895,100,101493,100,100108,231,101609,100,100100,100,101637,100,100009,100,101646,100,99962,100,101729,100,99957,100,102009,100,99944,100,102050,100,99943,100
2019-06-28 10:04:00.000000000,101458,179,101115,179,101459,80,101090,179,101493,179,100895,179,101609,179,100108,179,101637,179,100100,179,101646,100,100009,100,101729,100,99962,100,102009,100,99957,100,102050,100,99944,100,102415,100,99943,100
2019-06-28 10:04:04.071187426,101458,179,101115,79,101459,80,101090,179,101493,179,100895,179,101609,179,100108,179,101637,179,100100,179,101646,100,100009,100,101729,100,99962,100,102009,100,99957,100,102050,100,99944,100,102415,100,99943,100
2019-06-28 10:04:07.917373860,101115,21,101090,179,101458,179,100895,179,101459,80,100108,179,101493,179,100100,179,101609,179,100009,100,101637,179,99962,100,101646,100,99957,100,101729,100,99944,100,102009,100,99943,100,102050,100,99870,100
2019-06-28 10:04:10.000000000,101115,120,101090,199,101458,199,100895,199,101459,100,100108,199,101493,199,100100,199,101609,100,100009,100,101637,100,99962,100,101646,100,99957,100,101729,100,99944,100,102009,100,99943,100,102050,100,99870,100
2019-06-28 10:04:17.544642536,101115,220,101090,199,101458,199,100895,199,101459,100,100108,199,101493,199,100100,199,101609,100,100009,100,101637,100,99962,100,101646,100,99957,100,101729,100,99944,100,102009,100,99943,100,102050,100,99870,100
2019-06-28 10:04:18.466834292,101115,320,101090,199,101458,199,100895,199,101459,100,100108,199,101493,199,100100,99,101609,100,100009,100,101637,100,99962,100,101646,100,99957,100,101729,100,99944,100,102009,100,99943,100,102050,100,99870,100
2019-06-28 10:04:20.000000000,101115,618,101090,497,101458,100,100895,100,101459,1,100108,100,101493,100,100009,100,101609,100,99962,100,101637,100,99957,100,101646,100,99944,100,101729,100,99943,100,102009,100,99870,100,102050,100,99829,100
2019-06-28 10:04:20.056487507,101115,618,101090,497,101458,100,100895,100,101459,1,100108,100,101609,100,100009,100,101637,100,99962,100,101646,100,99957,100,101729,100,99944,100,102009,100,99943,100,102050,100,99870,100,102415,100,99829,100
2019-06-28 10:04:30.000000000,101115,300,101090,179,101458,179,100895,179,101459,80,100108,179,101609,179,100009,179,101637,179,99962,179,101646,100,99957,100,101729,100,99944,100,102009,100,99943,100,102050,100,99870,100,102415,100,99829,100
2019-06-28 10:04:40.000000000,101115,356,101090,235,101458,231,100895,231,101459,132,100108,231,101609,100,100009,100,101637,100,99962,100,101646,100,99957,100,101729,100,99944,100,102009,100,99943,100,102050,100,99870,100,102415,100,99829,100
2019-06-28 10:04:50.000000000,101115,618,101090,497,101458,100,100895,100,101459,1,100108,100,101609,100,100009,100,101637,100,99962,100,101646,100,99957,100,101729,100,99944,100,102009,100,99943,100,102050,100,99870,100,102415,100,99829,100
2019-06-28 10:05:00.000000000,101115,300,101090,179,101458,179,100895,179,101459,80,100108,179,101609,179,100009,179,101637,179,99962,179,101646,100,99957,100,101729,100,99944,100,102009,100,99943,100,102050,100,99870,100,102415,100,99829,100
2019-06-28 10:05:05.074624023,101115,200,101090,179,101458,179,100895,179,101459,80,100108,179,101609,179,100009,179,101637,79,99962,179,101646,100,99957,100,101729,100,99944,100,102009,100,99943,100,102050,100,99870,100,102415,100,99829,100
2019-06-28 10:05:10.000000000,101115,256,101090,235,101458,231,100895,231,101459,132,100108,231,101609,100,100009,100,101646,100,99962,100,101729,100,99957,100,102009,100,99944,100,102050,100,99943,100,102415,100,99870,100,,,99829,100
2019-06-28 10:05:18.746416926,101115,156,101090,235,101458,231,100895,231,101459,132,100108,231,101609,100,100009,100,101646,100,99962,100,101729,100,99957,100,102009,100,99944,100,102050,100,99943,100,102415,100,99870,100,,,99829,100
2019-06-28 10:05:20.000000000,101115,418,101090,497,101458,100,100895,100,101459,1,100108,100,101609,100,100009,100,101646,100,99962,100,101729,100,99957,100,102009,100,99944,100,102050,100,99943,100,102415,100,99870,100,,,99829,100
2019-06-28 10:05:22.444070486,101115,318,101090,497,101458,100,100895,100,101459,1,100108,100,101609,100,100009,100,101646,100,99962,100,101729,100,99957,100,102009,100,99944,100,102050,100,99943,100,102415,100,99870,100,,,99829,100
2019-06-28 10:05:30.000000000,101458,199,101090,199,101459,100,100895,199,101609,199,100108,199,101646,199,100009,199,101729,100,99962,100,102009,100,99957,100,102050,100,99944,100,102415,100,99943,100,,,99870,100,,,99829,100
2019-06-28 10:05:30.599567065,101458,199,101090,199,101459,100,101032,100,101609,199,100895,199,101646,199,100108,199,102009,100,100009,199,102050,100,99962,100,102415,100,99957,100,,,99944,100,,,99943,100,,,99870,100
2019-06-28 10:05:40.000000000,101458,179,101090,179,101459,80,101032,179,101609,179,100895,179,101646,179,100108,179,102009,179,100009,179,102050,100,99962,100,102415,100,99957,100,,,99944,100,,,99943,100,,,99870,100
