,ask_price_1,ask_size_1,bid_price_1,bid_size_1,ask_price_2,ask_size_2,bid_price_2,bid_size_2,ask_price_3,ask_size_3,bid_price_3,bid_size_3,ask_price_4,ask_size_4,bid_price_4,bid_size_4,ask_price_5,ask_size_5,bid_price_5,bid_size_5,ask_price_6,ask_size_6,bid_price_6,bid_size_6,ask_price_7,ask_size_7,bid_price_7,bid_size_7,ask_price_8,ask_size_8,bid_price_8,bid_size_8,ask_price_9,ask_size_9,bid_price_9,bid_size_9,ask_price_10,ask_size_10,bid_price_10,bid_size_10
2019-06-28 09:30:00.000000003,100072,100,99878,100,100154,100,,,,,,,,,,,,,,,,,,,,,,,,,,,,,,,,,,
2019-06-28 09:30:00.000000005,100055,100,99878,100,100072,100,,,100154,100,,,,,,,,,,,,,,,,,,,,,,,,,,,,,,
2019-06-28 09:30:00.000000006,100036,100,99878,100,100055,100,,,100072,100,,,100154,100,,,,,,,,,,,,,,,,,,,,,,,,,,
2019-06-28 09:30:00.000000007,100036,100,99892,100,100055,100,99878,100,100072,100,,,100154,100,,,,,,,,,,,,,,,,,,,,,,,,,,
2019-06-28 09:30:00.000000008,100036,100,99960,100,100055,100,99892,100,100065,100,99878,100,100072,100,,,100154,100,,,,,,,,,,,,,,,,,,,,,,
2019-06-28 09:30:00.000000011,99975,100,99960,100,100036,100,99892,100,100055,100,99878,100,100062,100,99815,100,100065,100,,,100072,100,,,100154,100,,,,,,,,,,,,,,
2019-06-28 09:30:00.000000012,99975,100,99892,100,100036,100,99878,100,100055,100,99815,100,100062,100,,,100065,100,,,100072,100,,,100154,100,,,,,,,,,,,,,,
2019-06-28 09:30:00.000000014,99975,100,99892,100,100024,100,99878,100,100036,100,99815,100,100055,100,,,100062,100,,,100065,100,,,100072,100,,,100154,100,,,,,,,,,,
2019-06-28 09:30:00.000000015,99975,100,99892,100,100024,100,99878,100,100036,100,99815,100,100055,100,,,100062,100,,,100065,100,,,100072,100,,,100089,100,,,100154,100,,,,,,
2019-06-28 09:30:00.000000016,100024,100,99892,100,100036,100,99878,100,100055,100,99815,100,100062,100,,,100065,100,,,100072,100,,,100089,100,,,100154,100,,,,,,,,,,
2019-06-28 09:30:00.000000017,100024,100,99960,100,100036,100,99892,100,100055,100,99878,100,100062,100,99815,100,100065,100,,,100072,100,,,100089,100,,,100154,100,,,,,,,,,,
2019-06-28 09:30:00.000000018,100024,100,99960,100,100036,100,99936,100,100055,100,99922,100,100062,100,99892,100,100065,100,99878,100,100072,100,99862,100,100089,100,99815,100,100154,100,,,,,,,,,,
2019-06-28 09:30:00.000000020,100024,200,99960,200,100036,100,99936,100,100055,100,99922,100,100062,100,99892,100,100065,100,99878,100,100072,100,99862,100,100089,100,99815,100,100106,100,,,100154,100,,,,,,
2019-06-28 09:30:00.000000021,100024,200,99960,200,100036,100,99936,100,100042,100,99922,100,100055,100,99892,100,100062,100,99878,100,100065,100,99862,100,100072,100,99815,100,100089,100,,,100106,100,,,100154,100,,
2019-06-28 09:30:00.000000023,100024,200,99960,200,100036,100,99936,100,100042,100,99922,100,100055,100,99916,100,100062,100,99892,100,100065,100,99878,100,100072,100,99862,100,100089,100,99815,100,100106,100,,,100154,100,,
2019-06-28 09:30:00.000000026,99975,100,99960,200,100024,200,99936,100,100036,100,99922,100,100042,100,99916,100,100055,100,99892,100,100062,100,99878,100,100065,100,99862,100,100072,100,99815,100,100089,100,,,100106,100,,
2019-06-28 09:30:00.000000027,99975,100,99960,300,100024,200,99936,100,100036,100,99922,100,100042,100,99916,100,100055,100,99892,100,100062,100,99878,100,100065,100,99862,100,100072,100,99815,100,100089,100,,,100106,100,,
2019-06-28 09:30:00.000000030,99975,100,99960,400,100024,200,99936,100,100036,100,99922,100,100042,100,99916,100,100055,100,99892,100,100062,100,99878,100,100065,100,99862,100,100072,100,99815,100,100089,100,,,100106,100,,
2019-06-28 09:30:00.000000031,99975,100,99960,500,100024,200,99936,100,100036,100,99922,100,100042,100,99916,100,100055,100,99892,100,100062,100,99878,100,100065,100,99862,100,100070,100,99815,100,100072,100,,,100089,100,,
2019-06-28 09:30:00.000000032,99975,100,99960,500,100024,200,99936,100,100036,100,99922,100,100042,100,99916,100,100055,100,99892,100,100062,100,99878,100,100065,100,99862,100,100070,100,99815,100,100072,100,,,100089,100,,
2019-06-28 09:30:00.000000033,99975,100,99960,500,100024,200,99936,100,100036,100,99922,100,100042,100,99916,100,100055,100,99893,100,100062,100,99892,100,100065,100,99878,100,100070,100,99862,100,100072,100,99815,100,100089,100,,
2019-06-28 09:30:00.000000034,100024,200,99960,500,100036,100,99936,100,100042,100,99922,100,100055,100,99916,100,100062,100,99893,100,100065,100,99892,100,100070,100,99878,100,100072,100,99862,100,100082,100,99815,100,100089,100,,
2019-06-28 09:30:00.000000037,100024,200,99960,500,100036,100,99956,100,100042,100,99936,100,100055,100,99922,100,100062,100,99916,100,100065,100,99893,100,100070,100,99892,100,100072,100,99878,100,100082,100,99862,100,100089,100,99815,100
2019-06-28 09:30:00.000000041,100024,200,100014,100,100036,100,99960,500,100042,100,99956,100,100055,100,99936,100,100062,100,99922,100,100065,100,99916,100,100070,100,99893,100,100072,100,99892,100,100082,100,99878,100,100089,100,99862,100
2019-06-28 09:30:00.000000042,100024,200,100014,100,100036,100,99960,500,100042,100,99956,100,100047,100,99936,100,100055,100,99922,100,100062,100,99916,100,100065,100,99893,100,100070,100,99892,100,100072,100,99878,100,100082,100,99862,100
2019-06-28 09:30:00.000000046,100024,200,99960,500,100036,100,99956,100,100042,100,99936,100,100047,100,99922,100,100055,100,99916,100,100062,100,99903,100,100065,100,99893,100,100070,100,99892,100,100072,100,99878,100,100082,100,99862,100
2019-06-28 09:30:00.000000047,100024,200,99960,500,100034,100,99956,100,100036,100,99936,100,100042,100,99922,100,100047,100,99916,100,100055,100,99903,100,100062,100,99893,100,100065,100,99892,100,100070,100,99878,100,100072,100,99862,100
2019-06-28 09:30:00.000000051,100024,200,99960,500,100034,100,99956,100,100036,100,99936,100,100042,100,99922,100,100047,100,99916,100,100055,100,99903,100,100062,100,99893,100,100065,100,99892,100,100070,100,99878,100,100072,100,99862,100
2019-06-28 09:30:00.000000060,100024,200,99960,500,100034,100,99956,100,100036,100,99936,100,100042,100,99922,100,100047,100,99916,100,100055,100,99903,100,100062,100,99893,100,100065,100,99892,100,100070,100,99878,100,100072,100,99862,100
2019-06-28 09:30:00.000000063,100024,200,99960,500,100034,100,99956,100,100036,100,99936,100,100042,100,99922,100,100047,100,99916,100,100055,100,99903,100,100062,100,99893,100,100065,100,99892,100,100070,100,99878,100,100072,100,99862,100
2019-06-28 09:30:00.000000064,100023,100,99960,500,100024,100,99956,100,100034,100,99936,100,100036,100,99922,100,100042,100,99916,100,100044,100,99903,100,100047,100,99893,100,100055,100,99892,100,100062,100,99878,100,100065,100,99862,100
2019-06-28 09:30:00.000000066,100023,100,100014,100,100024,100,99960,500,100034,100,99956,100,100036,100,99936,100,100042,100,99922,100,100044,100,99916,100,100047,100,99903,100,100055,100,99893,100,100062,100,99892,100,100065,100,99878,100
2019-06-28 09:30:00.000000071,100023,100,100014,100,100024,100,99960,500,100034,100,99956,100,100036,100,99936,100,100042,100,99922,100,100044,100,99916,100,100047,100,99903,100,100055,200,99893,100,100062,100,99892,100,100065,100,99878,100
2019-06-28 09:30:00.000000072,100023,100,100014,100,100024,100,99960,500,100034,100,99956,100,100036,100,99936,100,100042,100,99922,100,100044,100,99916,100,100047,100,99903,100,100055,200,99893,100,100062,100,99892,100,100065,100,99878,100
2019-06-28 09:30:00.000000077,100023,100,100014,100,100024,100,99960,500,100034,100,99956,100,100036,100,99936,100,100042,100,99922,100,100044,100,99916,100,100047,100,99903,100,100055,200,99893,100,100062,100,99892,100,100065,100,99878,100
2019-06-28 09:30:00.000000078,100023,100,100014,100,100024,200,99960,500,100034,100,99956,100,100036,100,99936,100,100042,100,99922,100,100044,100,99916,100,100047,100,99903,100,100055,200,99893,100,100062,100,99892,100,100065,100,99878,100
2019-06-28 09:30:00.000000081,100023,100,100014,100,100024,200,99960,500,100034,100,99956,100,100036,100,99936,100,100042,100,99922,100,100044,100,99916,100,100047,100,99903,100,100055,200,99893,100,100062,100,99892,100,100065,100,99878,100
2019-06-28 09:30:00.000000083,100023,100,100014,100,100024,200,99960,500,100034,100,99956,100,100036,100,99936,100,100042,100,99922,100,100044,100,99916,100,100047,100,99903,100,100055,200,99893,100,100062,100,99892,100,100065,100,99878,100
2019-06-28 09:30:00.000000087,100023,100,99960,500,100024,200,99956,100,100034,100,99936,100,100036,100,99922,100,100042,100,99916,100,100044,100,99903,100,100047,100,99893,100,100055,200,99892,100,100062,100,99878,100,100065,100,99862,100
2019-06-28 09:30:00.000000089,99979,100,99960,500,100023,100,99956,100,100024,200,99936,100,100034,100,99922,100,100036,100,99916,100,100042,100,99903,100,100044,100,99893,100,100047,100,99892,100,100055,200,99878,100,100062,100,99862,100
2019-06-28 09:30:00.000000090,99979,100,99968,100,100023,100,99960,500,100024,200,99956,100,100034,100,99936,100,100036,100,99922,100,100042,100,99916,100,100044,100,99903,100,100047,100,99893,100,100055,200,99892,100,100062,100,99878,100
2019-06-28 09:30:00.000000094,99979,100,99968,100,100022,100,99960,500,100023,100,99956,100,100024,200,99936,100,100032,100,99922,100,100034,100,99916,100,100036,100,99903,100,100042,100,99893,100,100044,100,99892,100,100047,100,99878,100
2019-06-28 09:30:00.000000095,99979,100,99968,100,100022,100,99960,500,100023,100,99956,100,100024,200,99936,100,100032,100,99922,100,100034,100,99916,100,100036,100,99903,100,100042,100,99893,100,100044,100,99892,100,100047,100,99878,100
2019-06-28 09:30:00.000000098,99979,100,99968,100,100022,200,99960,500,100023,100,99956,100,100024,200,99936,100,100032,100,99922,100,100034,100,99916,100,100036,100,99903,100,100042,100,99893,100,100044,100,99892,100,100047,100,99878,100
2019-06-28 09:30:00.000000099,99979,100,99968,100,100022,200,99960,500,100023,100,99956,100,100024,200,99936,100,100032,100,99922,100,100034,100,99916,100,100036,100,99903,100,100042,100,99893,100,100044,100,99892,100,100047,100,99878,100
2019-06-28 09:30:05.025278184,99979,100,99968,100,100022,200,99960,500,100023,100,99956,100,100024,200,99936,100,100032,100,99922,100,100034,100,99916,100,100036,100,99903,100,100042,100,99893,100,100044,100,99892,100,100047,100,99878,100
2019-06-28 09:30:06.583533693,99979,100,99968,100,100022,200,99960,500,100023,100,99956,100,100024,100,99936,100,100032,100,99922,100,100034,100,99916,100,100036,100,99903,100,100040,100,99893,100,100042,100,99892,100,100044,100,99878,100
2019-06-28 09:30:10.000000000,99979,222,99968,222,100022,322,99960,622,100023,222,99956,222,100024,222,99936,222,100032,100,99922,100,100034,100,99916,100,100036,100,99903,100,100040,100,99893,100,100042,100,99892,100,100044,100,99878,100
2019-06-28 09:30:12.726486802,99979,222,99968,222,100022,322,99960,522,100023,222,99956,222,100024,222,99936,222,100032,100,99922,100,100034,100,99916,100,100036,100,99903,100,100040,100,99893,100,100042,100,99892,100,100044,100,99878,100
2019-06-28 09:30:20.000000000,99979,265,99968,265,100022,360,99960,560,100023,260,99956,260,100024,100,99936,100,100032,100,99922,100,100034,100,99916,100,100036,100,99903,100,100040,100,99893,100,100042,100,99892,100,100044,100,99878,100
2019-06-28 09:30:22.699997997,99979,265,99968,265,100022,360,99960,460,100023,260,99956,260,100024,100,99936,100,100032,100,99922,100,100034,100,99916,100,100036,100,99903,100,100040,100,99893,100,100042,100,99892,100,100044,100,99878,100
2019-06-28 09:30:24.626429937,99979,265,99968,265,100022,360,99960,360,100023,260,99956,260,100024,100,99936,100,100032,100,99922,100,100034,100,99916,100,100036,100,99903,100,100040,100,99893,100,100042,100,99892,100,100044,100,99878,100
2019-06-28 09:30:30.000000000,99979,586,99968,586,100022,200,99960,200,100023,100,99956,100,100024,100,99936,100,100032,100,99922,100,100034,100,99916,100,100036,100,99903,100,100040,100,99893,100,100042,100,99892,100,100044,100,99878,100
2019-06-28 09:30:40.000000000,99979,222,99968,222,100022,322,99960,322,100023,222,99956,222,100024,222,99936,222,100032,100,99922,100,100034,100,99916,100,100036,100,99903,100,100040,100,99893,100,100042,100,99892,100,100044,100,99878,100
2019-06-28 09:30:50.000000000,99979,197,99968,197,100022,297,99960,297,100023,197,99956,197,100024,197,99936,197,100032,197,99922,197,100034,100,99916,100,100036,100,99903,100,100040,100,99893,100,100042,100,99892,100,100044,100,99878,100
2019-06-28 09:30:58.668160722,99979,197,99968,97,100022,297,99960,297,100023,197,99956,197,100024,197,99936,197,100032,197,99922,197,100034,100,99916,100,100036,100,99903,100,100040,100,99893,100,100042,100,99892,100,100044,100,99878,100
2019-06-28 09:31:00.000000000,99979,343,99960,443,100022,443,99956,343,100023,100,99936,100,100024,100,99922,100,100032,100,99916,100,100034,100,99903,100,100036,100,99893,100,100040,100,99892,100,100042,100,99878,100,100044,100,99869,100
2019-06-28 09:31:10.000000000,99979,222,99960,322,100022,322,99956,222,100023,222,99936,222,100024,222,99922,222,100032,100,99916,100,100034,100,99903,100,100036,100,99893,100,100040,100,99892,100,100042,100,99878,100,100044,100,99869,100
2019-06-28 09:31:20.000000000,99979,586,99960,686,100022,200,99956,100,100023,100,99936,100,100024,100,99922,100,100032,100,99916,100,100034,100,99903,100,100036,100,99893,100,100040,100,99892,100,100042,100,99878,100,100044,100,99869,100
2019-06-28 09:31:30.000000000,99979,343,99960,443,100022,443,99956,343,100023,100,99936,100,100024,100,99922,100,100032,100,99916,100,100034,100,99903,100,100036,100,99893,100,100040,100,99892,100,100042,100,99878,100,100044,100,99869,100
2019-06-28 09:31:33.394320877,99979,343,99960,443,100022,443,99956,343,100023,100,99936,100,100024,100,99922,100,100032,100,99916,100,100034,100,99903,100,100036,100,99893,100,100040,100,99892,100,100042,100,99878,100,100044,100,99869,100
2019-06-28 09:31:37.285917638,99979,343,99960,343,100022,443,99956,343,100023,100,99936,100,100024,100,99922,100,100032,100,99916,100,100034,100,99903,100,100036,100,99893,100,100040,100,99892,100,100042,100,99878,100,100044,100,99869,100
2019-06-28 09:31:40.000000000,99979,222,99960,222,100022,322,99956,222,100023,222,99936,222,100024,222,99922,222,100032,100,99916,100,100034,100,99903,100,100036,100,99893,100,100040,100,99892,100,100042,100,99878,100,100044,100,99869,100
2019-06-28 09:31:50.000000000,99979,265,99960,265,100022,360,99956,260,100023,260,99936,260,100024,100,99922,100,100032,100,99916,100,100034,100,99903,100,100036,100,99893,100,100040,100,99892,100,100042,100,99878,100,100044,100,99869,100
2019-06-28 09:32:00.000000000,99979,197,99960,197,100022,297,99956,197,100023,197,99936,197,100024,197,99922,197,100032,197,99916,197,100034,100,99903,100,100036,100,99893,100,100040,100,99892,100,100042,100,99878,100,100044,100,99869,100
2019-06-28 09:32:07.387144008,99979,197,99960,197,100022,297,99956,197,100023,197,99936,197,100024,197,99922,197,100032,197,99916,197,100034,100,99903,100,100036,100,99893,100,100040,100,99892,100,100042,100,99878,100,100044,100,99869,100
2019-06-28 09:32:07.754972965,99968,100,99960,197,99979,197,99956,197,100022,297,99936,197,100023,197,99922,197,100024,197,99916,197,100032,197,99903,100,100034,100,99893,100,100036,100,99892,100,100040,100,99869,100,100042,100,99862,100
2019-06-28 09:32:10.000000000,99968,265,99960,265,99979,260,99956,260,100022,360,99936,260,100023,100,99922,100,100024,100,99916,100,100032,100,99903,100,100034,100,99893,100,100036,100,99892,100,100040,100,99869,100,100042,100,99862,100
2019-06-28 09:32:20.000000000,99968,265,99960,265,99979,260,99956,260,100022,360,99936,260,100023,100,99922,100,100024,100,99916,100,100032,100,99903,100,100034,100,99893,100,100036,100,99892,100,100040,100,99869,100,100042,100,99862,100
2019-06-28 09:32:29.311005271,99968,265,99960,265,99979,260,99956,260,100022,360,99936,260,100023,100,99922,100,100024,100,99916,100,100032,100,99903,100,100034,100,99893,100,100036,100,99892,100,100040,100,99869,100,100044,100,99862,100
2019-06-28 09:32:30.000000000,99968,222,99960,222,99979,222,99956,222,100022,322,99936,222,100023,222,99922,222,100024,100,99916,100,100032,100,99903,100,100034,100,99893,100,100036,100,99892,100,100040,100,99869,100,100044,100,99862,100
2019-06-28 09:32:36.370492145,99968,122,99960,222,99979,222,99956,222,100022,322,99936,222,100023,222,99922,222,100024,100,99916,100,100032,100,99903,100,100034,100,99893,100,100036,100,99892,100,100040,100,99869,100,100044,100,99862,100
2019-06-28 09:32:40.000000000,99979,222,99960,222,100022,322,99956,222,100023,222,99936,222,100024,222,99922,222,100032,100,99916,100,100034,100,99903,100,100036,100,99893,100,100040,100,99892,100,100044,100,99869,100,100047,100,99862,100
2019-06-28 09:32:50.000000000,99979,197,99960,197,100022,297,99956,197,100023,197,99936,197,100024,197,99922,197,100032,197,99916,197,100034,100,99903,100,100036,100,99893,100,100040,100,99892,100,100044,100,99869,100,100047,100,99862,100
2019-06-28 09:32:52.891897222,99979,197,99960,97,100022,297,99956,197,100023,197,99936,197,100024,197,99922,197,100032,197,99916,97,100034,100,99903,100,100036,100,99893,100,100040,100,99892,100,100044,100,99869,100,100047,100,99862,100
2019-06-28 09:33:00.000000000,99979,586,99956,586,100022,200,99936,100,100023,100,99922,100,100024,100,99903,100,100032,100,99893,100,100034,100,99892,100,100036,100,99869,100,100040,100,99862,100,100044,100,99841,100,100047,100,99815,100
2019-06-28 09:33:10.000000000,99979,586,99956,586,100022,200,99936,100,100023,100,99922,100,100024,100,99903,100,100032,100,99893,100,100034,100,99892,100,100036,100,99869,100,100040,100,99862,100,100044,100,99841,100,100047,100,99815,100
2019-06-28 09:33:10.008437130,99979,486,99956,586,100022,200,99936,100,100023,100,99922,100,100024,100,99903,100,100032,100,99893,100,100034,100,99892,100,100036,100,99869,100,100040,100,99862,100,100044,100,99841,100,100047,100,99815,100
2019-06-28 09:33:18.801412202,99979,486,99956,586,100022,200,99936,100,100023,100,99922,100,100024,100,99903,100,100032,100,99893,100,100034,100,99892,100,100036,100,99869,100,100040,100,99862,100,100044,100,99841,100,100047,100,99818,100
2019-06-28 09:33:20.000000000,100022,297,99956,197,100023,197,99936,197,100024,197,99922,197,100032,197,99903,197,100034,197,99893,197,100036,100,99892,100,100040,100,99869,100,100044,100,99862,100,100047,100,99841,100,100055,200,99818,100
2019-06-28 09:33:30.000000000,100022,297,99956,197,100023,197,99936,197,100024,197,99922,197,100032,197,99903,197,100034,197,99893,197,100036,100,99892,100,100040,100,99869,100,100044,100,99862,100,100047,100,99841,100,100055,200,99818,100
2019-06-28 09:33:40.000000000,100022,686,99956,586,100023,100,99936,100,100024,100,99922,100,100032,100,99903,100,100034,100,99893,100,100036,100,99892,100,100040,100,99869,100,100044,100,99862,100,100047,100,99841,100,100055,200,99818,100
2019-06-28 09:33:45.227815422,100022,686,99956,586,100023,100,99936,100,100024,100,99922,100,100032,100,99903,100,100034,100,99893,100,100036,100,99892,100,100040,100,99869,100,100047,100,99862,100,100055,200,99841,100,100062,100,99818,100
2019-06-28 09:33:50.000000000,100022,686,99956,586,100023,100,99936,100,100024,100,99922,100,100032,100,99903,100,100034,100,99893,100,100036,100,99892,100,100040,100,99869,100,100047,100,99862,100,100055,200,99841,100,100062,100,99818,100
2019-06-28 09:34:00.000000000,100022,365,99956,265,100023,260,99936,260,100024,260,99922,260,100032,100,99903,100,100034,100,99893,100,100036,100,99892,100,100040,100,99869,100,100047,100,99862,100,100055,200,99841,100,100062,100,99818,100
2019-06-28 09:34:03.988523295,100022,365,99956,165,100023,260,99936,260,100024,260,99922,260,100032,100,99903,100,100034,100,99893,100,100036,100,99892,100,100040,100,99869,100,100047,100,99862,100,100055,200,99841,100,100062,100,99818,100
2019-06-28 09:34:05.788252842,100022,365,99956,165,100023,260,99936,260,100024,260,99922,260,100032,100,99903,100,100034,100,99893,100,100036,100,99892,100,100040,100,99869,100,100047,100,99862,100,100055,200,99841,100,100062,100,99818,100
2019-06-28 09:34:10.000000000,100022,297,99936,197,100023,197,99922,197,100024,197,99903,197,100032,197,99893,197,100034,197,99892,197,100036,100,99869,100,100040,100,99862,100,100047,100,99841,100,100055,200,99818,100,100062,100,99815,100
2019-06-28 09:34:20.000000000,100022,443,99936,343,100023,343,99922,343,100024,100,99903,100,100032,100,99893,100,100034,100,99892,100,100036,100,99869,100,100040,100,99862,100,100047,100,99841,100,100055,200,99818,100,100062,100,99815,100
2019-06-28 09:34:21.598794295,100022,443,99936,243,100023,343,99922,343,100024,100,99903,100,100032,100,99893,100,100034,100,99892,100,100036,100,99869,100,100040,100,99862,100,100047,100,99841,100,100055,200,99818,100,100062,100,99815,100
2019-06-28 09:34:30.000000000,100022,365,99922,265,100023,260,99903,260,100024,260,99893,260,100032,100,99892,100,100034,100,99869,100,100036,100,99862,100,100040,100,99841,100,100047,100,99818,100,100055,200,99815,100,100062,100,99614,100
2019-06-28 09:34:36.199242380,99956,100,99922,265,100022,365,99903,260,100023,260,99893,260,100024,260,99892,100,100032,100,99869,100,100034,100,99862,100,100036,100,99841,100,100040,100,99818,100,100047,100,99815,100,100055,200,99614,100
2019-06-28 09:34:40.000000000,99956,265,99922,265,100022,360,99903,260,100023,260,99893,260,100024,100,99892,100,100032,100,99869,100,100034,100,99862,100,100036,100,99841,100,100040,100,99818,100,100047,100,99815,100,100055,200,99614,100
2019-06-28 09:34:46.494207170,99939,100,99922,265,99956,265,99903,260,100022,360,99893,260,100023,260,99892,100,100024,100,99869,100,100032,100,99862,100,100034,100,99841,100,100036,100,99818,100,100040,100,99815,100,100047,100,99500,100
2019-06-28 09:34:48.962938151,99939,100,99922,165,99956,265,99903,160,100022,360,99893,260,100023,260,99892,100,100024,100,99869,100,100032,100,99862,100,100034,100,99841,100,100036,100,99818,100,100040,100,99815,100,100047,100,99500,100
2019-06-28 09:34:50.000000000,99939,197,99893,197,99956,197,99892,197,100022,297,99869,197,100023,197,99862,197,100024,197,99841,197,100032,100,99818,100,100034,100,99815,100,100036,100,99500,100,100040,100,,,100047,100,,
2019-06-28 09:35:00.000000000,99939,197,99893,197,99956,197,99892,197,100022,297,99869,197,100023,197,99862,197,100024,197,99841,197,100032,100,99818,100,100034,100,99815,100,100036,100,99500,100,100040,100,,,100047,100,,
2019-06-28 09:35:10.000000000,99939,222,99893,222,99956,222,99892,222,100022,322,99869,222,100023,222,99862,222,100024,100,99841,100,100032,100,99818,100,100034,100,99815,100,100036,100,99500,100,100040,100,,,100047,100,,
2019-06-28 09:35:20.000000000,99939,222,99893,222,99956,222,99892,222,100022,322,99869,222,100023,222,99862,222,100024,100,99841,100,100032,100,99818,100,100034,100,99815,100,100036,100,99500,100,100040,100,,,100047,100,,
2019-06-28 09:35:27.940440040,99939,222,99893,122,99956,222,99892,222,100022,322,99869,222,100023,222,99862,222,100024,100,99841,100,100032,100,99818,100,100034,100,99815,100,100036,100,99500,100,100040,100,,,100047,100,,
2019-06-28 09:35:30.000000000,99939,586,99892,586,99956,100,99869,100,100022,200,99862,100,100023,100,99841,100,100024,100,99818,100,100032,100,99815,100,100034,100,99500,100,100036,100,,,100040,100,,,100047,100,,
2019-06-28 09:35:40.000000000,99939,222,99892,222,99956,222,99869,222,100022,322,99862,222,100023,222,99841,222,100024,100,99818,100,100032,100,99815,100,100034,100,99500,100,100036,100,,,100040,100,,,100047,100,,
2019-06-28 09:35:50.000000000,99939,222,99892,222,99956,222,99869,222,100022,322,99862,222,100023,222,99841,222,100024,100,99818,100,100032,100,99815,100,100034,100,99500,100,100036,100,,,100040,100,,,100047,100,,
2019-06-28 09:35:58.813637726,99939,222,99892,222,99956,222,99869,222,100022,322,99862,222,100023,222,99841,222,100024,100,99818,100,100032,100,99815,100,100034,100,99500,100,100036,100,99174,100,100040,100,,,100047,100,,
2019-06-28 09:36:00.000000000,99939,586,99892,586,99956,100,99869,100,100022,200,99862,100,100023,100,99841,100,100024,100,99818,100,100032,100,99815,100,100034,100,99500,100,100036,100,99174,100,100040,100,,,100047,100,,
2019-06-28 09:36:09.451889295,99939,586,99892,586,99956,100,99862,100,100022,200,99841,100,100023,100,99818,100,100024,100,99815,100,100032,100,99500,100,100034,100,99174,100,100036,100,98946,100,100040,100,,,100047,100,,
2019-06-28 09:36:10.000000000,99939,265,99892,265,99956,260,99862,260,100022,360,99841,260,100023,100,99818,100,100024,100,99815,100,100032,100,99500,100,100034,100,99174,100,100036,100,98946,100,100040,100,,,100047,100,,
2019-06-28 09:36:13.652877275,99939,265,99892,165,99956,260,99862,260,100022,360,99841,260,100023,100,99818,100,100024,100,99815,100,100032,100,99500,100,100034,100,99174,100,100036,100,98946,100,100040,100,,,100047,100,,
2019-06-28 09:36:20.000000000,99939,222,99862,222,99956,222,99841,222,100022,322,99818,222,100023,222,99815,222,100024,100,99500,100,100032,100,99174,100,100034,100,98946,100,100036,100,,,100040,100,,,100047,100,,
2019-06-28 09:36:27.664940590,99893,100,99862,222,99939,222,99841,222,99956,222,99818,222,100022,322,99815,222,100023,222,99500,100,100024,100,99174,100,100032,100,98946,100,100034,100,,,100036,100,,,100040,100,,
2019-06-28 09:36:30.000000000,99893,222,99862,222,99939,222,99841,222,99956,222,99818,222,100022,322,99815,222,100023,100,99500,100,100024,100,99174,100,100032,100,98946,100,100034,100,,,100036,100,,,100040,100,,
2019-06-28 09:36:40.000000000,99893,265,99862,265,99939,260,99841,260,99956,260,99818,260,100022,200,99815,100,100023,100,99500,100,100024,100,99174,100,100032,100,98946,100,100034,100,,,100036,100,,,100040,100,,
2019-06-28 09:36:46.496272993,99893,265,99862,165,99939,260,99841,260,99956,260,99818,260,100022,200,99815,100,100023,100,99500,100,100024,100,99174,100,100032,100,98946,100,100034,100,,,100036,100,,,100040,100,,
2019-06-28 09:36:50.000000000,99893,343,99841,343,99939,343,99818,343,99956,100,99815,100,100022,200,99500,100,100023,100,99174,100,100024,100,98946,100,100032,100,,,100034,100,,,100036,100,,,100040,100,,
2019-06-28 09:36:53.173773360,99893,343,99841,243,99939,343,99818,343,99956,100,99815,100,100022,200,99500,100,100023,100,99174,100,100024,100,98946,100,100032,100,,,100034,100,,,100036,100,,,100040,100,,
2019-06-28 09:37:00.000000000,99893,265,99818,265,99939,260,99815,260,99956,260,99500,260,100022,200,99174,100,100023,100,98946,100,100024,100,,,100032,100,,,100034,100,,,100036,100,,,100040,100,,
2019-06-28 09:37:06.071912522,99893,265,99818,165,99939,260,99815,260,99956,260,99500,260,100022,200,99174,100,100023,100,,,100024,100,,,100032,100,,,100034,100,,,100036,100,,,100040,100,,
2019-06-28 09:37:09.241831573,99841,100,99818,165,99893,265,99815,260,99939,260,99500,260,99956,260,99174,100,100022,200,,,100023,100,,,100024,100,,,100032,100,,,100034,100,,,100036,100,,
2019-06-28 09:37:10.000000000,99841,197,99815,197,99893,197,99500,197,99939,197,99174,197,99956,197,99173,97,100022,297,,,100023,100,,,100024,100,,,100032,100,,,100034,100,,,100036,100,,
2019-06-28 09:37:20.000000000,99841,197,99815,197,99893,197,99500,197,99939,197,99174,197,99956,197,99173,97,100022,297,,,100023,100,,,100024,100,,,100032,100,,,100034,100,,,100036,100,,
2019-06-28 09:37:25.314083230,99841,197,99815,97,99893,197,99500,197,99939,197,99174,197,99956,197,99173,97,100022,297,,,100023,100,,,100024,100,,,100032,100,,,100034,100,,,100036,100,,
2019-06-28 09:37:30.000000000,99841,197,99500,197,99893,197,99174,197,99939,197,99173,97,99956,197,,,100022,297,,,100023,100,,,100024,100,,,100032,100,,,100034,100,,,100036,100,,
2019-06-28 09:37:31.761715103,99818,100,99500,197,99841,197,99174,197,99893,197,99173,97,99939,197,,,99956,197,,,100022,297,,,100023,100,,,100024,100,,,100032,100,,,100034,100,,
2019-06-28 09:37:40.000000000,99818,343,99500,343,99841,343,99174,343,99893,100,,,99939,100,,,99956,100,,,100022,200,,,100023,100,,,100024,100,,,100032,100,,,100034,100,,
2019-06-28 09:37:50.000000000,99818,197,99500,197,99841,197,99174,197,99893,197,99173,97,99939,197,,,99956,197,,,100022,200,,,100023,100,,,100024,100,,,100032,100,,,100034,100,,
2019-06-28 09:37:51.016138882,99818,197,99500,197,99841,197,99235,100,99893,197,99174,197,99939,197,99173,97,99956,197,,,100022,200,,,100023,100,,,100024,100,,,100032,100,,,100034,100,,
2019-06-28 09:37:58.286574941,99818,197,99500,97,99841,197,99235,100,99893,197,99174,197,99939,197,99173,97,99956,197,,,100022,200,,,100023,100,,,100024,100,,,100032,100,,,100034,100,,
2019-06-28 09:38:00.000000000,99818,222,99235,222,99841,222,99174,222,99893,222,99173,122,99939,222,,,99956,100,,,100022,200,,,100023,100,,,100024,100,,,100032,100,,,100034,100,,
2019-06-28 09:38:10.000000000,99818,265,99235,265,99841,260,99174,260,99893,260,99173,160,99939,100,,,99956,100,,,100022,200,,,100023,100,,,100024,100,,,100032,100,,,100034,100,,
2019-06-28 09:38:20.000000000,99818,343,99235,343,99841,343,99174,343,99893,100,,,99939,100,,,99956,100,,,100022,200,,,100023,100,,,100024,100,,,100032,100,,,100034,100,,
2019-06-28 09:38:29.963954111,99747,100,99235,343,99818,343,99174,343,99841,343,,,99893,100,,,99939,100,,,99956,100,,,100022,200,,,100023,100,,,100024,100,,,100032,100,,
2019-06-28 09:38:30.000000000,99747,265,99235,265,99818,260,99174,260,99841,260,99173,160,99893,100,,,99939,100,,,99956,100,,,100022,200,,,100023,100,,,100024,100,,,100032,100,,
2019-06-28 09:38:30.118076772,99747,265,99235,265,99818,260,99174,260,99841,260,99173,160,99893,100,,,99939,100,,,100022,200,,,100023,100,,,100024,100,,,100032,100,,,100034,100,,
2019-06-28 09:38:40.000000000,99747,265,99235,265,99818,260,99174,260,99841,260,99173,160,99893,100,,,99939,100,,,100022,200,,,100023,100,,,100024,100,,,100032,100,,,100034,100,,
2019-06-28 09:38:50.000000000,99747,343,99235,343,99818,343,99174,343,99841,100,,,99893,100,,,99939,100,,,100022,200,,,100023,100,,,100024,100,,,100032,100,,,100034,100,,
2019-06-28 09:39:00.000000000,99747,343,99235,343,99818,343,99174,343,99841,100,,,99893,100,,,99939,100,,,100022,200,,,100023,100,,,100024,100,,,100032,100,,,100034,100,,
2019-06-28 09:39:03.351782225,99488,100,99235,343,99747,343,99174,343,99818,343,,,99841,100,,,99893,100,,,99939,100,,,100022,200,,,100023,100,,,100024,100,,,100032,100,,
2019-06-28 09:39:06.995687709,99488,100,99235,343,99654,100,99174,343,99747,343,,,99818,343,,,99841,100,,,99893,100,,,99939,100,,,100022,200,,,100023,100,,,100024,100,,
2019-06-28 09:39:10.000000000,99488,265,99235,265,99654,260,99174,260,99747,260,99173,160,99818,100,,,99841,100,,,99893,100,,,99939,100,,,100022,200,,,100023,100,,,100024,100,,
2019-06-28 09:39:10.060940805,99488,265,99427,100,99654,260,99235,265,99747,260,99174,260,99818,100,99173,160,99841,100,,,99893,100,,,99939,100,,,100022,200,,,100023,100,,,100024,100,,
2019-06-28 09:39:11.503390391,99488,265,99427,100,99593,100,99235,265,99654,160,99174,260,99747,260,99173,160,99818,100,,,99841,100,,,99893,100,,,99939,100,,,100022,200,,,100023,100,,
2019-06-28 09:39:20.000000000,99488,197,99427,197,99593,197,99235,197,99747,197,99174,197,99818,197,99173,97,99841,197,,,99893,100,,,99939,100,,,100022,200,,,100023,100,,,100024,100,,
2019-06-28 09:39:30.000000000,99488,586,99427,586,99593,100,99235,100,99747,100,99174,100,99818,100,,,99841,100,,,99893,100,,,99939,100,,,100022,200,,,100023,100,,,100024,100,,
2019-06-28 09:39:40.000000000,99488,197,99427,197,99593,197,99235,197,99747,197,99174,197,99818,197,99173,97,99841,197,,,99893,100,,,99939,100,,,100022,200,,,100023,100,,,100024,100,,
2019-06-28 09:39:40.600478473,99488,197,99427,197,99593,197,99235,197,99747,197,99174,197,99815,100,99173,97,99818,197,,,99841,197,,,99939,100,,,100022,200,,,100023,100,,,100024,100,,
2019-06-28 09:39:50.000000000,99488,222,99427,222,99593,222,99235,222,99747,222,99174,222,99815,222,99173,122,99818,100,,,99841,100,,,99939,100,,,100022,200,,,100023,100,,,100024,100,,
2019-06-28 09:39:56.999678022,99488,222,99427,222,99593,222,99235,222,99747,222,99174,222,99815,222,99173,122,99818,100,99026,100,99841,100,,,99939,100,,,100022,200,,,100023,100,,,100024,100,,
2019-06-28 09:40:00.000000000,99488,586,99427,586,99593,100,99235,100,99747,100,99174,100,99815,100,99026,100,99818,100,,,99841,100,,,99939,100,,,100022,200,,,100023,100,,,100024,100,,
2019-06-28 09:40:08.407503959,99488,586,99427,486,99593,100,99235,100,99747,100,99174,100,99815,100,99026,100,99818,100,,,99841,100,,,99939,100,,,100022,100,,,100023,100,,,100024,100,,
2019-06-28 09:40:10.000000000,99488,586,99235,586,99593,100,99174,100,99747,100,99026,100,99815,100,,,99818,100,,,99841,100,,,99939,100,,,100022,100,,,100023,100,,,100024,100,,
2019-06-28 09:40:17.618693701,99488,586,99235,586,99593,100,99174,100,99747,100,99026,100,99815,100,,,99818,100,,,99939,100,,,100022,100,,,100023,100,,,100024,100,,,100032,100,,
2019-06-28 09:40:20.000000000,99488,265,99235,265,99593,260,99174,260,99747,260,99026,260,99815,100,,,99818,100,,,99939,100,,,100022,100,,,100023,100,,,100024,100,,,100032,100,,
2019-06-28 09:40:27.042608267,99488,265,99235,165,99593,260,99174,260,99747,260,99026,260,99815,100,,,99818,100,,,99939,100,,,100022,100,,,100023,100,,,100024,100,,,100032,100,,
2019-06-28 09:40:30.000000000,99488,265,99174,265,99593,260,99026,260,99747,260,99025,160,99815,100,,,99818,100,,,99939,100,,,100022,100,,,100023,100,,,100024,100,,,100032,100,,
2019-06-28 09:40:40.000000000,99488,197,99174,197,99593,197,99026,197,99747,197,99025,97,99815,197,,,99818,197,,,99939,100,,,100022,100,,,100023,100,,,100024,100,,,100032,100,,
2019-06-28 09:40:47.850080265,99488,197,99174,97,99593,197,99026,197,99747,197,99025,97,99815,197,,,99818,197,,,99939,100,,,100022,100,,,100023,100,,,100024,100,,,100032,100,,
2019-06-28 09:40:50.000000000,99488,197,99026,197,99593,197,99025,97,99747,197,,,99815,197,,,99818,197,,,99939,100,,,100022,100,,,100023,100,,,100024,100,,,100032,100,,
2019-06-28 09:40:54.423434467,99488,197,99026,197,99593,197,99025,97,99747,197,98917,100,99815,197,,,99818,197,,,99939,100,,,100022,100,,,100024,100,,,100032,100,,,100034,100,,
2019-06-28 09:41:00.000000000,99488,222,99026,222,99593,222,98917,222,99747,222,98916,122,99815,222,,,99818,100,,,99939,100,,,100022,100,,,100024,100,,,100032,100,,,100034,100,,
2019-06-28 09:41:01.411887461,99077,100,99026,222,99488,222,98917,222,99593,222,98916,122,99747,222,,,99815,222,,,99818,100,,,99939,100,,,100022,100,,,100024,100,,,100032,100,,
2019-06-28 09:41:10.000000000,99077,343,99026,343,99488,343,98917,343,99593,100,,,99747,100,,,99815,100,,,99818,100,,,99939,100,,,100022,100,,,100024,100,,,100032,100,,
2019-06-28 09:41:12.096018123,99077,343,99026,343,99376,100,98917,343,99488,343,,,99593,100,,,99747,100,,,99815,100,,,99818,100,,,99939,100,,,100022,100,,,100024,100,,
2019-06-28 09:41:20.000000000,99077,586,99026,586,99376,100,98917,100,99488,100,,,99593,100,,,99747,100,,,99815,100,,,99818,100,,,99939,100,,,100022,100,,,100024,100,,
2019-06-28 09:41:30.000000000,99077,197,99026,197,99376,197,98917,197,99488,197,98916,97,99593,197,,,99747,197,,,99815,100,,,99818,100,,,99939,100,,,100022,100,,,100024,100,,
2019-06-28 09:41:32.499596997,99077,97,99026,197,99376,197,98917,197,99488,197,98916,97,99593,197,,,99747,197,,,99815,100,,,99818,100,,,99939,100,,,100022,100,,,100024,100,,
2019-06-28 09:41:33.119540420,99376,197,99077,3,99488,197,99026,197,99593,197,98917,197,99747,197,98916,97,99815,100,,,99818,100,,,99939,100,,,100022,100,,,100024,100,,,100032,100,,
2019-06-28 09:41:40.000000000,99376,343,99077,246,99488,343,99026,343,99593,100,98917,100,99747,100,,,99815,100,,,99818,100,,,99939,100,,,100022,100,,,100024,100,,,100032,100,,
2019-06-28 09:41:41.198837474,99376,343,99077,346,99488,343,99026,343,99593,100,98917,100,99747,100,,,99815,100,,,99818,100,,,99939,100,,,100022,100,,,100024,100,,,100032,100,,
2019-06-28 09:41:50.000000000,99376,343,99077,346,99488,343,99026,343,99593,100,98917,100,99747,100,,,99815,100,,,99818,100,,,99939,100,,,100022,100,,,100024,100,,,100032,100,,
2019-06-28 09:42:00.000000000,99376,197,99077,200,99488,197,99026,197,99593,197,98917,197,99747,197,98916,97,99815,197,,,99818,100,,,99939,100,,,100022,100,,,100024,100,,,100032,100,,
2019-06-28 09:42:02.860213762,99376,197,99077,200,99441,100,99026,197,99488,197,98917,197,99593,197,98916,97,99747,197,,,99815,197,,,99818,100,,,99939,100,,,100022,100,,,100024,100,,
2019-06-28 09:42:10.000000000,99376,265,99077,268,99441,260,99026,260,99488,260,98917,260,99593,100,,,99747,100,,,99815,100,,,99818,100,,,99939,100,,,100022,100,,,100024,100,,
2019-06-28 09:42:10.373722626,99376,265,99077,268,99441,260,99026,260,99479,100,98917,260,99488,260,,,99593,100,,,99747,100,,,99815,100,,,99818,100,,,99939,100,,,100022,100,,
2019-06-28 09:42:20.000000000,99376,586,99077,589,99441,100,99026,100,99479,100,98917,100,99488,100,,,99593,100,,,99747,100,,,99815,100,,,99818,100,,,99939,100,,,100022,100,,
2019-06-28 09:42:24.918357881,99376,586,99157,100,99441,100,99077,589,99479,100,99026,100,99488,100,98917,100,99593,100,,,99747,100,,,99815,100,,,99818,100,,,99939,100,,,100022,100,,
2019-06-28 09:42:30.000000000,99376,265,99157,265,99441,260,99077,263,99479,260,99026,260,99488,100,98917,100,99593,100,,,99747,100,,,99815,100,,,99818,100,,,99939,100,,,100022,100,,
2019-06-28 09:42:30.589643440,99312,100,99157,265,99376,265,99077,263,99441,260,99026,260,99479,260,98917,100,99488,100,,,99593,100,,,99747,100,,,99815,100,,,99818,100,,,99939,100,,
2019-06-28 09:42:39.861186380,99312,100,99157,265,99376,265,99077,263,99441,260,99026,260,99479,260,98917,100,99488,100,,,99562,100,,,99593,100,,,99815,100,,,99818,100,,,99939,100,,
2019-06-28 09:42:40.000000000,99312,586,99157,586,99376,100,99077,103,99441,100,99026,100,99479,100,98917,100,99488,100,,,99562,100,,,99593,100,,,99815,100,,,99818,100,,,99939,100,,
2019-06-28 09:42:50.000000000,99312,222,99157,222,99376,222,99077,225,99441,222,99026,222,99479,222,98917,222,99488,100,,,99562,100,,,99593,100,,,99815,100,,,99818,100,,,99939,100,,
2019-06-28 09:43:00.000000000,99312,343,99157,343,99376,343,99077,346,99441,100,99026,100,99479,100,98917,100,99488,100,,,99562,100,,,99593,100,,,99815,100,,,99818,100,,,99939,100,,
2019-06-28 09:43:04.772193904,99312,343,99267,100,99376,343,99157,343,99441,100,99077,346,99479,100,99026,100,99488,100,98917,100,99562,100,,,99593,100,,,99815,100,,,99818,100,,,99939,100,,
2019-06-28 09:43:10.000000000,99312,343,99267,343,99376,343,99157,343,99441,100,99077,103,99479,100,99026,100,99488,100,98917,100,99562,100,,,99593,100,,,99815,100,,,99818,100,,,99939,100,,
2019-06-28 09:43:20.000000000,99312,197,99267,197,99376,197,99157,197,99441,197,99077,200,99479,197,99026,197,99488,197,98917,197,99562,100,,,99593,100,,,99815,100,,,99818,100,,,99939,100,,
2019-06-28 09:43:27.752409282,99312,97,99267,197,99376,197,99157,197,99441,197,99077,200,99451,100,99026,197,99479,197,98917,197,99488,197,,,99562,100,,,99593,100,,,99815,100,,,99818,100,,
2019-06-28 09:43:30.000000000,99376,343,99267,343,99441,343,99157,343,99451,100,99077,103,99479,100,99026,100,99488,100,98917,100,99562,100,,,99593,100,,,99815,100,,,99818,100,,,99939,100,,
2019-06-28 09:43:30.322337295,99376,243,99267,343,99441,343,99157,343,99451,100,99077,103,99479,100,99026,100,99488,100,98917,100,99562,100,,,99593,100,,,99815,100,,,99818,100,,,99939,100,,
2019-06-28 09:43:32.305111704,99376,243,99267,343,99441,343,99157,343,99451,100,99077,103,99467,100,99026,100,99479,100,98917,100,99488,100,,,99562,100,,,99593,100,,,99815,100,,,99818,100,,
2019-06-28 09:43:40.000000000,99441,197,99267,197,99451,197,99157,197,99467,197,99077,200,99479,197,99026,197,99488,197,98917,197,99562,100,,,99593,100,,,99815,100,,,99818,100,,,99939,100,,
2019-06-28 09:43:45.842699283,99375,100,99267,197,99441,197,99157,197,99451,197,99077,200,99467,197,99026,197,99479,197,98917,197,99488,197,,,99562,100,,,99593,100,,,99815,100,,,99818,100,,
2019-06-28 09:43:50.000000000,99375,265,99267,265,99441,260,99157,260,99451,260,99077,263,99467,100,99026,100,99479,100,98917,100,99488,100,,,99562,100,,,99593,100,,,99815,100,,,99818,100,,
2019-06-28 09:44:00.000000000,99375,586,99267,586,99441,100,99157,100,99451,100,99077,103,99467,100,99026,100,99479,100,98917,100,99488,100,,,99562,100,,,99593,100,,,99815,100,,,99818,100,,
2019-06-28 09:44:10.000000000,99375,586,99267,586,99441,100,99157,100,99451,100,99077,103,99467,100,99026,100,99479,100,98917,100,99488,100,,,99562,100,,,99593,100,,,99815,100,,,99818,100,,
2019-06-28 09:44:12.459193393,99375,586,99267,586,99441,100,99157,100,99451,100,99087,100,99467,100,99077,103,99479,100,99026,100,99488,100,98917,100,99562,100,,,99593,100,,,99815,100,,,99818,100,,
2019-06-28 09:44:20.000000000,99375,197,99267,197,99441,197,99157,197,99451,197,99087,197,99467,197,99077,200,99479,197,99026,197,99488,100,98917,100,99562,100,,,99593,100,,,99815,100,,,99818,100,,
2019-06-28 09:44:30.000000000,99375,222,99267,222,99441,222,99157,222,99451,222,99087,222,99467,222,99077,225,99479,100,99026,100,99488,100,98917,100,99562,100,,,99593,100,,,99815,100,,,99818,100,,
2019-06-28 09:44:40.000000000,99375,197,99267,197,99441,197,99157,197,99451,197,99087,197,99467,197,99077,200,99479,197,99026,197,99488,100,98917,100,99562,100,,,99593,100,,,99815,100,,,99818,100,,
2019-06-28 09:44:50.000000000,99375,343,99267,343,99441,343,99157,343,99451,100,99087,100,99467,100,99077,103,99479,100,99026,100,99488,100,98917,100,99562,100,,,99593,100,,,99815,100,,,99818,100,,
2019-06-28 09:45:00.000000000,99375,197,99267,197,99441,197,99157,197,99451,197,99087,197,99467,197,99077,200,99479,197,99026,197,99488,100,98917,100,99562,100,,,99593,100,,,99815,100,,,99818,100,,
2019-06-28 09:45:05.169082041,99375,197,99267,197,99441,197,99157,197,99451,197,99087,197,99467,197,99077,200,99479,197,99026,197,99488,100,98917,100,99562,100,,,99593,100,,,99632,100,,,99815,100,,
2019-06-28 09:45:09.581910049,99375,197,99267,197,99441,197,99157,197,99451,197,99087,197,99467,197,99077,200,99479,197,99026,197,99488,100,98917,100,99562,100,,,99593,100,,,99632,100,,,99815,100,,
2019-06-28 09:45:10.000000000,99375,586,99267,586,99441,100,99157,100,99451,100,99087,100,99467,100,99077,103,99479,100,99026,100,99488,100,98917,100,99562,100,,,99593,100,,,99632,100,,,99815,100,,
2019-06-28 09:45:20.000000000,99375,265,99267,265,99441,260,99157,260,99451,260,99087,260,99467,100,99077,103,99479,100,99026,100,99488,100,98917,100,99562,100,,,99593,100,,,99632,100,,,99815,100,,
2019-06-28 09:45:29.598353595,99375,265,99268,100,99441,260,99267,265,99451,260,99157,260,99467,100,99087,260,99479,100,99077,103,99488,100,99026,100,99562,100,98917,100,99593,100,,,99632,100,,,99815,100,,
2019-06-28 09:45:30.000000000,99375,265,99268,265,99441,260,99267,260,99451,260,99157,260,99467,100,99087,100,99479,100,99077,103,99488,100,99026,100,99562,100,98917,100,99593,100,,,99632,100,,,99815,100,,
2019-06-28 09:45:40.000000000,99375,586,99268,586,99441,100,99267,100,99451,100,99157,100,99467,100,99087,100,99479,100,99077,103,99488,100,99026,100,99562,100,98917,100,99593,100,,,99632,100,,,99815,100,,
2019-06-28 09:45:50.000000000,99375,343,99268,343,99441,343,99267,343,99451,100,99157,100,99467,100,99087,100,99479,100,99077,103,99488,100,99026,100,99562,100,98917,100,99593,100,,,99632,100,,,99815,100,,
2019-06-28 09:46:00.000000000,99375,222,99268,222,99441,222,99267,222,99451,222,99157,222,99467,222,99087,222,99479,100,99077,103,99488,100,99026,100,99562,100,98917,100,99593,100,,,99632,100,,,99815,100,,
2019-06-28 09:46:04.325157831,99375,222,99268,222,99441,222,99267,122,99451,222,99157,222,99467,222,99087,222,99479,100,99077,103,99488,100,99026,100,99562,100,98917,100,99593,100,,,99632,100,,,99815,100,,
2019-06-28 09:46:06.839138618,99375,222,99268,322,99441,222,99267,122,99451,222,99157,222,99467,222,99087,222,99479,100,99077,103,99488,100,99026,100,99562,100,98917,100,99593,100,,,99632,100,,,99815,100,,
2019-06-28 09:46:10.000000000,99375,343,99268,443,99441,343,99157,343,99451,100,99087,100,99467,100,99077,103,99479,100,99026,100,99488,100,98917,100,99562,100,,,99593,100,,,99632,100,,,99815,100,,
2019-06-28 09:46:20.000000000,99375,222,99268,322,99441,222,99157,222,99451,222,99087,222,99467,222,99077,225,99479,100,99026,100,99488,100,98917,100,99562,100,,,99593,100,,,99632,100,,,99815,100,,
2019-06-28 09:46:30.000000000,99375,265,99268,365,99441,260,99157,260,99451,260,99087,260,99467,100,99077,103,99479,100,99026,100,99488,100,98917,100,99562,100,,,99593,100,,,99632,100,,,99815,100,,
2019-06-28 09:46:36.585889568,99375,165,99268,365,99441,260,99157,260,99451,260,99087,260,99467,100,99077,103,99479,100,99026,100,99488,100,98917,100,99562,100,,,99593,100,,,99632,100,,,99815,100,,
2019-06-28 09:46:37.396925448,99375,65,99268,365,99441,260,99157,260,99451,260,99087,260,99467,100,99077,103,99479,100,99026,100,99488,100,98917,100,99562,100,,,99593,100,,,99632,100,,,99815,100,,
2019-06-28 09:46:40.000000000,99441,343,99268,443,99451,343,99157,343,99467,100,99087,100,99479,100,99077,103,99488,100,99026,100,99562,100,98917,100,99593,100,,,99632,100,,,99815,100,,,99818,100,,
2019-06-28 09:46:43.091434038,99441,343,99268,443,99451,343,99157,343,99467,100,99087,100,99488,100,99077,103,99562,100,99026,100,99593,100,98917,100,99632,100,,,99815,100,,,99818,100,,,99886,100,,
2019-06-28 09:46:48.694502295,99441,343,99268,443,99451,343,99157,343,99467,100,99087,100,99488,100,99077,103,99562,100,99026,100,99593,100,98917,100,99632,100,,,99815,100,,,99818,100,,,99886,100,,
2019-06-28 09:46:50.000000000,99441,586,99268,686,99451,100,99157,100,99467,100,99087,100,99488,100,99077,103,99562,100,99026,100,99593,100,98917,100,99632,100,,,99815,100,,,99818,100,,,99886,100,,
2019-06-28 09:46:54.738659486,99441,586,99375,100,99451,100,99268,686,99467,100,99157,100,99488,100,99087,100,99562,100,99077,103,99593,100,99026,100,99632,100,98917,100,99815,100,,,99818,100,,,99886,100,,
2019-06-28 09:47:00.000000000,99441,222,99375,222,99451,222,99268,322,99467,222,99157,222,99488,222,99087,222,99562,100,99077,103,99593,100,99026,100,99632,100,98917,100,99815,100,,,99818,100,,,99886,100,,
2019-06-28 09:47:10.000000000,99441,586,99375,586,99451,100,99268,200,99467,100,99157,100,99488,100,99087,100,99562,100,99077,103,99593,100,99026,100,99632,100,98917,100,99815,100,,,99818,100,,,99886,100,,
2019-06-28 09:47:20.000000000,99441,265,99375,265,99451,260,99268,360,99467,260,99157,260,99488,100,99087,100,99562,100,99077,103,99593,100,99026,100,99632,100,98917,100,99815,100,,,99818,100,,,99886,100,,
2019-06-28 09:47:30.000000000,99441,222,99375,222,99451,222,99268,322,99467,222,99157,222,99488,222,99087,222,99562,100,99077,103,99593,100,99026,100,99632,100,98917,100,99815,100,,,99818,100,,,99886,100,,
2019-06-28 09:47:40.000000000,99441,222,99375,222,99451,222,99268,322,99467,222,99157,222,99488,222,99087,222,99562,100,99077,103,99593,100,99026,100,99632,100,98917,100,99815,100,,,99818,100,,,99886,100,,
2019-06-28 09:47:50.000000000,99441,265,99375,265,99451,260,99268,360,99467,260,99157,260,99488,100,99087,100,99562,100,99077,103,99593,100,99026,100,99632,100,98917,100,99815,100,,,99818,100,,,99886,100,,
2019-06-28 09:48:00.000000000,99441,265,99375,265,99451,260,99268,360,99467,260,99157,260,99488,100,99087,100,99562,100,99077,103,99593,100,99026,100,99632,100,98917,100,99815,100,,,99818,100,,,99886,100,,
2019-06-28 09:48:01.884092293,99441,165,99375,265,99451,260,99268,360,99467,260,99157,260,99488,100,99087,100,99562,100,99077,103,99593,100,99026,100,99632,100,98917,100,99815,100,,,99818,100,,,99886,100,,
2019-06-28 09:48:05.999727923,99441,65,99375,265,99451,260,99268,360,99467,260,99157,260,99488,100,99087,100,99562,100,99077,103,99593,100,99026,100,99632,100,98917,100,99815,100,,,99818,100,,,99886,100,,
2019-06-28 09:48:08.958401638,99451,260,99441,35,99467,260,99375,265,99488,100,99268,360,99562,100,99157,260,99593,100,99087,100,99632,100,99077,103,99815,100,99026,100,99818,100,98917,100,99886,100,,,99899,100,,
2019-06-28 09:48:10.000000000,99451,265,99441,200,99467,260,99375,260,99488,260,99268,360,99562,100,99157,100,99593,100,99087,100,99632,100,99077,103,99815,100,99026,100,99818,100,98917,100,99886,100,,,99899,100,,
2019-06-28 09:48:18.240156238,99451,165,99441,200,99467,260,99375,260,99488,260,99268,360,99562,100,99157,100,99593,100,99087,100,99632,100,99077,103,99815,100,99026,100,99818,100,98917,100,99886,100,,,99899,100,,
2019-06-28 09:48:20.000000000,99467,586,99441,521,99488,100,99375,100,99562,100,99268,200,99593,100,99157,100,99632,100,99087,100,99815,100,99077,103,99818,100,99026,100,99886,100,98917,100,99899,100,,,99918,100,,
2019-06-28 09:48:30.000000000,99467,586,99441,521,99488,100,99375,100,99562,100,99268,200,99593,100,99157,100,99632,100,99087,100,99815,100,99077,103,99818,100,99026,100,99886,100,98917,100,99899,100,,,99918,100,,
2019-06-28 09:48:40.000000000,99467,197,99441,132,99488,197,99375,197,99562,197,99268,297,99593,197,99157,197,99632,197,99087,197,99815,100,99077,103,99818,100,99026,100,99886,100,98917,100,99899,100,,,99918,100,,
2019-06-28 09:48:45.175746995,99467,197,99441,132,99488,197,99375,197,99562,197,99268,297,99593,197,99157,197,99632,197,99087,197,99815,100,99077,103,99818,100,99026,100,99886,100,98917,100,99899,100,,,99918,100,,
2019-06-28 09:48:50.000000000,99467,265,99441,200,99488,260,99375,260,99562,260,99268,360,99593,100,99157,100,99632,100,99087,100,99815,100,99077,103,99818,100,99026,100,99886,100,98917,100,99899,100,,,99918,100,,
2019-06-28 09:48:52.281264408,99467,265,99441,200,99488,260,99375,260,99562,260,99268,360,99593,100,99157,100,99632,100,99087,100,99815,100,99077,103,99818,100,99026,100,99886,100,98917,100,99899,100,,,99918,100,,
2019-06-28 09:49:00.000000000,99467,343,99441,278,99488,343,99375,343,99562,100,99268,200,99593,100,99157,100,99632,100,99087,100,99815,100,99077,103,99818,100,99026,100,99886,100,98917,100,99899,100,,,99918,100,,
2019-06-28 09:49:04.755268197,99467,343,99442,100,99488,343,99441,278,99562,100,99375,343,99593,100,99268,200,99632,100,99157,100,99815,100,99087,100,99818,100,99077,103,99886,100,99026,100,99899,100,98917,100,99918,100,,
2019-06-28 09:49:10.000000000,99467,222,99442,222,99488,222,99441,157,99562,222,99375,222,99593,222,99268,322,99632,100,99157,100,99815,100,99087,100,99818,100,99077,103,99886,100,99026,100,99899,100,98917,100,99918,100,,
2019-06-28 09:49:10.439646021,99467,222,99442,222,99488,222,99441,157,99562,222,99375,222,99593,122,99268,322,99632,100,99157,100,99815,100,99087,100,99818,100,99077,103,99886,100,99026,100,99899,100,98917,100,99918,100,,
2019-06-28 09:49:11.807345995,99467,122,99442,222,99488,222,99441,157,99562,222,99375,222,99593,122,99268,322,99632,100,99157,100,99815,100,99087,100,99818,100,99077,103,99886,100,99026,100,99899,100,98917,100,99918,100,,
2019-06-28 09:49:18.445063161,99467,122,99442,222,99488,222,99441,157,99562,222,99375,222,99593,122,99268,322,99632,100,99157,100,99815,100,99087,100,99818,100,99077,103,99886,100,99026,100,99899,100,98917,100,99918,100,,
2019-06-28 09:49:20.000000000,99488,222,99442,222,99562,222,99441,157,99632,222,99375,222,99815,222,99268,322,99818,100,99157,100,99886,100,99087,100,99899,100,99077,103,99918,100,99026,100,99939,100,98917,100,100024,100,,
2019-06-28 09:49:30.000000000,99488,265,99442,265,99562,260,99441,195,99632,260,99375,260,99815,100,99268,200,99818,100,99157,100,99886,100,99087,100,99899,100,99077,103,99918,100,99026,100,99939,100,98917,100,100024,100,,
2019-06-28 09:49:40.000000000,99488,222,99442,222,99562,222,99441,157,99632,222,99375,222,99815,222,99268,322,99818,100,99157,100,99886,100,99087,100,99899,100,99077,103,99918,100,99026,100,99939,100,98917,100,100024,100,,
2019-06-28 09:49:50.000000000,99488,586,99442,586,99562,100,99441,35,99632,100,99375,100,99815,100,99268,200,99818,100,99157,100,99886,100,99087,100,99899,100,99077,103,99918,100,99026,100,99939,100,98917,100,100024,100,,
2019-06-28 09:50:00.000000000,99488,586,99442,586,99562,100,99441,35,99632,100,99375,100,99815,100,99268,200,99818,100,99157,100,99886,100,99087,100,99899,100,99077,103,99918,100,99026,100,99939,100,98917,100,100024,100,,
2019-06-28 09:50:10.000000000,99488,343,99442,343,99562,343,99441,278,99632,100,99375,100,99815,100,99268,200,99818,100,99157,100,99886,100,99087,100,99899,100,99077,103,99918,100,99026,100,99939,100,98917,100,100024,100,,
2019-06-28 09:50:20.000000000,99488,343,99442,343,99562,343,99441,278,99632,100,99375,100,99815,100,99268,200,99818,100,99157,100,99886,100,99087,100,99899,100,99077,103,99918,100,99026,100,99939,100,98917,100,100024,100,,
2019-06-28 09:50:24.973356753,99474,100,99442,343,99488,343,99441,278,99562,343,99375,100,99632,100,99268,200,99815,100,99157,100,99818,100,99087,100,99886,100,99077,103,99899,100,99026,100,99918,100,98917,100,99939,100,,
2019-06-28 09:50:30.000000000,99474,222,99442,222,99488,222,99441,157,99562,222,99375,222,99632,222,99268,322,99815,100,99157,100,99818,100,99087,100,99886,100,99077,103,99899,100,99026,100,99918,100,98917,100,99939,100,,
2019-06-28 09:50:40.000000000,99474,586,99442,586,99488,100,99441,35,99562,100,99375,100,99632,100,99268,200,99815,100,99157,100,99818,100,99087,100,99886,100,99077,103,99899,100,99026,100,99918,100,98917,100,99939,100,,
2019-06-28 09:50:50.000000000,99474,343,99442,343,99488,343,99441,278,99562,100,99375,100,99632,100,99268,200,99815,100,99157,100,99818,100,99087,100,99886,100,99077,103,99899,100,99026,100,99918,100,98917,100,99939,100,,
2019-06-28 09:51:00.000000000,99474,343,99442,343,99488,343,99441,278,99562,100,99375,100,99632,100,99268,200,99815,100,99157,100,99818,100,99087,100,99886,100,99077,103,99899,100,99026,100,99918,100,98917,100,99939,100,,
2019-06-28 09:51:10.000000000,99474,265,99442,265,99488,260,99441,195,99562,260,99375,260,99632,100,99268,200,99815,100,99157,100,99818,100,99087,100,99886,100,99077,103,99899,100,99026,100,99918,100,98917,100,99939,100,,
2019-06-28 09:51:17.892562680,99474,265,99442,265,99488,260,99441,195,99562,260,99375,260,99632,100,99268,200,99701,100,99157,100,99815,100,99087,100,99818,100,99077,103,99886,100,99026,100,99899,100,98917,100,99918,100,,
2019-06-28 09:51:20.000000000,99474,265,99442,265,99488,260,99441,195,99562,260,99375,260,99632,100,99268,200,99701,100,99157,100,99815,100,99087,100,99818,100,99077,103,99886,100,99026,100,99899,100,98917,100,99918,100,,
2019-06-28 09:51:22.163048181,99474,265,99442,265,99488,260,99441,295,99562,260,99375,260,99632,100,99268,200,99701,100,99157,100,99815,100,99087,100,99818,100,99077,103,99886,100,99026,100,99899,100,98917,100,99918,100,,
2019-06-28 09:51:25.446048963,99474,265,99442,265,99488,260,99441,295,99559,100,99375,260,99562,260,99268,200,99632,100,99157,100,99701,100,99087,100,99815,100,99077,103,99818,100,99026,100,99886,100,98917,100,99899,100,,
2019-06-28 09:51:30.000000000,99474,197,99442,197,99488,197,99441,232,99559,197,99375,197,99562,197,99268,297,99632,197,99157,197,99701,100,99087,100,99815,100,99077,103,99818,100,99026,100,99886,100,98917,100,99899,100,,
2019-06-28 09:51:40.000000000,99474,265,99442,265,99488,260,99441,295,99559,260,99375,260,99562,100,99268,200,99632,100,99157,100,99701,100,99087,100,99815,100,99077,103,99818,100,99026,100,99886,100,98917,100,99899,100,,
2019-06-28 09:51:44.052314247,99474,265,99451,100,99488,260,99442,265,99559,260,99441,295,99562,100,99375,260,99632,100,99268,200,99701,100,99157,100,99815,100,99087,100,99818,100,99077,103,99886,100,99026,100,99899,100,98917,100
2019-06-28 09:51:50.000000000,99474,197,99451,197,99488,197,99442,197,99559,197,99441,232,99562,197,99375,197,99632,197,99268,297,99701,100,99157,100,99815,100,99087,100,99818,100,99077,103,99886,100,99026,100,99899,100,98917,100
2019-06-28 09:51:55.631265015,99474,197,99451,297,99488,197,99442,197,99559,197,99441,232,99562,197,99375,197,99632,197,99268,297,99701,100,99157,100,99815,100,99087,100,99818,100,99077,103,99886,100,99026,100,99899,100,98917,100
2019-06-28 09:52:00.000000000,99474,222,99451,322,99488,222,99442,222,99559,222,99441,257,99562,222,99375,222,99632,100,99268,200,99701,100,99157,100,99815,100,99087,100,99818,100,99077,103,99886,100,99026,100,99899,100,98917,100
2019-06-28 09:52:10.000000000,99474,343,99451,443,99488,343,99442,343,99559,100,99441,135,99562,100,99375,100,99632,100,99268,200,99701,100,99157,100,99815,100,99087,100,99818,100,99077,103,99886,100,99026,100,99899,100,98917,100
2019-06-28 09:52:13.068534738,99474,243,99451,443,99488,343,99442,343,99559,100,99441,135,99562,100,99375,100,99632,100,99268,200,99701,100,99157,100,99815,100,99087,100,99818,100,99077,103,99886,100,99026,100,99899,100,98917,100
2019-06-28 09:52:15.429160090,99474,143,99451,443,99488,343,99442,343,99559,100,99441,135,99562,100,99375,100,99632,100,99268,200,99701,100,99157,100,99815,100,99087,100,99818,100,99077,103,99886,100,99026,100,99899,100,98917,100
2019-06-28 09:52:20.000000000,99488,343,99451,443,99559,343,99442,343,99562,100,99441,135,99632,100,99375,100,99701,100,99268,200,99815,100,99157,100,99818,100,99087,100,99886,100,99077,103,99899,100,99026,100,99918,100,98917,100
2019-06-28 09:52:30.000000000,99488,586,99451,686,99559,100,99442,100,99562,100,99441,135,99632,100,99375,100,99701,100,99268,200,99815,100,99157,100,99818,100,99087,100,99886,100,99077,103,99899,100,99026,100,99918,100,98917,100
2019-06-28 09:52:32.826027962,99488,486,99451,686,99559,100,99442,100,99562,100,99441,135,99632,100,99375,100,99701,100,99268,200,99815,100,99157,100,99818,100,99087,100,99886,100,99077,103,99899,100,99026,100,99918,100,98917,100
2019-06-28 09:52:37.311479605,99488,486,99451,686,99559,100,99442,100,99562,100,99441,135,99632,100,99375,100,99701,100,99268,200,99815,100,99157,100,99818,100,99087,100,99876,100,99077,103,99886,100,99026,100,99899,100,98917,100
2019-06-28 09:52:37.908270162,99488,386,99451,686,99559,100,99442,100,99562,100,99441,135,99632,100,99375,100,99701,100,99268,200,99815,100,99157,100,99818,100,99087,100,99876,100,99077,103,99886,100,99026,100,99899,100,98917,100
2019-06-28 09:52:40.000000000,99559,343,99451,443,99562,343,99442,343,99632,100,99441,135,99701,100,99375,100,99815,100,99268,200,99818,100,99157,100,99876,100,99087,100,99886,100,99077,103,99899,100,99026,100,99918,100,98917,100
2019-06-28 09:52:50.000000000,99559,343,99451,443,99562,343,99442,343,99632,100,99441,135,99701,100,99375,100,99815,100,99268,200,99818,100,99157,100,99876,100,99087,100,99886,100,99077,103,99899,100,99026,100,99918,100,98917,100
2019-06-28 09:52:54.363043667,99559,343,99451,443,99562,343,99442,343,99632,100,99441,135,99701,100,99375,100,99815,100,99268,200,99818,100,99157,100,99876,100,99087,100,99886,100,99077,100,99899,100,99026,100,99918,100,98917,100
2019-06-28 09:53:00.000000000,99559,222,99451,322,99562,222,99442,222,99632,222,99441,257,99701,222,99375,222,99815,100,99268,200,99818,100,99157,100,99876,100,99087,100,99886,100,99077,100,99899,100,99026,100,99918,100,98917,100
2019-06-28 09:53:10.000000000,99559,586,99451,686,99562,100,99442,100,99632,100,99441,135,99701,100,99375,100,99815,100,99268,200,99818,100,99157,100,99876,100,99087,100,99886,100,99077,100,99899,100,99026,100,99918,100,98917,100
2019-06-28 09:53:20.000000000,99559,265,99451,365,99562,260,99442,260,99632,260,99441,295,99701,100,99375,100,99815,100,99268,200,99818,100,99157,100,99876,100,99087,100,99886,100,99077,100,99899,100,99026,100,99918,100,98917,100
2019-06-28 09:53:30.000000000,99559,265,99451,365,99562,260,99442,260,99632,260,99441,295,99701,100,99375,100,99815,100,99268,200,99818,100,99157,100,99876,100,99087,100,99886,100,99077,100,99899,100,99026,100,99918,100,98917,100
2019-06-28 09:53:33.323469473,99559,265,99451,365,99562,260,99442,260,99632,260,99441,260,99701,100,99375,100,99815,100,99268,200,99818,100,99157,100,99876,100,99087,100,99886,100,99077,100,99899,100,99026,100,99918,100,98917,100
2019-06-28 09:53:40.000000000,99559,265,99451,365,99562,260,99442,260,99632,260,99441,260,99701,100,99375,100,99815,100,99268,200,99818,100,99157,100,99876,100,99087,100,99886,100,99077,100,99899,100,99026,100,99918,100,98917,100
2019-06-28 09:53:50.000000000,99559,197,99451,297,99562,197,99442,197,99632,197,99441,197,99701,197,99375,197,99815,197,99268,297,99818,100,99157,100,99876,100,99087,100,99886,100,99077,100,99899,100,99026,100,99918,100,98917,100
2019-06-28 09:54:00.000000000,99559,197,99451,297,99562,197,99442,197,99632,197,99441,197,99701,197,99375,197,99815,197,99268,297,99818,100,99157,100,99876,100,99087,100,99886,100,99077,100,99899,100,99026,100,99918,100,98917,100
2019-06-28 09:54:10.000000000,99559,586,99451,686,99562,100,99442,100,99632,100,99441,100,99701,100,99375,100,99815,100,99268,200,99818,100,99157,100,99876,100,99087,100,99886,100,99077,100,99899,100,99026,100,99918,100,98917,100
2019-06-28 09:54:15.052896519,99559,586,99451,686,99562,100,99442,100,99632,100,99441,100,99701,100,99375,100,99815,100,99268,200,99818,100,99157,100,99876,100,99087,100,99886,100,99077,100,99899,100,99026,100,99918,100,98917,100
2019-06-28 09:54:20.000000000,99559,197,99451,297,99562,197,99442,197,99632,197,99441,197,99701,197,99375,197,99815,197,99268,297,99818,100,99157,100,99876,100,99087,100,99886,100,99077,100,99899,100,99026,100,99918,100,98917,100
2019-06-28 09:54:30.000000000,99559,265,99451,365,99562,260,99442,260,99632,260,99441,260,99701,100,99375,100,99815,100,99268,200,99818,100,99157,100,99876,100,99087,100,99886,100,99077,100,99899,100,99026,100,99918,100,98917,100
2019-06-28 09:54:40.000000000,99559,343,99451,443,99562,343,99442,343,99632,100,99441,100,99701,100,99375,100,99815,100,99268,200,99818,100,99157,100,99876,100,99087,100,99886,100,99077,100,99899,100,99026,100,99918,100,98917,100
2019-06-28 09:54:40.078288172,99559,343,99451,443,99562,343,99442,343,99632,100,99441,100,99701,100,99375,100,99815,100,99268,200,99818,100,99157,100,99876,100,99087,100,99886,100,99077,100,99899,100,99026,100,99918,100,98917,100
2019-06-28 09:54:50.000000000,99559,586,99451,686,99562,100,99442,100,99632,100,99441,100,99701,100,99375,100,99815,100,99268,200,99818,100,99157,100,99876,100,99087,100,99886,100,99077,100,99899,100,99026,100,99918,100,98917,100
2019-06-28 09:55:00.000000000,99559,586,99451,686,99562,100,99442,100,99632,100,99441,100,99701,100,99375,100,99815,100,99268,200,99818,100,99157,100,99876,100,99087,100,99886,100,99077,100,99899,100,99026,100,99918,100,98917,100
2019-06-28 09:55:10.000000000,99559,222,99451,322,99562,222,99442,222,99632,222,99441,222,99701,222,99375,222,99815,100,99268,200,99818,100,99157,100,99876,100,99087,100,99886,100,99077,100,99899,100,99026,100,99918,100,98917,100
2019-06-28 09:55:11.966266323,99559,222,99451,322,99562,222,99442,222,99632,222,99441,222,99701,222,99375,222,99815,100,99268,200,99818,100,99157,100,99876,100,99087,100,99886,100,99026,100,99899,100,98917,100,99918,100,,
2019-06-28 09:55:20.000000000,99559,265,99451,365,99562,260,99442,260,99632,260,99441,260,99701,100,99375,100,99815,100,99268,200,99818,100,99157,100,99876,100,99087,100,99886,100,99026,100,99899,100,98917,100,99918,100,,
2019-06-28 09:55:30.000000000,99559,586,99451,686,99562,100,99442,100,99632,100,99441,100,99701,100,99375,100,99815,100,99268,200,99818,100,99157,100,99876,100,99087,100,99886,100,99026,100,99899,100,98917,100,99918,100,,
2019-06-28 09:55:38.044173884,99559,486,99451,686,99562,100,99442,100,99632,100,99441,100,99701,100,99375,100,99815,100,99268,200,99818,100,99157,100,99876,100,99087,100,99886,100,99026,100,99899,100,98917,100,99918,100,,
2019-06-28 09:55:40.000000000,99562,586,99451,686,99632,100,99442,100,99701,100,99441,100,99815,100,99375,100,99818,100,99268,200,99876,100,99157,100,99886,100,99087,100,99899,100,99026,100,99918,100,98917,100,99939,100,,
2019-06-28 09:55:50.000000000,99562,265,99451,365,99632,260,99442,260,99701,260,99441,260,99815,100,99375,100,99818,100,99268,200,99876,100,99157,100,99886,100,99087,100,99899,100,99026,100,99918,100,98917,100,99939,100,,
2019-06-28 09:55:50.941289348,99562,265,99451,365,99632,260,99442,260,99701,260,99441,260,99815,100,99375,100,99818,100,99268,200,99876,100,99157,100,99886,100,99087,100,99899,100,99026,100,99918,100,98917,100,99939,100,,
2019-06-28 09:55:52.056658308,99562,265,99451,365,99632,260,99442,260,99701,260,99441,260,99815,100,99375,100,99818,100,99268,200,99876,100,99157,100,99886,100,99087,100,99899,100,99026,100,99918,100,98917,100,99939,100,,
2019-06-28 09:55:55.273616058,99562,265,99488,100,99632,260,99451,365,99701,260,99442,260,99815,100,99441,260,99818,100,99375,100,99876,100,99268,200,99886,100,99157,100,99899,100,99087,100,99918,100,99026,100,99939,100,98917,100
2019-06-28 09:56:00.000000000,99562,197,99488,197,99632,197,99451,297,99701,197,99442,197,99815,197,99441,197,99818,197,99375,197,99876,100,99268,200,99886,100,99157,100,99899,100,99087,100,99918,100,99026,100,99939,100,98917,100
2019-06-28 09:56:10.000000000,99562,197,99488,197,99632,197,99451,297,99701,197,99442,197,99815,197,99441,197,99818,197,99375,197,99876,100,99268,200,99886,100,99157,100,99899,100,99087,100,99918,100,99026,100,99939,100,98917,100
2019-06-28 09:56:20.000000000,99562,586,99488,586,99632,100,99451,200,99701,100,99442,100,99815,100,99441,100,99818,100,99375,100,99876,100,99268,200,99886,100,99157,100,99899,100,99087,100,99918,100,99026,100,99939,100,98917,100
2019-06-28 09:56:20.752689697,99562,586,99488,686,99632,100,99451,200,99701,100,99442,100,99815,100,99441,100,99818,100,99375,100,99876,100,99268,100,99886,100,99157,100,99899,100,99087,100,99918,100,99026,100,99939,100,98917,100
2019-06-28 09:56:21.381353059,99562,486,99488,686,99632,100,99451,200,99701,100,99442,100,99815,100,99441,100,99818,100,99375,100,99876,100,99268,100,99886,100,99157,100,99899,100,99087,100,99918,100,99026,100,99939,100,98917,100
2019-06-28 09:56:30.000000000,99632,265,99488,365,99701,260,99451,360,99815,260,99442,260,99818,100,99441,100,99876,100,99375,100,99886,100,99268,100,99899,100,99157,100,99918,100,99087,100,99939,100,99026,100,100024,100,98917,100
2019-06-28 09:56:40.000000000,99632,222,99488,322,99701,222,99451,322,99815,222,99442,222,99818,222,99441,222,99876,100,99375,100,99886,100,99268,100,99899,100,99157,100,99918,100,99087,100,99939,100,99026,100,100024,100,98917,100
2019-06-28 09:56:45.036853720,99632,122,99488,322,99701,222,99451,322,99815,222,99442,222,99818,222,99441,222,99876,100,99375,100,99886,100,99268,100,99899,100,99157,100,99918,100,99087,100,99939,100,99026,100,100024,100,98917,100
2019-06-28 09:56:47.008458568,99632,122,99488,322,99701,222,99451,322,99815,222,99442,222,99818,222,99441,222,99876,100,99268,100,99886,100,99157,100,99899,100,99087,100,99918,100,99026,100,99939,100,98917,100,100024,100,,
2019-06-28 09:56:50.000000000,99701,586,99488,686,99815,100,99451,200,99818,100,99442,100,99876,100,99441,100,99886,100,99268,100,99899,100,99157,100,99918,100,99087,100,99939,100,99026,100,100024,100,98917,100,100036,100,,
2019-06-28 09:56:57.000451263,99701,586,99562,100,99815,100,99488,686,99818,100,99451,200,99876,100,99442,100,99886,100,99441,100,99899,100,99268,100,99918,100,99157,100,99939,100,99087,100,100024,100,99026,100,100036,100,98917,100
2019-06-28 09:57:00.000000000,99701,265,99562,265,99815,260,99488,360,99818,260,99451,360,99876,100,99442,100,99886,100,99441,100,99899,100,99268,100,99918,100,99157,100,99939,100,99087,100,100024,100,99026,100,100036,100,98917,100
2019-06-28 09:57:00.145134957,99701,165,99562,265,99815,260,99488,360,99818,260,99451,360,99876,100,99442,100,99886,100,99441,100,99899,100,99268,100,99918,100,99157,100,99939,100,99087,100,100024,100,99026,100,100036,100,98917,100
2019-06-28 09:57:06.518199549,99701,65,99562,265,99815,260,99488,360,99818,260,99451,360,99876,100,99442,100,99886,100,99441,100,99899,100,99268,100,99918,100,99157,100,99939,100,99087,100,100024,100,99026,100,100036,100,98917,100
2019-06-28 09:57:09.368357091,99701,65,99562,265,99815,260,99488,360,99818,260,99451,360,99876,100,99442,100,99886,100,99441,100,99899,100,99268,100,99918,100,99157,100,99939,100,99087,100,100024,100,99026,100,100036,100,98917,100
2019-06-28 09:57:10.000000000,99815,222,99562,222,99818,222,99488,322,99876,222,99451,322,99886,222,99442,222,99899,100,99441,100,99918,100,99268,100,99939,100,99157,100,100024,100,99087,100,100036,100,99026,100,100047,100,98917,100
2019-06-28 09:57:11.250196961,99815,122,99562,222,99818,222,99488,322,99876,222,99451,322,99886,222,99442,222,99899,100,99441,100,99918,100,99268,100,100024,100,99157,100,100036,100,99087,100,100047,100,99026,100,100055,100,98917,100
2019-06-28 09:57:20.000000000,99818,265,99562,265,99876,260,99488,360,99886,260,99451,360,99899,100,99442,100,99918,100,99441,100,100024,100,99268,100,100036,100,99157,100,100047,100,99087,100,100055,100,99026,100,100074,100,98917,100
2019-06-28 09:57:30.000000000,99818,265,99562,265,99876,260,99488,360,99886,260,99451,360,99899,100,99442,100,99918,100,99441,100,100024,100,99268,100,100036,100,99157,100,100047,100,99087,100,100055,100,99026,100,100074,100,98917,100
2019-06-28 09:57:40.000000000,99818,265,99562,265,99876,260,99488,360,99886,260,99451,360,99899,100,99442,100,99918,100,99441,100,100024,100,99268,100,100036,100,99157,100,100047,100,99087,100,100055,100,99026,100,100074,100,98917,100
2019-06-28 09:57:46.388755415,99818,265,99562,265,99876,260,99488,360,99886,260,99451,360,99899,100,99442,100,99918,100,99441,100,100024,100,99268,100,100036,100,99157,100,100047,100,99087,100,100055,100,99026,100,100074,100,98917,100
2019-06-28 09:57:50.000000000,99818,343,99562,343,99876,343,99488,443,99886,100,99451,200,99899,100,99442,100,99918,100,99441,100,100024,100,99268,100,100036,100,99157,100,100047,100,99087,100,100055,100,99026,100,100074,100,98917,100
2019-06-28 09:57:54.656806186,99818,343,99562,343,99876,343,99488,443,99886,100,99451,200,99899,100,99442,100,99918,100,99441,100,100024,100,99268,100,100036,100,99157,100,100047,100,99087,100,100055,100,99026,100,100074,100,98917,100
2019-06-28 09:58:00.000000000,99818,222,99562,222,99876,222,99488,322,99886,222,99451,322,99899,222,99442,222,99918,100,99441,100,100024,100,99268,100,100036,100,99157,100,100047,100,99087,100,100055,100,99026,100,100074,100,98917,100
2019-06-28 09:58:10.000000000,99818,197,99562,197,99876,197,99488,297,99886,197,99451,297,99899,197,99442,197,99918,197,99441,197,100024,100,99268,100,100036,100,99157,100,100047,100,99087,100,100055,100,99026,100,100074,100,98917,100
2019-06-28 09:58:12.709637546,99818,97,99562,197,99876,197,99488,297,99886,197,99451,297,99899,197,99442,197,99918,197,99441,197,100024,100,99268,100,100036,100,99157,100,100047,100,99087,100,100055,100,99026,100,100074,100,98917,100
2019-06-28 09:58:20.000000000,99876,586,99562,586,99886,100,99488,200,99899,100,99451,200,99918,100,99442,100,100024,100,99441,100,100036,100,99268,100,100047,100,99157,100,100055,100,99087,100,100074,100,99026,100,100089,100,98917,100
2019-06-28 09:58:29.632516467,99876,586,99562,586,99886,100,99488,200,99899,100,99451,200,99918,100,99442,100,100024,100,99441,100,100036,100,99268,100,100047,100,99157,100,100055,100,99087,100,100074,100,99026,100,100089,100,98917,100
2019-06-28 09:58:30.000000000,99876,586,99562,586,99886,100,99488,200,99899,100,99451,200,99918,100,99442,100,100024,100,99441,100,100036,100,99268,100,100047,100,99157,100,100055,100,99087,100,100074,100,99026,100,100089,100,98917,100
2019-06-28 09:58:36.884543529,99876,486,99562,586,99886,100,99488,200,99899,100,99451,200,99918,100,99442,100,100024,100,99441,100,100036,100,99268,100,100047,100,99157,100,100055,100,99087,100,100074,100,99026,100,100089,100,98917,100
2019-06-28 09:58:39.293869648,99876,386,99562,586,99886,100,99488,200,99899,100,99451,200,99918,100,99442,100,100024,100,99441,100,100036,100,99268,100,100047,100,99157,100,100055,100,99087,100,100074,100,99026,100,100089,100,,
2019-06-28 09:58:40.000000000,99886,222,99562,222,99899,222,99488,322,99918,222,99451,322,100024,222,99442,222,100036,100,99441,100,100047,100,99268,100,100055,100,99157,100,100074,100,99087,100,100089,100,99026,100,100104,100,,
2019-06-28 09:58:50.000000000,99886,265,99562,265,99899,260,99488,360,99918,260,99451,360,100024,100,99442,100,100036,100,99441,100,100047,100,99268,100,100055,100,99157,100,100074,100,99087,100,100089,100,99026,100,100104,100,,
2019-06-28 09:59:00.000000000,99886,197,99562,197,99899,197,99488,297,99918,197,99451,297,100024,197,99442,197,100036,197,99441,197,100047,100,99268,100,100055,100,99157,100,100074,100,99087,100,100089,100,99026,100,100104,100,,
2019-06-28 09:59:04.644429407,99886,197,99562,197,99899,197,99488,297,99918,197,99451,297,100024,197,99442,197,100036,197,99441,197,100047,100,99268,100,100055,100,99157,100,100074,100,99087,100,100089,100,99026,100,100104,100,,
2019-06-28 09:59:10.000000000,99886,197,99562,197,99899,197,99488,297,99918,197,99451,297,100024,197,99442,197,100036,197,99441,197,100047,100,99268,100,100055,100,99157,100,100074,100,99087,100,100089,100,99026,100,100104,100,,
2019-06-28 09:59:20.000000000,99886,222,99562,222,99899,222,99488,322,99918,222,99451,322,100024,222,99442,222,100036,100,99441,100,100047,100,99268,100,100055,100,99157,100,100074,100,99087,100,100089,100,99026,100,100104,100,,
2019-06-28 09:59:21.190913318,99886,122,99562,222,99899,222,99488,322,99918,222,99451,322,100024,222,99442,222,100036,100,99441,100,100047,100,99268,100,100055,100,99157,100,100074,100,99087,100,100089,100,99026,100,100104,100,,
2019-06-28 09:59:24.310907960,99886,22,99562,222,99899,222,99488,322,99918,222,99451,322,100024,222,99442,222,100036,100,99441,100,100047,100,99268,100,100055,100,99157,100,100074,100,99087,100,100089,100,99026,100,100104,100,,
2019-06-28 09:59:26.028502925,99886,22,99562,222,99899,222,99488,322,99918,222,99451,322,100024,222,99442,222,100036,100,99441,100,100047,100,99268,100,100055,100,99157,100,100074,100,99087,100,100089,100,99026,100,100104,100,,
2019-06-28 09:59:26.720548575,99899,222,99886,78,99918,222,99562,222,100024,222,99488,322,100036,100,99451,322,100047,100,99442,222,100055,100,99441,100,100074,100,99268,100,100089,100,99157,100,100104,100,99087,100,100128,100,99026,100
2019-06-28 09:59:30.000000000,99899,265,99886,243,99918,260,99562,260,100024,260,99488,360,100036,100,99451,200,100047,100,99442,100,100055,100,99441,100,100074,100,99268,100,100089,100,99157,100,100104,100,99087,100,100128,100,99026,100
2019-06-28 09:59:40.000000000,99899,222,99886,200,99918,222,99562,222,100024,222,99488,322,100036,222,99451,322,100047,100,99442,100,100055,100,99441,100,100074,100,99268,100,100089,100,99157,100,100104,100,99087,100,100128,100,99026,100
2019-06-28 09:59:47.754648529,99899,222,99886,200,99918,222,99562,222,100024,222,99488,322,100036,222,99451,322,100047,100,99442,100,100074,100,99441,100,100089,100,99268,100,100104,100,99157,100,100128,100,99087,100,100181,100,99026,100
2019-06-28 09:59:50.000000000,99899,197,99886,175,99918,197,99562,197,100024,197,99488,297,100036,197,99451,297,100047,197,99442,197,100074,100,99441,100,100089,100,99268,100,100104,100,99157,100,100128,100,99087,100,100181,100,99026,100
2019-06-28 09:59:59.314837404,99899,97,99886,175,99918,197,99562,197,100024,197,99488,297,100036,197,99451,297,100047,197,99442,197,100074,100,99441,100,100089,100,99268,100,100104,100,99087,100,100128,100,99026,100,100181,100,,
2019-06-28 10:00:00.000000000,99918,197,99886,175,100024,197,99562,197,100036,197,99488,297,100047,197,99451,297,100074,197,99442,197,100089,100,99441,100,100104,100,99268,100,100128,100,99087,100,100181,100,99026,100,100500,100,,
2019-06-28 10:00:04.078347947,99918,197,99886,175,100024,197,99562,197,100036,197,99488,297,100047,197,99451,297,100074,197,99442,197,100089,100,99441,100,100104,100,99268,100,100128,100,99087,100,100181,100,99026,100,100500,100,,
2019-06-28 10:00:10.000000000,99918,222,99886,200,100024,222,99562,222,100036,222,99488,322,100047,222,99451,322,100074,100,99442,100,100089,100,99441,100,100104,100,99268,100,100128,100,99087,100,100181,100,99026,100,100500,100,,
2019-06-28 10:00:20.000000000,99918,586,99886,564,100024,100,99562,100,100036,100,99488,200,100047,100,99451,200,100074,100,99442,100,100089,100,99441,100,100104,100,99268,100,100128,100,99087,100,100181,100,99026,100,100500,100,,
2019-06-28 10:00:30.000000000,99918,343,99886,321,100024,343,99562,343,100036,100,99488,200,100047,100,99451,200,100074,100,99442,100,100089,100,99441,100,100104,100,99268,100,100128,100,99087,100,100181,100,99026,100,100500,100,,
2019-06-28 10:00:40.000000000,99918,265,99886,243,100024,260,99562,260,100036,260,99488,360,100047,100,99451,200,100074,100,99442,100,100089,100,99441,100,100104,100,99268,100,100128,100,99087,100,100181,100,99026,100,100500,100,,
2019-06-28 10:00:50.000000000,99918,197,99886,175,100024,197,99562,197,100036,197,99488,297,100047,197,99451,297,100074,197,99442,197,100089,100,99441,100,100104,100,99268,100,100128,100,99087,100,100181,100,99026,100,100500,100,,
2019-06-28 10:00:55.413379251,99918,97,99886,97,100024,197,99562,197,100036,197,99488,297,100047,197,99451,297,100074,197,99442,197,100089,100,99441,100,100104,100,99268,100,100128,100,99087,100,100181,100,99026,100,100500,100,,
2019-06-28 10:01:00.000000000,100024,265,99562,265,100036,260,99488,360,100047,260,99451,360,100074,100,99442,100,100089,100,99441,100,100104,100,99268,100,100128,100,99087,100,100181,100,99026,100,100500,100,,,100704,100,,
2019-06-28 10:01:10.000000000,100024,343,99562,343,100036,343,99488,443,100047,100,99451,200,100074,100,99442,100,100089,100,99441,100,100104,100,99268,100,100128,100,99087,100,100181,100,99026,100,100500,100,,,100704,100,,
2019-06-28 10:01:20.000000000,100024,222,99562,222,100036,222,99488,322,100047,222,99451,322,100074,222,99442,222,100089,100,99441,100,100104,100,99268,100,100128,100,99087,100,100181,100,99026,100,100500,100,,,100704,100,,
2019-06-28 10:01:30.000000000,100024,222,99562,222,100036,222,99488,322,100047,222,99451,322,100074,222,99442,222,100089,100,99441,100,100104,100,99268,100,100128,100,99087,100,100181,100,99026,100,100500,100,,,100704,100,,
2019-06-28 10:01:35.376150314,100024,222,99562,222,100036,222,99488,322,100047,222,99451,322,100074,222,99442,222,100089,100,99441,100,100104,100,99268,100,100128,100,99087,100,100181,100,99026,100,100500,100,,,100704,100,,
2019-06-28 10:01:40.000000000,100024,343,99562,343,100036,343,99488,443,100047,100,99451,200,100074,100,99442,100,100089,100,99441,100,100104,100,99268,100,100128,100,99087,100,100181,100,99026,100,100500,100,,,100704,100,,
2019-06-28 10:01:50.000000000,100024,222,99562,222,100036,222,99488,322,100047,222,99451,322,100074,222,99442,222,100089,100,99441,100,100104,100,99268,100,100128,100,99087,100,100181,100,99026,100,100500,100,,,100704,100,,
2019-06-28 10:02:00.000000000,100024,265,99562,265,100036,260,99488,360,100047,260,99451,360,100074,100,99442,100,100089,100,99441,100,100104,100,99268,100,100128,100,99087,100,100181,100,99026,100,100500,100,,,100704,100,,
2019-06-28 10:02:10.000000000,100024,265,99562,265,100036,260,99488,360,100047,260,99451,360,100074,100,99442,100,100089,100,99441,100,100104,100,99268,100,100128,100,99087,100,100181,100,99026,100,100500,100,,,100704,100,,
2019-06-28 10:02:10.605081840,100024,265,99562,265,100036,260,99488,360,100047,260,99451,360,100074,100,99442,100,100089,100,99441,100,100104,100,99268,100,100128,100,99087,100,100181,100,99026,100,100500,100,,,100704,100,,
2019-06-28 10:02:15.768839104,100024,265,99899,100,100036,260,99562,265,100047,260,99488,360,100074,100,99451,360,100089,100,99441,100,100104,100,99268,100,100128,100,99087,100,100181,100,99026,100,100500,100,,,100704,100,,
2019-06-28 10:02:20.000000000,100024,222,99899,222,100036,222,99562,222,100047,222,99488,322,100074,222,99451,322,100089,100,99441,100,100104,100,99268,100,100128,100,99087,100,100181,100,99026,100,100500,100,,,100704,100,,
2019-06-28 10:02:22.752013685,100024,122,99899,222,100036,222,99562,222,100047,222,99488,322,100074,222,99451,322,100089,100,99441,100,100104,100,99268,100,100128,100,99087,100,100181,100,99026,100,100500,100,,,100704,100,,
2019-06-28 10:02:30.000000000,100036,265,99899,265,100047,260,99562,260,100074,260,99488,360,100089,100,99451,200,100104,100,99441,100,100128,100,99268,100,100181,100,99087,100,100500,100,99026,100,100704,100,,,100863,100,,
2019-06-28 10:02:40.000000000,100036,197,99899,197,100047,197,99562,197,100074,197,99488,297,100089,197,99451,297,100104,197,99441,197,100128,100,99268,100,100181,100,99087,100,100500,100,99026,100,100704,100,,,100863,100,,
2019-06-28 10:02:50.000000000,100036,265,99899,265,100047,260,99562,260,100074,260,99488,360,100089,100,99451,200,100104,100,99441,100,100128,100,99268,100,100181,100,99087,100,100500,100,99026,100,100704,100,,,100863,100,,
2019-06-28 10:03:00.000000000,100036,197,99899,197,100047,197,99562,197,100074,197,99488,297,100089,197,99451,297,100104,197,99441,197,100128,100,99268,100,100181,100,99087,100,100500,100,99026,100,100704,100,,,100863,100,,
2019-06-28 10:03:09.319915424,100036,97,99899,197,100047,197,99562,197,100074,197,99488,297,100089,197,99451,297,100104,197,99441,197,100128,100,99268,100,100181,100,99087,100,100500,100,99026,100,100704,100,,,100863,100,,
2019-06-28 10:03:10.000000000,100047,265,99899,265,100074,260,99562,260,100089,260,99488,360,100104,100,99451,200,100128,100,99441,100,100181,100,99268,100,100500,100,99087,100,100704,100,99026,100,100863,100,,,100979,100,,
2019-06-28 10:03:17.804848933,100047,265,99899,265,100074,260,99562,260,100089,260,99488,360,100104,100,99451,200,100128,100,99441,100,100181,100,99268,100,100500,100,99087,100,100704,100,99026,100,100755,100,,,100863,100,,
2019-06-28 10:03:20.000000000,100047,265,99899,265,100074,260,99562,260,100089,260,99488,360,100104,100,99451,200,100128,100,99441,100,100181,100,99268,100,100500,100,99087,100,100704,100,99026,100,100755,100,,,100863,100,,
2019-06-28 10:03:30.000000000,100047,343,99899,343,100074,343,99562,343,100089,100,99488,200,100104,100,99451,200,100128,100,99441,100,100181,100,99268,100,100500,100,99087,100,100704,100,99026,100,100755,100,,,100863,100,,
2019-06-28 10:03:40.000000000,100047,343,99899,343,100074,343,99562,343,100089,100,99488,200,100104,100,99451,200,100128,100,99441,100,100181,100,99268,100,100500,100,99087,100,100704,100,99026,100,100755,100,,,100863,100,,
2019-06-28 10:03:50.000000000,100047,197,99899,197,100074,197,99562,197,100089,197,99488,297,100104,197,99451,297,100128,197,99441,197,100181,100,99268,100,100500,100,99087,100,100704,100,99026,100,100755,100,,,100863,100,,
2019-06-28 10:03:59.817906681,99981,100,99899,197,100047,197,99562,197,100074,197,99488,297,100089,197,99451,297,100104,197,99441,197,100128,197,99268,100,100181,100,99087,100,100704,100,99026,100,100755,100,,,100863,100,,
2019-06-28 10:04:00.000000000,99981,197,99899,197,100047,197,99562,197,100074,197,99488,297,100089,197,99451,297,100104,197,99441,197,100128,100,99268,100,100181,100,99087,100,100704,100,99026,100,100755,100,,,100863,100,,
2019-06-28 10:04:02.709437027,99981,197,99899,197,100047,197,99562,197,100066,100,99488,297,100074,197,99451,297,100089,197,99441,197,100104,197,99268,100,100128,100,99087,100,100181,100,99026,100,100704,100,,,100755,100,,
2019-06-28 10:04:06.852341433,99981,197,99899,197,100023,100,99562,197,100047,197,99488,297,100066,100,99451,297,100074,197,99441,197,100089,197,99268,100,100104,197,99087,100,100128,100,99026,100,100181,100,,,100704,100,,
2019-06-28 10:04:10.000000000,99981,343,99899,343,100023,343,99562,343,100047,100,99488,200,100066,100,99451,200,100074,100,99441,100,100089,100,99268,100,100104,100,99087,100,100128,100,99026,100,100181,100,,,100704,100,,
2019-06-28 10:04:10.206966606,99981,343,99899,343,100022,100,99562,343,100023,343,99488,200,100047,100,99451,200,100066,100,99441,100,100074,100,99268,100,100089,100,99026,100,100104,100,,,100128,100,,,100181,100,,
2019-06-28 10:04:17.552450150,99981,243,99899,343,100022,100,99562,343,100023,243,99488,200,100047,100,99451,200,100066,100,99441,100,100074,100,99268,100,100089,100,99026,100,100104,100,,,100128,100,,,100181,100,,
2019-06-28 10:04:20.000000000,100022,197,99899,197,100047,197,99562,197,100066,197,99488,297,100074,197,99451,297,100089,197,99441,197,100104,100,99268,100,100128,100,99026,100,100181,100,,,100704,100,,,100755,100,,
2019-06-28 10:04:30.000000000,100022,265,99899,265,100047,260,99562,260,100066,260,99488,360,100074,100,99451,200,100089,100,99441,100,100104,100,99268,100,100128,100,99026,100,100181,100,,,100704,100,,,100755,100,,
2019-06-28 10:04:31.727712983,100022,265,99899,265,100047,160,99562,260,100066,260,99488,360,100074,100,99451,200,100089,100,99441,100,100104,100,99268,100,100128,100,99026,100,100181,100,,,100248,100,,,100704,100,,
2019-06-28 10:04:32.755748991,100022,265,99981,100,100047,160,99899,265,100066,260,99562,260,100074,100,99488,360,100089,100,99451,200,100104,100,99441,100,100128,100,99026,100,100181,100,,,100248,100,,,100704,100,,
2019-06-28 10:04:38.024944075,100022,165,99981,100,100047,160,99899,265,100066,260,99562,260,100074,100,99488,360,100089,100,99451,200,100104,100,99441,100,100128,100,99026,100,100181,100,,,100248,100,,,100704,100,,
2019-06-28 10:04:40.000000000,100066,343,99981,343,100074,343,99899,343,100089,100,99562,100,100104,100,99488,200,100128,100,99451,200,100181,100,99441,100,100248,100,99026,100,100704,100,,,100755,100,,,100863,100,,
2019-06-28 10:04:50.000000000,100066,265,99981,265,100074,260,99899,260,100089,260,99562,260,100104,100,99488,200,100128,100,99451,200,100181,100,99441,100,100248,100,99026,100,100704,100,,,100755,100,,,100863,100,,
2019-06-28 10:04:51.717787223,100066,165,99981,265,100074,260,99899,260,100089,260,99562,260,100104,100,99488,200,100128,100,99451,200,100181,100,99441,100,100248,100,99026,100,100704,100,,,100755,100,,,100863,100,,
2019-06-28 10:05:00.000000000,100074,222,99981,222,100089,222,99899,222,100104,222,99562,222,100128,222,99488,322,100181,100,99451,200,100248,100,99441,100,100704,100,99026,100,100755,100,,,100863,100,,,100979,100,,
2019-06-28 10:05:06.986541857,100074,222,99981,222,100089,222,99899,222,100104,222,99562,222,100128,222,99488,322,100151,100,99451,200,100181,100,99441,100,100248,100,99026,100,100704,100,,,100755,100,,,100863,100,,
2019-06-28 10:05:10.000000000,100074,265,99981,265,100089,260,99899,260,100104,260,99562,260,100128,100,99488,200,100151,100,99451,200,100181,100,99441,100,100248,100,99026,100,100704,100,,,100755,100,,,100863,100,,
2019-06-28 10:05:13.962669975,100074,265,100047,100,100089,260,99981,265,100104,260,99899,260,100128,100,99562,260,100151,100,99488,200,100181,100,99451,200,100248,100,99441,100,100704,100,99026,100,100755,100,,,100863,100,,
2019-06-28 10:05:20.000000000,100074,265,100047,265,100089,260,99981,260,100104,260,99899,260,100128,100,99562,100,100151,100,99488,200,100181,100,99451,200,100248,100,99441,100,100704,100,99026,100,100755,100,,,100863,100,,
2019-06-28 10:05:30.000000000,100074,586,100047,586,100089,100,99981,100,100104,100,99899,100,100128,100,99562,100,100151,100,99488,200,100181,100,99451,200,100248,100,99441,100,100704,100,99026,100,100755,100,,,100863,100,,
2019-06-28 10:05:31.174403085,100074,586,100047,486,100089,100,99981,100,100104,100,99899,100,100128,100,99562,100,100151,100,99488,200,100181,100,99451,200,100248,100,99441,100,100704,100,99026,100,100755,100,,,100863,100,,
2019-06-28 10:05:40.000000000,100074,197,99981,197,100089,197,99899,197,100104,197,99562,197,100128,197,99488,297,100151,197,99451,297,100181,100,99441,100,100248,100,99026,100,100704,100,,,100755,100,,,100863,100,,
2019-06-28 10:05:50.000000000,100074,265,99981,265,100089,260,99899,260,100104,260,99562,260,100128,100,99488,200,100151,100,99451,200,100181,100,99441,100,100248,100,99026,100,100704,100,,,100755,100,,,100863,100,,
2019-06-28 10:05:50.621677087,100074,265,99981,265,100089,260,99899,160,100104,260,99562,260,100128,100,99488,200,100151,100,99451,200,100181,100,99441,100,100248,100,99026,100,100704,100,,,100755,100,,,100863,100,,
2019-06-28 10:05:58.011129726,100074,265,100048,100,100089,260,99981,265,100104,260,99899,160,100128,100,99562,260,100151,100,99488,200,100181,100,99451,200,100248,100,99441,100,100704,100,99026,100,100755,100,,,100863,100,,
2019-06-28 10:05:58.790665882,100074,265,100048,100,100089,260,99981,265,100104,260,99899,160,100128,100,99896,100,100151,100,99562,260,100181,100,99488,200,100248,100,99451,200,100704,100,99441,100,100755,100,99026,100,100863,100,,
2019-06-28 10:06:00.000000000,100074,343,100048,343,100089,343,99981,343,100104,100,99896,100,100128,100,99562,100,100151,100,99488,200,100181,100,99451,200,100248,100,99441,100,100704,100,99026,100,100755,100,,,100863,100,,
2019-06-28 10:06:04.718274514,100074,343,100048,343,100089,343,99981,343,100104,100,99896,100,100128,100,99729,100,100151,100,99562,100,100181,100,99488,200,100248,100,99451,200,100704,100,99441,100,100755,100,99026,100,100863,100,,
2019-06-28 10:06:10.000000000,100074,265,100048,265,100089,260,99981,260,100104,260,99896,260,100128,100,99729,100,100151,100,99562,100,100181,100,99488,200,100248,100,99451,200,100704,100,99441,100,100755,100,99026,100,100863,100,,
2019-06-28 10:06:20.000000000,100074,343,100048,343,100089,343,99981,343,100104,100,99896,100,100128,100,99729,100,100151,100,99562,100,100181,100,99488,200,100248,100,99451,200,100704,100,99441,100,100755,100,99026,100,100863,100,,
2019-06-28 10:06:30.000000000,100074,197,100048,197,100089,197,99981,197,100104,197,99896,197,100128,197,99729,197,100151,197,99562,197,100181,100,99488,200,100248,100,99451,200,100704,100,99441,100,100755,100,99026,100,100863,100,,
2019-06-28 10:06:31.383929267,100074,197,100048,197,100089,197,100010,100,100104,197,99981,197,100128,197,99896,197,100151,197,99729,197,100181,100,99562,197,100248,100,99488,200,100704,100,99451,200,100755,100,99441,100,100863,100,99026,100
2019-06-28 10:06:38.620955774,100074,197,100048,197,100089,197,100010,100,100104,197,99981,197,100128,197,99896,197,100151,197,99729,197,100181,100,99562,197,100248,100,99488,200,100327,100,99451,200,100704,100,99441,100,100755,100,99026,100
2019-06-28 10:06:40.000000000,100074,586,100048,586,100089,100,100010,100,100104,100,99981,100,100128,100,99896,100,100151,100,99729,100,100181,100,99562,100,100248,100,99488,200,100327,100,99451,200,100704,100,99441,100,100755,100,99026,100
2019-06-28 10:06:42.090235777,100074,586,100048,586,100089,100,100010,100,100104,100,99981,100,100128,100,99896,100,100151,100,99729,100,100181,100,99562,100,100226,100,99488,200,100248,100,99451,200,100327,100,99441,100,100704,100,99026,100
2019-06-28 10:06:46.152049403,100074,586,100048,586,100089,100,100034,100,100104,100,100010,100,100128,100,99981,100,100151,100,99896,100,100181,100,99729,100,100226,100,99562,100,100248,100,99488,200,100327,100,99451,200,100704,100,99441,100
2019-06-28 10:06:50.000000000,100074,265,100048,265,100089,260,100034,260,100104,260,100010,260,100128,100,99981,100,100151,100,99896,100,100181,100,99729,100,100226,100,99562,100,100248,100,99488,200,100327,100,99451,200,100704,100,99441,100
2019-06-28 10:07:00.000000000,100074,343,100048,343,100089,343,100034,343,100104,100,100010,100,100128,100,99981,100,100151,100,99896,100,100181,100,99729,100,100226,100,99562,100,100248,100,99488,200,100327,100,99451,200,100704,100,99441,100
2019-06-28 10:07:10.000000000,100074,586,100048,586,100089,100,100034,100,100104,100,100010,100,100128,100,99981,100,100151,100,99896,100,100181,100,99729,100,100226,100,99562,100,100248,100,99488,200,100327,100,99451,200,100704,100,99441,100
2019-06-28 10:07:20.000000000,100074,197,100048,197,100089,197,100034,197,100104,197,100010,197,100128,197,99981,197,100151,197,99896,197,100181,100,99729,100,100226,100,99562,100,100248,100,99488,200,100327,100,99451,200,100704,100,99441,100
2019-06-28 10:07:30.000000000,100074,222,100048,222,100089,222,100034,222,100104,222,100010,222,100128,222,99981,222,100151,100,99896,100,100181,100,99729,100,100226,100,99562,100,100248,100,99488,200,100327,100,99451,200,100704,100,99441,100
2019-06-28 10:07:40.000000000,100074,343,100048,343,100089,343,100034,343,100104,100,100010,100,100128,100,99981,100,100151,100,99896,100,100181,100,99729,100,100226,100,99562,100,100248,100,99488,200,100327,100,99451,200,100704,100,99441,100
2019-06-28 10:07:44.467816668,100074,343,100048,343,100089,343,100034,343,100104,100,100010,100,100128,100,99981,100,100151,100,99952,100,100181,100,99896,100,100226,100,99729,100,100248,100,99562,100,100327,100,99488,200,100704,100,99451,200
2019-06-28 10:07:50.000000000,100074,586,100048,586,100089,100,100034,100,100104,100,100010,100,100128,100,99981,100,100151,100,99952,100,100181,100,99896,100,100226,100,99729,100,100248,100,99562,100,100327,100,99488,200,100704,100,99451,200
2019-06-28 10:08:00.000000000,100074,222,100048,222,100089,222,100034,222,100104,222,100010,222,100128,222,99981,222,100151,100,99952,100,100181,100,99896,100,100226,100,99729,100,100248,100,99562,100,100327,100,99488,200,100704,100,99451,200
2019-06-28 10:08:04.688809175,100074,222,100048,122,100089,222,100034,222,100104,222,100010,222,100128,222,99981,222,100151,100,99952,100,100181,100,99896,100,100226,100,99729,100,100248,100,99562,100,100327,100,99488,200,100704,100,99451,200
2019-06-28 10:08:10.000000000,100074,197,100034,197,100089,197,100010,197,100104,197,99981,197,100128,197,99952,197,100151,197,99896,197,100181,100,99729,100,100226,100,99562,100,100248,100,99488,200,100327,100,99451,200,100704,100,99441,100
2019-06-28 10:08:14.601636429,100055,100,100034,197,100074,197,100010,197,100089,197,99981,197,100104,197,99952,197,100128,197,99896,197,100151,197,99729,100,100181,100,99562,100,100226,100,99488,200,100248,100,99451,200,100327,100,99441,100
2019-06-28 10:08:20.000000000,100055,343,100034,343,100074,343,100010,343,100089,100,99981,100,100104,100,99952,100,100128,100,99896,100,100151,100,99729,100,100181,100,99562,100,100226,100,99488,200,100248,100,99451,200,100327,100,99441,100
2019-06-28 10:08:30.000000000,100055,343,100034,343,100074,343,100010,343,100089,100,99981,100,100104,100,99952,100,100128,100,99896,100,100151,100,99729,100,100181,100,99562,100,100226,100,99488,200,100248,100,99451,200,100327,100,99441,100
2019-06-28 10:08:40.000000000,100055,265,100034,265,100074,260,100010,260,100089,260,99981,260,100104,100,99952,100,100128,100,99896,100,100151,100,99729,100,100181,100,99562,100,100226,100,99488,200,100248,100,99451,200,100327,100,99441,100
2019-06-28 10:08:50.000000000,100055,586,100034,586,100074,100,100010,100,100089,100,99981,100,100104,100,99952,100,100128,100,99896,100,100151,100,99729,100,100181,100,99562,100,100226,100,99488,200,100248,100,99451,200,100327,100,99441,100
2019-06-28 10:09:00.000000000,100055,265,100034,265,100074,260,100010,260,100089,260,99981,260,100104,100,99952,100,100128,100,99896,100,100151,100,99729,100,100181,100,99562,100,100226,100,99488,200,100248,100,99451,200,100327,100,99441,100
2019-06-28 10:09:10.000000000,100055,343,100034,343,100074,343,100010,343,100089,100,99981,100,100104,100,99952,100,100128,100,99896,100,100151,100,99729,100,100181,100,99562,100,100226,100,99488,200,100248,100,99451,200,100327,100,99441,100
2019-06-28 10:09:20.000000000,100055,343,100034,343,100074,343,100010,343,100089,100,99981,100,100104,100,99952,100,100128,100,99896,100,100151,100,99729,100,100181,100,99562,100,100226,100,99488,200,100248,100,99451,200,100327,100,99441,100
2019-06-28 10:09:30.000000000,100055,586,100034,586,100074,100,100010,100,100089,100,99981,100,100104,100,99952,100,100128,100,99896,100,100151,100,99729,100,100181,100,99562,100,100226,100,99488,200,100248,100,99451,200,100327,100,99441,100
2019-06-28 10:09:40.000000000,100055,222,100034,222,100074,222,100010,222,100089,222,99981,222,100104,222,99952,222,100128,100,99896,100,100151,100,99729,100,100181,100,99562,100,100226,100,99488,200,100248,100,99451,200,100327,100,99441,100
2019-06-28 10:09:44.566953357,100055,222,100034,222,100074,222,100010,222,100089,222,99981,222,100104,222,99952,222,100128,100,99896,100,100151,100,99729,100,100181,100,99562,100,100226,100,99488,200,100248,100,99451,200,100327,100,99441,100
2019-06-28 10:09:47.603591562,100055,222,100034,222,100074,222,100010,222,100089,222,99981,222,100104,222,99952,222,100128,100,99896,100,100151,100,99729,100,100181,100,99562,100,100226,100,99488,200,100248,100,99451,200,100327,100,99441,100
2019-06-28 10:09:50.000000000,100055,265,100034,265,100074,260,100010,260,100089,260,99981,260,100104,100,99952,100,100128,100,99896,100,100151,100,99729,100,100181,100,99562,100,100226,100,99488,200,100248,100,99451,200,100327,100,99441,100
2019-06-28 10:09:58.327652392,100055,165,100034,265,100074,260,100010,260,100089,260,99981,260,100104,100,99952,100,100128,100,99896,100,100151,100,99729,100,100181,100,99562,100,100226,100,99488,200,100248,100,99451,200,100327,100,99441,100
2019-06-28 10:10:00.000000000,100074,265,100034,265,100089,260,100010,260,100104,260,99981,260,100128,100,99952,100,100151,100,99896,100,100181,100,99729,100,100226,100,99562,100,100248,100,99488,200,100327,100,99451,200,100338,100,99441,100
2019-06-28 10:10:03.084388628,100074,165,100034,265,100089,260,100010,260,100104,260,99981,260,100128,100,99952,100,100151,100,99896,100,100181,100,99729,100,100226,100,99562,100,100248,100,99488,200,100327,100,99451,200,100352,100,99441,100
2019-06-28 10:10:10.000000000,100089,586,100034,586,100104,100,100010,100,100128,100,99981,100,100151,100,99952,100,100181,100,99896,100,100226,100,99729,100,100248,100,99562,100,100327,100,99488,200,100352,100,99451,200,100704,100,99441,100
2019-06-28 10:10:18.628972483,100089,586,100055,100,100104,100,100034,586,100128,100,100010,100,100151,100,99981,100,100181,100,99952,100,100226,100,99896,100,100248,100,99729,100,100327,100,99562,100,100352,100,99488,200,100704,100,99451,200
2019-06-28 10:10:20.000000000,100089,222,100055,222,100104,222,100034,222,100128,222,100010,222,100151,222,99981,222,100181,100,99952,100,100226,100,99896,100,100248,100,99729,100,100327,100,99562,100,100352,100,99488,200,100704,100,99451,200
2019-06-28 10:10:24.003211892,100089,222,100055,122,100104,222,100034,222,100128,222,100010,222,100151,222,99981,222,100181,100,99952,100,100226,100,99896,100,100248,100,99729,100,100327,100,99562,100,100352,100,99488,200,100704,100,99451,200
2019-06-28 10:10:30.000000000,100089,197,100034,197,100104,197,100010,197,100128,197,99981,197,100151,197,99952,197,100181,197,99896,197,100226,100,99729,100,100248,100,99562,100,100327,100,99488,200,100352,100,99451,200,100704,100,99441,100
2019-06-28 10:10:37.203976108,100089,197,100056,100,100104,197,100034,197,100128,197,100010,197,100151,197,99981,197,100181,197,99952,197,100226,100,99896,197,100248,100,99729,100,100327,100,99562,100,100352,100,99488,200,100704,100,99451,200
2019-06-28 10:10:40.000000000,100089,222,100056,222,100104,222,100034,222,100128,222,100010,222,100151,222,99981,222,100181,100,99952,100,100226,100,99896,100,100248,100,99729,100,100327,100,99562,100,100352,100,99488,200,100704,100,99451,200
2019-06-28 10:10:50.000000000,100089,586,100056,586,100104,100,100034,100,100128,100,100010,100,100151,100,99981,100,100181,100,99952,100,100226,100,99896,100,100248,100,99729,100,100327,100,99562,100,100352,100,99488,200,100704,100,99451,200
2019-06-28 10:10:58.210334501,100089,586,100056,486,100104,100,100034,100,100128,100,100010,100,100151,100,99981,100,100181,100,99952,100,100226,100,99729,100,100248,100,99562,100,100327,100,99488,200,100352,100,99451,200,100704,100,99441,100
2019-06-28 10:11:00.000000000,100089,197,100034,197,100104,197,100010,197,100128,197,99981,197,100151,197,99952,197,100181,197,99729,197,100226,100,99562,100,100248,100,99488,200,100327,100,99451,200,100352,100,99441,100,100704,100,99026,100
2019-06-28 10:11:02.159805281,100089,197,100034,197,100104,197,100010,197,100128,197,99981,197,100151,197,99952,197,100181,97,99729,197,100226,100,99654,100,100248,100,99562,100,100327,100,99488,200,100352,100,99451,200,100704,100,99441,100
