,ask_price_1,ask_size_1,bid_price_1,bid_size_1,ask_price_2,ask_size_2,bid_price_2,bid_size_2,ask_price_3,ask_size_3,bid_price_3,bid_size_3,ask_price_4,ask_size_4,bid_price_4,bid_size_4,ask_price_5,ask_size_5,bid_price_5,bid_size_5,ask_price_6,ask_size_6,bid_price_6,bid_size_6,ask_price_7,ask_size_7,bid_price_7,bid_size_7,ask_price_8,ask_size_8,bid_price_8,bid_size_8,ask_price_9,ask_size_9,bid_price_9,bid_size_9,ask_price_10,ask_size_10,bid_price_10,bid_size_10
2019-06-28 09:30:00.000000000,99993,100,,,100115,100,,,100153,100,,,,,,,,,,,,,,,,,,,,,,,,,,,,,,
2019-06-28 09:30:00.000000001,100115,100,99829,100,100153,100,,,,,,,,,,,,,,,,,,,,,,,,,,,,,,,,,,
2019-06-28 09:30:00.000000003,100115,100,99903,100,100153,100,99840,100,,,99829,100,,,,,,,,,,,,,,,,,,,,,,,,,,,,
2019-06-28 09:30:00.000000007,100115,100,99951,100,100153,100,99903,100,,,99888,100,,,99840,100,,,99829,100,,,,,,,,,,,,,,,,,,,,
2019-06-28 09:30:00.000000008,100057,100,99952,100,100115,100,99951,100,100153,100,99903,100,,,99888,100,,,99840,100,,,99829,100,,,99824,100,,,,,,,,,,,,
2019-06-28 09:30:00.000000009,99981,100,99952,100,100057,100,99951,100,100115,100,99903,100,100153,100,99888,100,,,99840,100,,,99829,100,,,99824,100,,,,,,,,,,,,
2019-06-28 09:30:00.000000011,100057,100,99952,100,100115,100,99951,100,100153,100,99903,100,,,99888,100,,,99840,100,,,99829,100,,,99824,100,,,,,,,,,,,,
2019-06-28 09:30:00.000000012,99993,100,99952,100,100057,100,99951,100,100115,100,99903,100,100153,100,99888,100,,,99840,100,,,99829,100,,,99824,100,,,,,,,,,,,,
2019-06-28 09:30:00.000000014,99993,100,99952,100,100057,100,99951,100,100115,100,99903,100,100153,100,99888,100,100156,100,99840,100,,,99829,100,,,99824,100,,,,,,,,,,,,
2019-06-28 09:30:00.000000017,99993,100,99952,100,100057,100,99951,100,100115,100,99903,100,100153,100,99888,100,100156,100,99840,100,100189,100,99829,100,,,99824,100,,,,,,,,,,,,
2019-06-28 09:30:00.000000018,99993,100,99981,100,100057,100,99952,100,100115,100,99951,100,100153,100,99903,100,100156,100,99888,100,100189,100,99870,100,,,99840,100,,,99829,100,,,99824,100,,,,
2019-06-28 09:30:00.000000019,99993,200,99981,100,100057,100,99952,100,100088,100,99951,100,100115,100,99903,100,100153,100,99888,100,100156,100,99870,100,100189,100,99869,100,,,99840,100,,,99829,100,,,99824,100
2019-06-28 09:30:00.000000020,99993,200,99981,100,100057,100,99952,100,100088,100,99951,100,100115,100,99933,100,100153,100,99903,100,100156,100,99888,100,100189,100,99870,100,,,99869,100,,,99840,100,,,99829,100
2019-06-28 09:30:00.000000022,99989,100,99981,100,99993,200,99952,100,100057,100,99951,100,100088,100,99933,100,100115,100,99903,100,100153,100,99888,100,100156,100,99870,100,100189,100,99869,100,,,99840,100,,,99829,100
2019-06-28 09:30:00.000000024,99989,100,99981,100,99993,300,99965,100,100057,100,99952,100,100088,100,99951,100,100115,100,99933,100,100153,100,99903,100,100156,100,99888,100,100189,100,99870,100,,,99869,100,,,99840,100
2019-06-28 09:30:00.000000028,99989,100,99981,100,99993,300,99978,100,100057,100,99965,100,100088,100,99952,100,100115,100,99951,100,100153,100,99933,100,100156,100,99903,100,100189,100,99888,100,,,99870,100,,,99869,100
2019-06-28 09:30:00.000000031,99989,100,99981,100,99993,300,99978,100,100057,100,99965,100,100088,100,99952,100,100115,100,99951,100,100153,100,99933,100,100156,100,99903,100,100189,100,99888,100,,,99870,100,,,99869,100
2019-06-28 09:30:00.000000035,99989,100,99981,100,99993,300,99978,100,100057,100,99977,100,100088,100,99965,100,100115,100,99952,100,100153,100,99951,100,100156,100,99933,100,100189,100,99903,100,,,99888,100,,,99870,100
2019-06-28 09:30:00.000000037,99989,100,99981,100,99993,300,99978,100,100057,100,99977,100,100088,100,99971,100,100115,100,99965,100,100153,100,99952,100,100156,100,99951,100,100189,100,99933,100,,,99903,100,,,99888,100
2019-06-28 09:30:00.000000038,99989,100,99981,100,99993,300,99978,100,100057,100,99977,100,100088,100,99971,100,100110,100,99965,100,100115,100,99952,100,100153,100,99951,100,100156,100,99933,100,100189,100,99903,100,,,99888,100
2019-06-28 09:30:00.000000040,99989,100,99981,200,99993,300,99978,100,100057,100,99977,100,100088,100,99971,100,100110,100,99965,100,100115,100,99952,100,100153,100,99951,100,100156,100,99933,100,100189,100,99903,100,,,99888,100
2019-06-28 09:30:00.000000041,99989,100,99981,100,99993,300,99978,100,100057,100,99977,100,100088,100,99971,100,100110,100,99965,100,100115,100,99952,100,100153,100,99951,100,100156,100,99933,100,100189,100,99903,100,,,99888,100
2019-06-28 09:30:00.000000043,99989,100,99982,100,99993,300,99981,100,100057,100,99978,100,100088,100,99977,100,100110,100,99971,100,100115,100,99965,100,100153,100,99952,100,100156,100,99951,100,100189,100,99933,100,,,99903,100
2019-06-28 09:30:00.000000047,99989,100,99981,100,99993,300,99978,100,100057,100,99977,100,100088,100,99971,100,100110,100,99965,100,100115,100,99952,100,100153,100,99951,100,100156,100,99933,100,100189,100,99903,100,,,99888,100
2019-06-28 09:30:00.000000048,99993,300,99981,100,100057,100,99978,100,100088,100,99977,100,100110,100,99971,100,100115,100,99965,100,100153,100,99952,100,100156,100,99951,100,100189,100,99933,100,,,99903,100,,,99888,100
2019-06-28 09:30:00.000000049,99993,300,99981,200,100057,100,99978,100,100088,100,99977,100,100110,100,99971,100,100115,100,99965,100,100153,100,99952,100,100156,100,99951,100,100189,100,99933,100,,,99903,100,,,99888,100
2019-06-28 09:30:00.000000050,99993,300,99981,200,100057,100,99978,100,100088,100,99977,100,100110,100,99971,100,100115,100,99965,100,100153,100,99952,100,100156,100,99951,100,100189,100,99948,100,,,99933,100,,,99903,100
2019-06-28 09:30:00.000000051,99993,300,99981,200,100057,100,99978,100,100088,100,99977,100,100110,100,99971,100,100115,100,99965,100,100153,100,99952,100,100156,100,99951,100,100189,100,99948,100,,,99933,100,,,99903,100
2019-06-28 09:30:00.000000052,99993,300,99981,100,100057,100,99978,100,100088,100,99977,100,100110,100,99971,100,100115,100,99965,100,100153,100,99952,100,100156,100,99951,100,100189,100,99948,100,,,99933,100,,,99903,100
2019-06-28 09:30:00.000000057,99993,200,99981,100,100057,100,99978,100,100088,100,99977,100,100110,100,99971,100,100115,100,99965,100,100153,100,99952,100,100156,100,99951,100,100189,100,99948,100,,,99933,100,,,99903,100
2019-06-28 09:30:00.000000058,99993,200,99981,100,100057,100,99978,100,100088,100,99977,100,100110,100,99971,100,100115,100,99965,100,100153,100,99952,100,100156,100,99951,100,100189,100,99948,100,,,99933,100,,,99903,100
2019-06-28 09:30:00.000000061,99993,200,99981,100,100057,100,99978,100,100088,100,99977,100,100110,100,99971,100,100115,100,99965,100,100153,100,99952,100,100156,100,99951,100,100189,100,99948,100,,,99933,100,,,99903,100
2019-06-28 09:30:00.000000062,99993,200,99981,100,100034,100,99978,100,100057,100,99977,100,100078,100,99971,100,100088,100,99965,100,100110,100,99952,100,100115,100,99951,100,100153,100,99948,100,100156,100,99933,100,100189,100,99903,100
2019-06-28 09:30:00.000000063,99993,200,99978,100,100034,100,99977,100,100057,100,99971,100,100078,100,99965,100,100088,100,99952,100,100110,100,99951,100,100115,100,99948,100,100153,100,99933,100,100156,100,99903,100,100189,100,99888,100
2019-06-28 09:30:00.000000065,99993,100,99978,100,100034,100,99977,100,100057,100,99971,100,100078,100,99965,100,100088,100,99952,100,100110,100,99951,100,100115,100,99948,100,100153,100,99933,100,100156,100,99903,100,100189,100,99888,100
2019-06-28 09:30:00.000000067,99993,100,99978,100,100013,100,99977,100,100034,100,99971,100,100057,100,99965,100,100078,100,99952,100,100088,100,99951,100,100110,100,99948,100,100115,100,99933,100,100153,100,99903,100,100156,100,99888,100
2019-06-28 09:30:00.000000068,99993,100,99978,100,100013,100,99977,100,100034,100,99971,100,100057,100,99965,100,100078,100,99955,100,100088,100,99952,100,100110,100,99951,100,100115,100,99948,100,100153,100,99933,100,100156,100,99903,100
2019-06-28 09:30:00.000000069,99993,100,99978,100,100013,100,99977,100,100034,100,99971,100,100057,100,99965,100,100074,100,99955,100,100078,100,99952,100,100088,100,99951,100,100110,100,99948,100,100115,100,99933,100,100153,100,99903,100
2019-06-28 09:30:00.000000070,99993,100,99978,100,100013,100,99977,100,100034,100,99971,100,100057,100,99965,100,100074,100,99955,100,100078,100,99952,100,100088,100,99951,100,100100,100,99948,100,100110,100,99933,100,100115,100,99903,100
2019-06-28 09:30:00.000000075,99993,100,99978,100,100013,100,99977,100,100034,100,99971,100,100057,100,99965,100,100068,100,99955,100,100074,100,99952,100,100078,100,99951,100,100088,100,99948,100,100100,100,99933,100,100110,100,99903,100
2019-06-28 09:30:00.000000082,99993,100,99981,100,100013,100,99978,100,100034,100,99977,100,100057,100,99971,100,100068,100,99965,100,100074,100,99955,100,100078,100,99952,100,100088,100,99951,100,100100,100,99948,100,100110,100,99933,100
2019-06-28 09:30:00.000000084,99993,100,99981,100,100013,100,99978,100,100034,100,99977,100,100057,100,99971,100,100068,100,99965,100,100074,100,99955,100,100078,100,99953,100,100088,100,99952,100,100100,100,99951,100,100110,100,99948,100
2019-06-28 09:30:00.000000085,99993,100,99981,100,100013,100,99978,100,100034,100,99977,100,100057,100,99971,100,100068,100,99965,100,100074,100,99955,100,100078,100,99953,100,100088,100,99952,100,100100,100,99951,100,100110,100,99948,100
2019-06-28 09:30:00.000000086,99992,100,99981,100,99993,100,99978,100,100013,100,99977,100,100034,100,99971,100,100057,100,99965,100,100068,100,99955,100,100074,100,99953,100,100078,100,99952,100,100088,100,99951,100,100100,100,99948,100
2019-06-28 09:30:00.000000087,99992,100,99981,200,99993,100,99978,100,100013,100,99977,100,100034,100,99971,100,100057,100,99965,100,100068,100,99955,100,100074,100,99953,100,100078,100,99952,100,100088,100,99951,100,100100,100,99948,100
2019-06-28 09:30:00.000000088,99992,100,99981,200,99993,100,99978,100,100013,100,99977,100,100034,100,99971,100,100057,100,99965,100,100068,100,99955,100,100074,100,99953,100,100078,100,99952,100,100088,100,99951,100,100100,100,99950,100
2019-06-28 09:30:00.000000089,99992,100,99981,200,99993,200,99978,100,100013,100,99977,100,100034,100,99971,100,100057,100,99965,100,100068,100,99955,100,100074,100,99953,100,100078,100,99952,100,100088,100,99951,100,100100,100,99950,100
2019-06-28 09:30:00.000000091,99992,100,99981,200,99993,200,99978,100,100013,100,99977,100,100034,100,99971,100,100057,100,99965,100,100068,100,99955,100,100074,100,99953,100,100078,100,99952,100,100088,100,99951,100,100100,100,99950,100
2019-06-28 09:30:00.000000094,99992,100,99981,200,99993,300,99978,100,100013,100,99977,100,100034,100,99971,100,100057,100,99965,100,100068,100,99955,100,100074,100,99953,100,100078,100,99952,100,100088,100,99951,100,100100,100,99950,100
2019-06-28 09:30:00.000000096,99992,100,99981,200,99993,300,99978,100,100013,100,99977,100,100034,100,99971,100,100057,100,99965,100,100068,100,99955,100,100074,100,99953,100,100078,100,99952,100,100088,100,99951,100,100100,100,99950,100
2019-06-28 09:30:10.000000000,99992,582,99981,682,99993,300,99978,100,100013,100,99977,100,100034,100,99971,100,100057,100,99965,100,100068,100,99955,100,100074,100,99953,100,100078,100,99952,100,100088,100,99951,100,100100,100,99950,100
2019-06-28 09:30:18.197404522,99992,582,99981,682,99993,300,99978,100,100013,100,99977,100,100034,100,99971,100,100057,100,99965,100,100068,100,99955,100,100074,100,99953,100,100078,100,99952,100,100088,100,99951,100,100100,100,99950,100
2019-06-28 09:30:20.000000000,99992,220,99981,320,99993,420,99978,220,100013,220,99977,220,100034,220,99971,220,100057,100,99965,100,100068,100,99955,100,100074,100,99953,100,100078,100,99952,100,100088,100,99951,100,100100,100,99950,100
2019-06-28 09:30:30.000000000,99992,582,99981,682,99993,300,99978,100,100013,100,99977,100,100034,100,99971,100,100057,100,99965,100,100068,100,99955,100,100074,100,99953,100,100078,100,99952,100,100088,100,99951,100,100100,100,99950,100
2019-06-28 09:30:40.000000000,99992,196,99981,296,99993,396,99978,196,100013,196,99977,196,100034,196,99971,196,100057,196,99965,196,100068,100,99955,100,100074,100,99953,100,100078,100,99952,100,100088,100,99951,100,100100,100,99950,100
2019-06-28 09:30:50.000000000,99992,264,99981,364,99993,459,99978,259,100013,259,99977,259,100034,100,99971,100,100057,100,99965,100,100068,100,99955,100,100074,100,99953,100,100078,100,99952,100,100088,100,99951,100,100100,100,99950,100
2019-06-28 09:31:00.000000000,99992,220,99981,320,99993,420,99978,220,100013,220,99977,220,100034,220,99971,220,100057,100,99965,100,100068,100,99955,100,100074,100,99953,100,100078,100,99952,100,100088,100,99951,100,100100,100,99950,100
2019-06-28 09:31:10.000000000,99992,264,99981,364,99993,459,99978,259,100013,259,99977,259,100034,100,99971,100,100057,100,99965,100,100068,100,99955,100,100074,100,99953,100,100078,100,99952,100,100088,100,99951,100,100100,100,99950,100
2019-06-28 09:31:20.000000000,99992,264,99981,364,99993,459,99978,259,100013,259,99977,259,100034,100,99971,100,100057,100,99965,100,100068,100,99955,100,100074,100,99953,100,100078,100,99952,100,100088,100,99951,100,100100,100,99950,100
2019-06-28 09:31:29.193955925,99992,264,99981,264,99993,459,99978,259,100013,259,99977,259,100034,100,99971,100,100057,100,99965,100,100068,100,99955,100,100074,100,99953,100,100078,100,99952,100,100088,100,99951,100,100100,100,99950,100
2019-06-28 09:31:30.000000000,99992,264,99981,264,99993,459,99978,259,100013,259,99977,259,100034,100,99971,100,100057,100,99965,100,100068,100,99955,100,100074,100,99953,100,100078,100,99952,100,100088,100,99951,100,100100,100,99950,100
2019-06-28 09:31:40.000000000,99992,582,99981,582,99993,300,99978,100,100013,100,99977,100,100034,100,99971,100,100057,100,99965,100,100068,100,99955,100,100074,100,99953,100,100078,100,99952,100,100088,100,99951,100,100100,100,99950,100
2019-06-28 09:31:48.286561721,99992,582,99981,582,99993,300,99978,100,100013,100,99977,100,100034,100,99971,100,100057,100,99965,100,100068,100,99955,100,100074,100,99953,100,100078,100,99952,100,100088,100,99951,100,100100,100,99950,100
2019-06-28 09:31:50.000000000,99992,264,99981,264,99993,459,99978,259,100013,259,99977,259,100034,100,99971,100,100057,100,99965,100,100068,100,99955,100,100074,100,99953,100,100078,100,99952,100,100088,100,99951,100,100100,100,99950,100
2019-06-28 09:31:52.458961945,99992,264,99981,264,99993,459,99978,259,100013,259,99977,259,100034,100,99971,100,100057,100,99965,100,100068,100,99955,100,100074,100,99953,100,100078,100,99952,100,100088,100,99951,100,100100,100,99950,100
2019-06-28 09:31:54.080548564,99992,264,99981,264,99993,459,99978,259,100013,259,99977,259,100034,100,99971,100,100057,100,99965,100,100068,100,99955,100,100074,100,99953,100,100078,100,99952,100,100088,100,99951,100,100100,100,99950,100
2019-06-28 09:32:00.000000000,99992,582,99981,582,99993,300,99978,100,100013,100,99977,100,100034,100,99971,100,100057,100,99965,100,100068,100,99955,100,100074,100,99953,100,100078,100,99952,100,100088,100,99951,100,100100,100,99950,100
2019-06-28 09:32:10.000000000,99992,264,99981,264,99993,459,99978,259,100013,259,99977,259,100034,100,99971,100,100057,100,99965,100,100068,100,99955,100,100074,100,99953,100,100078,100,99952,100,100088,100,99951,100,100100,100,99950,100
2019-06-28 09:32:12.571919696,99992,264,99981,264,99993,459,99978,259,100013,259,99977,259,100034,100,99971,100,100057,100,99965,100,100068,100,99953,100,100074,100,99952,100,100078,100,99951,100,100088,100,99950,100,100100,100,99948,100
2019-06-28 09:32:20.000000000,99992,196,99981,196,99993,396,99978,196,100013,196,99977,196,100034,196,99971,196,100057,196,99965,196,100068,100,99953,100,100074,100,99952,100,100078,100,99951,100,100088,100,99950,100,100100,100,99948,100
2019-06-28 09:32:30.000000000,99992,341,99981,341,99993,541,99978,341,100013,100,99977,100,100034,100,99971,100,100057,100,99965,100,100068,100,99953,100,100074,100,99952,100,100078,100,99951,100,100088,100,99950,100,100100,100,99948,100
2019-06-28 09:32:30.354278944,99991,100,99981,341,99992,341,99978,341,99993,541,99977,100,100013,100,99971,100,100034,100,99965,100,100057,100,99953,100,100068,100,99952,100,100074,100,99951,100,100078,100,99950,100,100088,100,99948,100
2019-06-28 09:32:40.000000000,99991,341,99981,341,99992,341,99978,341,99993,300,99977,100,100013,100,99971,100,100034,100,99965,100,100057,100,99953,100,100068,100,99952,100,100074,100,99951,100,100078,100,99950,100,100088,100,99948,100
2019-06-28 09:32:50.000000000,99991,264,99981,264,99992,259,99978,259,99993,459,99977,259,100013,100,99971,100,100034,100,99965,100,100057,100,99953,100,100068,100,99952,100,100074,100,99951,100,100078,100,99950,100,100088,100,99948,100
2019-06-28 09:32:52.225600723,99991,264,99981,164,99992,259,99978,259,99993,459,99977,259,100013,100,99971,100,100034,100,99965,100,100057,100,99953,100,100068,100,99952,100,100074,100,99951,100,100078,100,99950,100,100088,100,99948,100
2019-06-28 09:32:53.259594709,99991,264,99981,164,99992,259,99978,259,99993,459,99977,259,100013,100,99971,100,100034,100,99953,100,100057,100,99952,100,100068,100,99951,100,100074,100,99950,100,100078,100,99948,100,100088,100,99934,100
2019-06-28 09:32:56.689640279,99991,264,99981,64,99992,259,99978,259,99993,459,99977,259,100034,100,99971,100,100057,100,99953,100,100068,100,99952,100,100074,100,99951,100,100078,100,99950,100,100088,100,99948,100,100100,100,99934,100
2019-06-28 09:33:00.000000000,99991,264,99978,264,99992,259,99977,259,99993,459,99971,259,100034,100,99953,100,100057,100,99952,100,100068,100,99951,100,100074,100,99950,100,100078,100,99948,100,100088,100,99934,100,100100,100,99933,100
2019-06-28 09:33:10.000000000,99991,220,99978,220,99992,220,99977,220,99993,420,99971,220,100034,220,99953,220,100057,100,99952,100,100068,100,99951,100,100074,100,99950,100,100078,100,99948,100,100088,100,99934,100,100100,100,99933,100
2019-06-28 09:33:20.000000000,99991,264,99978,264,99992,259,99977,259,99993,459,99971,259,100034,100,99953,100,100057,100,99952,100,100068,100,99951,100,100074,100,99950,100,100078,100,99948,100,100088,100,99934,100,100100,100,99933,100
2019-06-28 09:33:25.907297127,99991,264,99978,164,99992,159,99977,259,99993,459,99971,259,100034,100,99953,100,100057,100,99952,100,100068,100,99951,100,100074,100,99950,100,100078,100,99948,100,100088,100,99934,100,100100,100,99933,100
2019-06-28 09:33:30.000000000,99991,582,99977,582,99993,300,99971,100,100034,100,99953,100,100057,100,99952,100,100068,100,99951,100,100074,100,99950,100,100078,100,99948,100,100088,100,99934,100,100100,100,99933,100,100107,100,99914,100
2019-06-28 09:33:35.580724479,99991,582,99977,582,99993,300,99971,100,100034,100,99953,100,100057,100,99952,100,100068,100,99951,100,100074,100,99950,100,100078,100,99948,100,100088,100,99934,100,100100,100,99933,100,100107,100,99914,100
2019-06-28 09:33:37.941338025,99991,582,99977,582,99993,300,99971,100,100034,100,99953,100,100057,100,99952,100,100068,100,99951,100,100074,100,99950,100,100078,100,99948,100,100088,100,99934,100,100100,100,99933,100,100107,100,99914,100
2019-06-28 09:33:40.000000000,99991,341,99977,341,99993,541,99971,341,100034,100,99953,100,100057,100,99952,100,100068,100,99951,100,100074,100,99950,100,100078,100,99948,100,100088,100,99934,100,100100,100,99933,100,100107,100,99914,100
2019-06-28 09:33:44.676352647,99991,341,99977,341,99993,541,99971,341,100034,100,99953,100,100057,100,99952,100,100068,100,99951,100,100074,100,99950,100,100078,100,99948,100,100088,100,99934,100,100100,100,99933,100,100107,100,99914,100
2019-06-28 09:33:50.000000000,99991,264,99977,264,99993,459,99971,259,100034,259,99953,259,100057,100,99952,100,100068,100,99951,100,100074,100,99950,100,100078,100,99948,100,100088,100,99934,100,100100,100,99933,100,100107,100,99914,100
2019-06-28 09:34:00.000000000,99991,341,99977,341,99993,541,99971,341,100034,100,99953,100,100057,100,99952,100,100068,100,99951,100,100074,100,99950,100,100078,100,99948,100,100088,100,99934,100,100100,100,99933,100,100107,100,99914,100
2019-06-28 09:34:10.000000000,99991,196,99977,196,99993,396,99971,196,100034,196,99953,196,100057,196,99952,196,100068,196,99951,196,100074,100,99950,100,100078,100,99948,100,100088,100,99934,100,100100,100,99933,100,100107,100,99914,100
2019-06-28 09:34:20.000000000,99991,220,99977,220,99993,420,99971,220,100034,220,99953,220,100057,220,99952,220,100068,100,99951,100,100074,100,99950,100,100078,100,99948,100,100088,100,99934,100,100100,100,99933,100,100107,100,99914,100
2019-06-28 09:34:20.174877662,99991,220,99977,120,99993,420,99971,220,100034,220,99953,220,100057,220,99952,220,100068,100,99951,100,100074,100,99950,100,100078,100,99948,100,100088,100,99934,100,100100,100,99933,100,100107,100,99914,100
2019-06-28 09:34:30.000000000,99991,264,99971,264,99993,459,99953,259,100034,259,99952,259,100057,100,99951,100,100068,100,99950,100,100074,100,99948,100,100078,100,99934,100,100088,100,99933,100,100100,100,99914,100,100107,100,99911,100
2019-06-28 09:34:31.227110331,99991,264,99971,264,99993,459,99953,259,100034,259,99952,259,100057,100,99951,100,100068,100,99950,100,100074,100,99948,100,100088,100,99934,100,100100,100,99933,100,100107,100,99914,100,100110,100,99911,100
2019-06-28 09:34:32.662122143,99991,264,99971,164,99993,459,99953,259,100034,259,99952,259,100057,100,99951,100,100068,100,99950,100,100074,100,99948,100,100088,100,99934,100,100100,100,99933,100,100107,100,99914,100,100110,100,99911,100
2019-06-28 09:34:40.000000000,99991,264,99953,264,99993,459,99952,259,100034,259,99951,259,100057,100,99950,100,100068,100,99948,100,100074,100,99934,100,100088,100,99933,100,100100,100,99914,100,100107,100,99911,100,100110,100,99903,100
2019-06-28 09:34:50.000000000,99991,220,99953,220,99993,420,99952,220,100034,220,99951,220,100057,220,99950,220,100068,100,99948,100,100074,100,99934,100,100088,100,99933,100,100100,100,99914,100,100107,100,99911,100,100110,100,99903,100
2019-06-28 09:35:00.000000000,99991,220,99953,220,99993,420,99952,220,100034,220,99951,220,100057,220,99950,220,100068,100,99948,100,100074,100,99934,100,100088,100,99933,100,100100,100,99914,100,100107,100,99911,100,100110,100,99903,100
2019-06-28 09:35:07.479144650,99991,220,99953,120,99993,420,99952,220,100034,220,99951,220,100057,220,99950,220,100068,100,99948,100,100074,100,99934,100,100088,100,99933,100,100100,100,99914,100,100107,100,99911,100,100110,100,99903,100
2019-06-28 09:35:08.294934896,99971,100,99953,120,99991,220,99952,220,99993,420,99951,220,100034,220,99950,220,100057,220,99948,100,100068,100,99934,100,100074,100,99933,100,100088,100,99914,100,100100,100,99911,100,100107,100,99903,100
2019-06-28 09:35:10.000000000,99971,264,99952,264,99991,259,99951,259,99993,459,99950,259,100034,100,99948,100,100057,100,99934,100,100068,100,99933,100,100074,100,99914,100,100088,100,99911,100,100100,100,99903,100,100107,100,99884,100
2019-06-28 09:35:20.000000000,99971,341,99952,341,99991,341,99951,341,99993,300,99950,100,100034,100,99948,100,100057,100,99934,100,100068,100,99933,100,100074,100,99914,100,100088,100,99911,100,100100,100,99903,100,100107,100,99884,100
2019-06-28 09:35:23.186274331,99971,341,99952,241,99991,341,99951,341,99993,300,99950,100,100034,100,99948,100,100057,100,99934,100,100068,100,99933,100,100074,100,99914,100,100088,100,99911,100,100100,100,99903,100,100107,100,99884,100
2019-06-28 09:35:30.000000000,99971,220,99951,220,99991,220,99950,220,99993,420,99948,220,100034,220,99934,220,100057,100,99933,100,100068,100,99914,100,100074,100,99911,100,100088,100,99903,100,100100,100,99884,100,100107,100,99869,100
2019-06-28 09:35:40.000000000,99971,341,99951,341,99991,341,99950,341,99993,300,99948,100,100034,100,99934,100,100057,100,99933,100,100068,100,99914,100,100074,100,99911,100,100088,100,99903,100,100100,100,99884,100,100107,100,99869,100
2019-06-28 09:35:48.364794136,99971,341,99951,241,99991,341,99950,341,99993,300,99948,100,100034,100,99934,100,100057,100,99933,100,100068,100,99914,100,100074,100,99911,100,100088,100,99903,100,100100,100,99884,100,100107,100,99869,100
2019-06-28 09:35:50.000000000,99971,582,99950,582,99991,100,99948,100,99993,300,99934,100,100034,100,99933,100,100057,100,99914,100,100068,100,99911,100,100074,100,99903,100,100088,100,99884,100,100100,100,99869,100,100107,100,99853,100
2019-06-28 09:36:00.000000000,99971,196,99950,196,99991,196,99948,196,99993,396,99934,196,100034,196,99933,196,100057,196,99914,196,100068,100,99911,100,100074,100,99903,100,100088,100,99884,100,100100,100,99869,100,100107,100,99853,100
2019-06-28 09:36:01.718935125,99971,196,99950,196,99991,196,99948,196,99993,396,99934,196,100034,196,99933,196,100057,196,99914,196,100068,100,99911,100,100074,100,99903,100,100088,100,99884,100,100100,100,99869,100,100107,100,99840,100
2019-06-28 09:36:10.000000000,99971,341,99950,341,99991,341,99948,341,99993,300,99934,100,100034,100,99933,100,100057,100,99914,100,100068,100,99911,100,100074,100,99903,100,100088,100,99884,100,100100,100,99869,100,100107,100,99840,100
2019-06-28 09:36:20.000000000,99971,582,99950,582,99991,100,99948,100,99993,300,99934,100,100034,100,99933,100,100057,100,99914,100,100068,100,99911,100,100074,100,99903,100,100088,100,99884,100,100100,100,99869,100,100107,100,99840,100
2019-06-28 09:36:26.960741164,99952,100,99950,582,99971,582,99948,100,99993,300,99934,100,100034,100,99933,100,100057,100,99914,100,100068,100,99911,100,100074,100,99903,100,100088,100,99884,100,100100,100,99869,100,100107,100,99840,100
2019-06-28 09:36:30.000000000,99952,582,99950,582,99971,100,99948,100,99993,300,99934,100,100034,100,99933,100,100057,100,99914,100,100068,100,99911,100,100074,100,99903,100,100088,100,99884,100,100100,100,99869,100,100107,100,99840,100
2019-06-28 09:36:40.000000000,99952,220,99950,220,99971,220,99948,220,99993,420,99934,220,100034,220,99933,220,100057,100,99914,100,100068,100,99911,100,100074,100,99903,100,100088,100,99884,100,100100,100,99869,100,100107,100,99840,100
2019-06-28 09:36:41.739617026,99952,220,99950,220,99971,220,99948,220,99993,420,99934,220,100034,220,99933,220,100057,100,99914,100,100068,100,99911,100,100074,100,99903,100,100088,100,99884,100,100107,100,99869,100,100110,100,99840,100
2019-06-28 09:36:50.000000000,99952,196,99950,196,99971,196,99948,196,99993,396,99934,196,100034,196,99933,196,100057,196,99914,196,100068,100,99911,100,100074,100,99903,100,100088,100,99884,100,100107,100,99869,100,100110,100,99840,100
2019-06-28 09:37:00.000000000,99952,196,99950,196,99971,196,99948,196,99993,396,99934,196,100034,196,99933,196,100057,196,99914,196,100068,100,99911,100,100074,100,99903,100,100088,100,99884,100,100107,100,99869,100,100110,100,99840,100
2019-06-28 09:37:10.000000000,99952,220,99950,220,99971,220,99948,220,99993,420,99934,220,100034,220,99933,220,100057,100,99914,100,100068,100,99911,100,100074,100,99903,100,100088,100,99884,100,100107,100,99869,100,100110,100,99840,100
2019-06-28 09:37:18.753649037,99952,220,99950,220,99971,220,99948,220,99993,320,99934,220,100034,220,99933,220,100057,100,99914,100,100068,100,99911,100,100074,100,99903,100,100088,100,99884,100,100107,100,99869,100,100110,100,99840,100
2019-06-28 09:37:20.000000000,99952,196,99950,196,99971,196,99948,196,99993,296,99934,196,100034,196,99933,196,100057,196,99914,196,100068,100,99911,100,100074,100,99903,100,100088,100,99884,100,100107,100,99869,100,100110,100,99840,100
2019-06-28 09:37:30.000000000,99952,196,99950,196,99971,196,99948,196,99993,296,99934,196,100034,196,99933,196,100057,196,99914,196,100068,100,99911,100,100074,100,99903,100,100088,100,99884,100,100107,100,99869,100,100110,100,99840,100
2019-06-28 09:37:34.924352530,99952,196,99950,196,99971,196,99948,196,99993,296,99934,196,100034,196,99933,196,100057,196,99914,196,100068,100,99911,100,100074,100,99903,100,100088,100,99884,100,100107,100,99869,100,100110,100,99840,100
2019-06-28 09:37:40.000000000,99952,264,99950,264,99971,259,99948,259,99993,359,99934,259,100034,100,99933,100,100057,100,99914,100,100068,100,99911,100,100074,100,99903,100,100088,100,99884,100,100107,100,99869,100,100110,100,99840,100
2019-06-28 09:37:50.000000000,99952,220,99950,220,99971,220,99948,220,99993,320,99934,220,100034,220,99933,220,100057,100,99914,100,100068,100,99911,100,100074,100,99903,100,100088,100,99884,100,100107,100,99869,100,100110,100,99840,100
2019-06-28 09:37:58.214963631,99952,220,99950,120,99971,220,99948,220,99993,320,99934,220,100034,220,99933,220,100057,100,99914,100,100068,100,99911,100,100074,100,99903,100,100088,100,99884,100,100107,100,99869,100,100110,100,99840,100
2019-06-28 09:38:00.000000000,99952,341,99948,341,99971,341,99934,341,99993,200,99933,100,100034,100,99914,100,100057,100,99911,100,100068,100,99903,100,100074,100,99884,100,100088,100,99869,100,100107,100,99840,100,100110,100,99824,100
2019-06-28 09:38:00.577349028,99951,100,99948,341,99952,341,99934,341,99971,241,99933,100,99993,200,99914,100,100034,100,99911,100,100057,100,99903,100,100068,100,99884,100,100074,100,99869,100,100088,100,99840,100,100107,100,99824,100
2019-06-28 09:38:10.000000000,99951,220,99948,220,99952,220,99934,220,99993,320,99933,220,100034,220,99914,220,100057,100,99911,100,100068,100,99903,100,100074,100,99884,100,100088,100,99869,100,100107,100,99840,100,100110,100,99824,100
2019-06-28 09:38:20.000000000,99951,582,99948,582,99952,100,99934,100,99993,200,99933,100,100034,100,99914,100,100057,100,99911,100,100068,100,99903,100,100074,100,99884,100,100088,100,99869,100,100107,100,99840,100,100110,100,99824,100
2019-06-28 09:38:22.047711736,99951,582,99948,582,99952,100,99934,100,99993,200,99933,100,100034,100,99914,100,100057,100,99911,100,100068,100,99903,100,100074,100,99884,100,100088,100,99869,100,100107,100,99840,100,100110,100,99824,100
2019-06-28 09:38:23.169688642,99951,582,99948,582,99952,100,99934,100,99993,200,99933,100,100034,100,99914,100,100057,100,99911,100,100068,100,99903,100,100074,100,99884,100,100088,100,99869,100,100107,100,99840,100,100110,100,99824,100
2019-06-28 09:38:30.000000000,99951,264,99948,264,99952,259,99934,259,99993,359,99933,259,100034,100,99914,100,100057,100,99911,100,100068,100,99903,100,100074,100,99884,100,100088,100,99869,100,100107,100,99840,100,100110,100,99824,100
2019-06-28 09:38:34.864443213,99951,364,99948,264,99952,259,99934,259,99993,359,99933,259,100034,100,99914,100,100057,100,99911,100,100068,100,99903,100,100074,100,99884,100,100088,100,99869,100,100107,100,99840,100,100110,100,99824,100
2019-06-28 09:38:40.000000000,99951,682,99948,582,99952,100,99934,100,99993,200,99933,100,100034,100,99914,100,100057,100,99911,100,100068,100,99903,100,100074,100,99884,100,100088,100,99869,100,100107,100,99840,100,100110,100,99824,100
2019-06-28 09:38:50.000000000,99951,296,99948,196,99952,196,99934,196,99993,296,99933,196,100034,196,99914,196,100057,196,99911,196,100068,100,99903,100,100074,100,99884,100,100088,100,99869,100,100107,100,99840,100,100110,100,99824,100
2019-06-28 09:39:00.000000000,99951,296,99948,196,99952,196,99934,196,99993,296,99933,196,100034,196,99914,196,100057,196,99911,196,100068,100,99903,100,100074,100,99884,100,100088,100,99869,100,100107,100,99840,100,100110,100,99824,100
2019-06-28 09:39:10.000000000,99951,364,99948,264,99952,259,99934,259,99993,359,99933,259,100034,100,99914,100,100057,100,99911,100,100068,100,99903,100,100074,100,99884,100,100088,100,99869,100,100107,100,99840,100,100110,100,99824,100
2019-06-28 09:39:20.000000000,99951,682,99948,582,99952,100,99934,100,99993,200,99933,100,100034,100,99914,100,100057,100,99911,100,100068,100,99903,100,100074,100,99884,100,100088,100,99869,100,100107,100,99840,100,100110,100,99824,100
2019-06-28 09:39:21.414379411,99951,682,99948,482,99952,100,99934,100,99993,200,99933,100,100034,100,99914,100,100057,100,99911,100,100068,100,99903,100,100074,100,99884,100,100088,100,99869,100,100107,100,99840,100,100110,100,99824,100
2019-06-28 09:39:30.000000000,99951,296,99934,196,99952,196,99933,196,99993,296,99914,196,100034,196,99911,196,100057,196,99903,196,100068,100,99884,100,100074,100,99869,100,100088,100,99840,100,100107,100,99824,100,100110,100,99811,100
2019-06-28 09:39:36.403832921,99951,296,99934,196,99952,196,99933,196,99993,296,99914,196,100034,196,99911,196,100057,196,99903,196,100068,100,99884,100,100074,100,99869,100,100088,100,99840,100,100107,100,99824,100,100110,100,99811,100
2019-06-28 09:39:40.000000000,99951,320,99934,220,99952,220,99933,220,99993,320,99914,220,100034,220,99911,220,100057,100,99903,100,100068,100,99884,100,100074,100,99869,100,100088,100,99840,100,100107,100,99824,100,100110,100,99811,100
2019-06-28 09:39:50.000000000,99951,682,99934,582,99952,100,99933,100,99993,200,99914,100,100034,100,99911,100,100057,100,99903,100,100068,100,99884,100,100074,100,99869,100,100088,100,99840,100,100107,100,99824,100,100110,100,99811,100
2019-06-28 09:40:00.000000000,99951,441,99934,341,99952,341,99933,341,99993,200,99914,100,100034,100,99911,100,100057,100,99903,100,100068,100,99884,100,100074,100,99869,100,100088,100,99840,100,100107,100,99824,100,100110,100,99811,100
2019-06-28 09:40:10.000000000,99951,441,99934,341,99952,341,99933,341,99993,200,99914,100,100034,100,99911,100,100057,100,99903,100,100068,100,99884,100,100074,100,99869,100,100088,100,99840,100,100107,100,99824,100,100110,100,99811,100
2019-06-28 09:40:20.000000000,99951,441,99934,341,99952,341,99933,341,99993,200,99914,100,100034,100,99911,100,100057,100,99903,100,100068,100,99884,100,100074,100,99869,100,100088,100,99840,100,100107,100,99824,100,100110,100,99811,100
2019-06-28 09:40:30.000000000,99951,320,99934,220,99952,220,99933,220,99993,320,99914,220,100034,220,99911,220,100057,100,99903,100,100068,100,99884,100,100074,100,99869,100,100088,100,99840,100,100107,100,99824,100,100110,100,99811,100
2019-06-28 09:40:40.000000000,99951,682,99934,582,99952,100,99933,100,99993,200,99914,100,100034,100,99911,100,100057,100,99903,100,100068,100,99884,100,100074,100,99869,100,100088,100,99840,100,100107,100,99824,100,100110,100,99811,100
2019-06-28 09:40:41.537722043,99951,682,99934,482,99952,100,99933,100,99993,200,99914,100,100034,100,99911,100,100057,100,99903,100,100068,100,99884,100,100074,100,99869,100,100088,100,99840,100,100107,100,99824,100,100156,100,99811,100
2019-06-28 09:40:50.000000000,99951,364,99933,264,99952,259,99914,259,99993,359,99911,259,100034,100,99903,100,100057,100,99884,100,100068,100,99869,100,100074,100,99840,100,100088,100,99824,100,100107,100,99811,100,100156,100,99781,200
2019-06-28 09:41:00.000000000,99951,296,99933,196,99952,196,99914,196,99993,296,99911,196,100034,196,99903,196,100057,196,99884,196,100068,100,99869,100,100074,100,99840,100,100088,100,99824,100,100107,100,99811,100,100156,100,99781,200
2019-06-28 09:41:09.936958237,99951,296,99933,196,99952,196,99914,196,99993,296,99911,196,100034,196,99903,196,100057,196,99884,196,100068,100,99869,100,100074,100,99840,100,100088,100,99824,100,100107,100,99811,100,100156,100,99781,200
2019-06-28 09:41:10.000000000,99951,441,99933,341,99952,341,99914,341,99993,200,99911,100,100034,100,99903,100,100057,100,99884,100,100068,100,99869,100,100074,100,99840,100,100088,100,99824,100,100107,100,99811,100,100156,100,99781,200
2019-06-28 09:41:17.624155985,99951,441,99933,341,99952,341,99914,341,99993,200,99911,100,100034,100,99903,100,100057,100,99884,100,100068,100,99869,100,100074,100,99840,100,100088,100,99824,100,100107,100,99811,100,100156,100,99781,200
2019-06-28 09:41:20.000000000,99951,682,99933,582,99952,100,99914,100,99993,200,99911,100,100034,100,99903,100,100057,100,99884,100,100068,100,99869,100,100074,100,99840,100,100088,100,99824,100,100107,100,99811,100,100156,100,99781,200
2019-06-28 09:41:30.000000000,99951,296,99933,196,99952,196,99914,196,99993,296,99911,196,100034,196,99903,196,100057,196,99884,196,100068,100,99869,100,100074,100,99840,100,100088,100,99824,100,100107,100,99811,100,100156,100,99781,200
2019-06-28 09:41:40.000000000,99951,682,99933,582,99952,100,99914,100,99993,200,99911,100,100034,100,99903,100,100057,100,99884,100,100068,100,99869,100,100074,100,99840,100,100088,100,99824,100,100107,100,99811,100,100156,100,99781,200
2019-06-28 09:41:50.000000000,99951,682,99933,582,99952,100,99914,100,99993,200,99911,100,100034,100,99903,100,100057,100,99884,100,100068,100,99869,100,100074,100,99840,100,100088,100,99824,100,100107,100,99811,100,100156,100,99781,200
2019-06-28 09:41:57.767670207,99951,682,99933,582,99952,100,99914,100,99993,200,99911,100,100034,100,99903,100,100057,100,99884,100,100068,100,99869,100,100074,100,99840,100,100088,100,99824,100,100107,100,99811,100,100156,100,99781,200
2019-06-28 09:42:00.000000000,99951,364,99933,264,99952,259,99914,259,99993,359,99911,259,100034,100,99903,100,100057,100,99884,100,100068,100,99869,100,100074,100,99840,100,100088,100,99824,100,100107,100,99811,100,100156,100,99781,200
2019-06-28 09:42:07.091078014,99951,364,99933,264,99952,259,99914,259,99993,359,99911,259,100034,100,99903,100,100057,100,99884,100,100068,100,99869,100,100088,100,99840,100,100107,100,99824,100,100156,100,99811,100,100392,100,99781,200
2019-06-28 09:42:10.000000000,99951,441,99933,341,99952,341,99914,341,99993,200,99911,100,100034,100,99903,100,100057,100,99884,100,100068,100,99869,100,100088,100,99840,100,100107,100,99824,100,100156,100,99811,100,100392,100,99781,200
2019-06-28 09:42:20.000000000,99951,296,99933,196,99952,196,99914,196,99993,296,99911,196,100034,196,99903,196,100057,196,99884,196,100068,100,99869,100,100088,100,99840,100,100107,100,99824,100,100156,100,99811,100,100392,100,99781,200
2019-06-28 09:42:30.000000000,99951,441,99933,341,99952,341,99914,341,99993,200,99911,100,100034,100,99903,100,100057,100,99884,100,100068,100,99869,100,100088,100,99840,100,100107,100,99824,100,100156,100,99811,100,100392,100,99781,200
2019-06-28 09:42:40.000000000,99951,441,99933,341,99952,341,99914,341,99993,200,99911,100,100034,100,99903,100,100057,100,99884,100,100068,100,99869,100,100088,100,99840,100,100107,100,99824,100,100156,100,99811,100,100392,100,99781,200
2019-06-28 09:42:50.000000000,99951,682,99933,582,99952,100,99914,100,99993,200,99911,100,100034,100,99903,100,100057,100,99884,100,100068,100,99869,100,100088,100,99840,100,100107,100,99824,100,100156,100,99811,100,100392,100,99781,200
2019-06-28 09:43:00.000000000,99951,364,99933,264,99952,259,99914,259,99993,359,99911,259,100034,100,99903,100,100057,100,99884,100,100068,100,99869,100,100088,100,99840,100,100107,100,99824,100,100156,100,99811,100,100392,100,99781,200
2019-06-28 09:43:06.114854645,99951,364,99933,164,99952,259,99914,259,99993,359,99911,259,100034,100,99903,100,100057,100,99884,100,100068,100,99869,100,100088,100,99840,100,100107,100,99824,100,100156,100,99811,100,100392,100,99781,200
2019-06-28 09:43:10.000000000,99951,364,99914,264,99952,259,99911,259,99993,359,99903,259,100034,100,99884,100,100057,100,99869,100,100068,100,99840,100,100088,100,99824,100,100107,100,99811,100,100156,100,99781,200,100392,100,99463,100
2019-06-28 09:43:20.000000000,99951,320,99914,220,99952,220,99911,220,99993,320,99903,220,100034,220,99884,220,100057,100,99869,100,100068,100,99840,100,100088,100,99824,100,100107,100,99811,100,100156,100,99781,200,100392,100,99463,100
2019-06-28 09:43:25.423981100,99951,320,99914,120,99952,220,99911,220,99993,320,99903,220,100034,220,99884,220,100057,100,99869,100,100068,100,99840,100,100088,100,99824,100,100107,100,99811,100,100156,100,99781,200,100392,100,99463,100
2019-06-28 09:43:30.000000000,99951,682,99911,582,99952,100,99903,100,99993,200,99884,100,100034,100,99869,100,100057,100,99840,100,100068,100,99824,100,100088,100,99811,100,100107,100,99781,200,100156,100,99463,100,100392,100,99278,100
2019-06-28 09:43:31.348803744,99951,682,99911,482,99952,100,99903,100,99993,200,99884,100,100034,100,99869,100,100057,100,99840,100,100068,100,99824,100,100088,100,99811,100,100107,100,99781,200,100156,100,99463,100,100392,100,99278,100
2019-06-28 09:43:37.469710879,99951,682,99911,382,99952,100,99903,100,99993,200,99884,100,100034,100,99869,100,100057,100,99840,100,100068,100,99824,100,100088,100,99811,100,100107,100,99781,200,100156,100,99463,100,100392,100,99278,100
2019-06-28 09:43:40.000000000,99951,682,99903,582,99952,100,99884,100,99993,200,99869,100,100034,100,99840,100,100057,100,99824,100,100068,100,99811,100,100088,100,99781,200,100107,100,99463,100,100156,100,99278,100,100392,100,99125,100
2019-06-28 09:43:50.000000000,99951,441,99903,341,99952,341,99884,341,99993,200,99869,100,100034,100,99840,100,100057,100,99824,100,100068,100,99811,100,100088,100,99781,200,100107,100,99463,100,100156,100,99278,100,100392,100,99125,100
2019-06-28 09:43:58.784667201,99951,441,99903,241,99952,341,99884,341,99993,200,99869,100,100034,100,99840,100,100057,100,99824,100,100068,100,99811,100,100088,100,99781,200,100107,100,99463,100,100156,100,99278,100,100392,100,99125,100
2019-06-28 09:44:00.000000000,99951,441,99884,341,99952,341,99869,341,99993,200,99840,100,100034,100,99824,100,100057,100,99811,100,100068,100,99781,200,100088,100,99463,100,100107,100,99278,100,100156,100,99125,100,100392,100,98939,100
2019-06-28 09:44:10.000000000,99951,682,99884,582,99952,100,99869,100,99993,200,99840,100,100034,100,99824,100,100057,100,99811,100,100068,100,99781,200,100088,100,99463,100,100107,100,99278,100,100156,100,99125,100,100392,100,98939,100
2019-06-28 09:44:10.181775176,99951,682,99884,482,99952,100,99869,100,99993,200,99840,100,100034,100,99824,100,100057,100,99811,100,100068,100,99781,200,100088,100,99463,100,100107,100,99278,100,100156,100,99125,100,100392,100,98939,100
2019-06-28 09:44:16.593859944,99951,682,99884,482,99952,100,99869,100,99993,200,99840,100,100034,100,99824,100,100068,100,99811,100,100088,100,99781,200,100107,100,99463,100,100156,100,99278,100,100392,100,99125,100,,,98939,100
2019-06-28 09:44:16.667147895,99951,682,99884,382,99952,100,99840,100,99993,200,99824,100,100034,100,99811,100,100068,100,99781,200,100088,100,99463,100,100107,100,99278,100,100156,100,99125,100,100392,100,98939,100,,,98895,100
2019-06-28 09:44:20.000000000,99951,296,99840,196,99952,196,99824,196,99993,296,99811,196,100034,196,99781,296,100068,196,99463,196,100088,100,99278,100,100107,100,99125,100,100156,100,98939,100,100392,100,98895,100,,,98863,100
2019-06-28 09:44:22.182179028,99903,100,99840,196,99951,296,99824,196,99952,196,99811,196,99993,296,99781,296,100034,196,99463,196,100068,196,99278,100,100088,100,99125,100,100107,100,98939,100,100156,100,98895,100,100392,100,98863,100
2019-06-28 09:44:26.002872475,99903,200,99840,196,99951,296,99824,196,99952,196,99811,196,99993,296,99781,296,100034,196,99463,196,100068,196,99278,100,100088,100,99125,100,100107,100,98939,100,100156,100,98895,100,100392,100,98863,100
2019-06-28 09:44:30.000000000,99903,682,99840,582,99951,200,99824,100,99952,100,99811,100,99993,200,99781,200,100034,100,99463,100,100068,100,99278,100,100088,100,99125,100,100107,100,98939,100,100156,100,98895,100,100392,100,98863,100
2019-06-28 09:44:40.000000000,99903,320,99840,220,99951,320,99824,220,99952,220,99811,220,99993,320,99781,320,100034,100,99463,100,100068,100,99278,100,100088,100,99125,100,100107,100,98939,100,100156,100,98895,100,100392,100,98863,100
2019-06-28 09:44:41.724819636,99903,320,99840,220,99951,320,99824,220,99952,220,99811,220,99993,320,99781,320,100034,100,99463,100,100068,100,99278,100,100088,100,99125,100,100107,100,98939,100,100156,100,98895,100,100392,100,98863,100
2019-06-28 09:44:47.302941637,99903,320,99840,120,99951,320,99824,220,99952,220,99811,220,99993,320,99781,320,100034,100,99463,100,100068,100,99278,100,100088,100,99125,100,100107,100,98939,100,100156,100,98895,100,100392,100,98863,100
2019-06-28 09:44:50.000000000,99903,364,99824,264,99951,359,99811,259,99952,259,99781,359,99993,200,99463,100,100034,100,99278,100,100068,100,99125,100,100088,100,98939,100,100107,100,98895,100,100156,100,98863,100,100392,100,98795,100
2019-06-28 09:44:52.806303971,99903,364,99824,264,99951,359,99811,259,99952,259,99781,259,99993,200,99463,100,100034,100,99278,100,100068,100,99125,100,100088,100,98958,100,100107,100,98939,100,100156,100,98895,100,100392,100,98863,100
2019-06-28 09:44:59.931200425,99903,364,99824,164,99951,359,99811,259,99952,259,99781,259,99993,200,99463,100,100034,100,99278,100,100068,100,99125,100,100088,100,98958,100,100107,100,98939,100,100156,100,98895,100,100392,100,98863,100
2019-06-28 09:45:00.000000000,99903,364,99811,264,99951,359,99781,259,99952,259,99463,259,99993,200,99278,100,100034,100,99125,100,100068,100,98958,100,100088,100,98939,100,100107,100,98895,100,100156,100,98863,100,100392,100,98795,100
2019-06-28 09:45:10.000000000,99903,441,99811,341,99951,441,99781,341,99952,100,99463,100,99993,200,99278,100,100034,100,99125,100,100068,100,98958,100,100088,100,98939,100,100107,100,98895,100,100156,100,98863,100,100392,100,98795,100
2019-06-28 09:45:20.000000000,99903,441,99811,341,99951,441,99781,341,99952,100,99463,100,99993,200,99278,100,100034,100,99125,100,100068,100,98958,100,100088,100,98939,100,100107,100,98895,100,100156,100,98863,100,100392,100,98795,100
2019-06-28 09:45:21.651367164,99903,441,99811,241,99951,441,99781,341,99952,100,99463,100,99993,200,99278,100,100034,100,99125,100,100068,100,98958,100,100088,100,98939,100,100107,100,98895,100,100156,100,98863,100,100392,100,98795,100
2019-06-28 09:45:30.000000000,99903,682,99781,582,99951,200,99463,100,99952,100,99278,100,99993,200,99125,100,100034,100,98958,100,100068,100,98939,100,100088,100,98895,100,100107,100,98863,100,100156,100,98795,100,100392,100,98772,100
2019-06-28 09:45:40.000000000,99903,364,99781,264,99951,359,99463,259,99952,259,99278,259,99993,200,99125,100,100034,100,98958,100,100068,100,98939,100,100088,100,98895,100,100107,100,98863,100,100156,100,98795,100,100392,100,98772,100
2019-06-28 09:45:45.642062442,99903,364,99781,264,99951,359,99463,259,99952,259,99416,100,99993,200,99278,259,100034,100,99125,100,100068,100,98958,100,100088,100,98939,100,100107,100,98895,100,100156,100,98863,100,100392,100,98795,100
2019-06-28 09:45:50.000000000,99903,364,99781,264,99951,359,99463,259,99952,259,99416,259,99993,200,99278,100,100034,100,99125,100,100068,100,98958,100,100088,100,98939,100,100107,100,98895,100,100156,100,98863,100,100392,100,98795,100
2019-06-28 09:45:59.035075641,99903,364,99781,164,99951,359,99463,259,99952,259,99416,259,99993,200,99278,100,100034,100,99125,100,100068,100,98958,100,100088,100,98939,100,100107,100,98895,100,100156,100,98863,100,100392,100,98795,100
2019-06-28 09:46:00.000000000,99903,320,99463,220,99951,320,99416,220,99952,220,99278,220,99993,320,99125,220,100034,100,98958,100,100068,100,98939,100,100088,100,98895,100,100107,100,98863,100,100156,100,98795,100,100392,100,98772,100
2019-06-28 09:46:10.000000000,99903,441,99463,341,99951,441,99416,341,99952,100,99278,100,99993,200,99125,100,100034,100,98958,100,100068,100,98939,100,100088,100,98895,100,100107,100,98863,100,100156,100,98795,100,100392,100,98772,100
2019-06-28 09:46:13.557259598,99811,100,99463,341,99903,441,99416,341,99951,341,99278,100,99952,100,99125,100,99993,200,98958,100,100034,100,98939,100,100068,100,98895,100,100088,100,98863,100,100107,100,98795,100,100156,100,98772,100
2019-06-28 09:46:15.398025535,99605,100,99463,341,99811,100,99416,341,99903,441,99278,100,99951,341,99125,100,99952,100,98958,100,99993,200,98939,100,100034,100,98895,100,100068,100,98863,100,100088,100,98795,100,100107,100,98772,100
2019-06-28 09:46:20.000000000,99605,582,99463,582,99811,100,99416,100,99903,200,99278,100,99951,100,99125,100,99952,100,98958,100,99993,200,98939,100,100034,100,98895,100,100068,100,98863,100,100088,100,98795,100,100107,100,98772,100
2019-06-28 09:46:30.000000000,99605,196,99463,196,99811,196,99416,196,99903,296,99278,196,99951,196,99125,196,99952,196,98958,196,99993,200,98939,100,100034,100,98895,100,100068,100,98863,100,100088,100,98795,100,100107,100,98772,100
2019-06-28 09:46:37.512804032,99605,196,99463,196,99811,196,99416,196,99903,296,99278,196,99951,196,99125,196,99952,196,98958,196,99993,200,98939,100,100034,100,98895,100,100068,200,98863,100,100088,100,98795,100,100107,100,98772,100
2019-06-28 09:46:40.000000000,99605,341,99463,341,99811,341,99416,341,99903,200,99278,100,99951,100,99125,100,99952,100,98958,100,99993,200,98939,100,100034,100,98895,100,100068,200,98863,100,100088,100,98795,100,100107,100,98772,100
2019-06-28 09:46:50.000000000,99605,196,99463,196,99811,196,99416,196,99903,296,99278,196,99951,196,99125,196,99952,196,98958,196,99993,200,98939,100,100034,100,98895,100,100068,200,98863,100,100088,100,98795,100,100107,100,98772,100
2019-06-28 09:46:54.573994228,99605,196,99463,196,99811,196,99416,196,99903,296,99278,196,99951,196,99125,196,99952,196,98958,196,99993,200,98939,100,100065,100,98895,100,100068,200,98863,100,100088,100,98795,100,100107,100,98772,100
2019-06-28 09:47:00.000000000,99605,582,99463,582,99811,100,99416,100,99903,200,99278,100,99951,100,99125,100,99952,100,98958,100,99993,200,98939,100,100065,100,98895,100,100068,200,98863,100,100088,100,98795,100,100107,100,98772,100
2019-06-28 09:47:01.968422320,99605,582,99463,582,99811,100,99416,100,99903,200,99278,100,99931,100,99125,100,99951,100,98958,100,99952,100,98939,100,99993,200,98895,100,100065,100,98863,100,100068,200,98795,100,100088,100,98721,100
2019-06-28 09:47:10.000000000,99605,220,99463,220,99811,220,99416,220,99903,320,99278,220,99931,220,99125,220,99951,100,98958,100,99952,100,98939,100,99993,200,98895,100,100065,100,98863,100,100068,200,98795,100,100088,100,98721,100
2019-06-28 09:47:18.821379132,99605,220,99463,220,99811,220,99416,220,99903,320,99278,220,99931,220,99125,220,99951,100,98958,100,99952,100,98939,100,99954,100,98895,100,99993,200,98863,100,100065,100,98795,100,100068,200,98721,100
2019-06-28 09:47:20.000000000,99605,196,99463,196,99811,196,99416,196,99903,296,99278,196,99931,196,99125,196,99951,196,98958,196,99952,100,98939,100,99954,100,98895,100,99993,200,98863,100,100065,100,98795,100,100068,200,98721,100
2019-06-28 09:47:21.769357698,99605,196,99463,196,99811,196,99416,196,99853,100,99278,96,99903,296,99125,196,99931,196,98958,196,99951,196,98939,100,99952,100,98895,100,99954,100,98863,100,99993,200,98795,100,100065,100,98721,100
2019-06-28 09:47:30.000000000,99605,196,99463,196,99811,196,99416,196,99853,196,99125,196,99903,296,98958,196,99931,196,98939,196,99951,100,98895,100,99952,100,98863,100,99954,100,98795,100,99993,200,98721,100,100065,100,98624,100
2019-06-28 09:47:33.054870886,99605,96,99463,196,99811,196,99416,196,99853,196,99125,196,99903,296,98958,196,99931,196,98939,196,99951,100,98895,100,99952,100,98863,100,99954,100,98795,100,99993,200,98721,100,100065,100,98624,100
2019-06-28 09:47:40.000000000,99811,264,99463,264,99853,259,99416,259,99903,359,99125,259,99931,100,98958,100,99951,100,98939,100,99952,100,98895,100,99954,100,98863,100,99993,200,98795,100,100065,100,98721,100,100068,200,98624,100
2019-06-28 09:47:50.000000000,99811,582,99463,582,99853,100,99416,100,99903,200,99125,100,99931,100,98958,100,99951,100,98939,100,99952,100,98895,100,99954,100,98863,100,99993,200,98795,100,100065,100,98721,100,100068,200,98624,100
2019-06-28 09:47:55.709449343,99811,482,99463,582,99853,100,99416,100,99903,200,99125,100,99931,100,98958,100,99951,100,98939,100,99952,100,98895,100,99954,100,98863,100,99993,200,98795,100,100065,100,98721,100,100068,200,98624,100
2019-06-28 09:47:58.788675094,99811,482,99463,582,99853,100,99416,100,99903,200,99125,100,99931,100,98958,100,99951,100,98939,100,99952,100,98895,100,99954,100,98795,100,99993,200,98721,100,100065,100,98624,100,100068,200,98276,100
2019-06-28 09:48:00.000000000,99853,264,99463,264,99903,359,99416,259,99931,259,99125,259,99951,100,98958,100,99952,100,98939,100,99954,100,98895,100,99993,200,98795,100,100065,100,98721,100,100068,200,98624,100,100088,100,98276,100
2019-06-28 09:48:04.933566072,99853,164,99463,264,99903,359,99416,259,99931,259,99125,259,99951,100,98958,100,99952,100,98939,100,99954,100,98895,100,99993,200,98795,100,100065,100,98721,100,100068,200,98624,100,100088,100,98276,100
2019-06-28 09:48:10.000000000,99903,296,99463,196,99931,196,99416,196,99951,196,99125,196,99952,196,98958,196,99954,196,98939,196,99993,200,98895,100,100065,100,98795,100,100068,200,98721,100,100088,100,98624,100,100107,100,98276,100
2019-06-28 09:48:20.000000000,99903,441,99463,341,99931,341,99416,341,99951,100,99125,100,99952,100,98958,100,99954,100,98939,100,99993,200,98895,100,100065,100,98795,100,100068,200,98721,100,100088,100,98624,100,100107,100,98276,100
2019-06-28 09:48:20.803939316,99903,441,99463,341,99931,341,99416,341,99951,100,99125,100,99952,100,98958,100,99954,100,98939,100,99993,200,98895,100,100065,100,98795,100,100068,200,98721,100,100088,100,98624,100,100107,100,98276,100
2019-06-28 09:48:30.000000000,99903,682,99463,582,99931,100,99416,100,99951,100,99125,100,99952,100,98958,100,99954,100,98939,100,99993,200,98895,100,100065,100,98795,100,100068,200,98721,100,100088,100,98624,100,100107,100,98276,100
2019-06-28 09:48:40.000000000,99903,320,99463,220,99931,220,99416,220,99951,220,99125,220,99952,220,98958,220,99954,100,98939,100,99993,200,98895,100,100065,100,98795,100,100068,200,98721,100,100088,100,98624,100,100107,100,98276,100
2019-06-28 09:48:47.079728342,99903,320,99463,220,99931,220,99416,220,99951,220,99125,220,99952,220,98958,220,99954,100,98939,100,99993,200,98895,100,100065,100,98795,100,100068,200,98721,100,100088,100,98624,100,100107,100,98276,100
2019-06-28 09:48:48.924908319,99903,220,99463,220,99931,120,99416,220,99951,220,99125,220,99952,220,98958,220,99954,100,98939,100,99993,200,98895,100,100065,100,98795,100,100068,200,98721,100,100088,100,98624,100,100107,100,98276,100
2019-06-28 09:48:50.000000000,99903,264,99463,264,99951,259,99416,259,99952,259,99125,259,99954,100,98958,100,99993,200,98939,100,100065,100,98895,100,100068,200,98795,100,100088,100,98721,100,100107,100,98624,100,100156,100,98276,100
2019-06-28 09:48:51.579709350,99903,264,99463,264,99951,259,99416,259,99952,259,99125,259,99954,100,98958,100,99993,200,98939,100,100065,100,98895,100,100068,200,98795,100,100088,100,98721,100,100107,100,98624,100,100156,100,98276,100
2019-06-28 09:48:54.282999003,99903,164,99463,264,99951,259,99416,259,99952,259,99125,259,99954,100,98958,100,99993,200,98939,100,100065,100,98895,100,100068,200,98795,100,100088,100,98721,100,100107,100,98624,100,100156,100,98276,100
2019-06-28 09:49:00.000000000,99951,341,99463,341,99952,341,99416,341,99954,100,99125,100,99993,200,98958,100,100065,100,98939,100,100068,200,98895,100,100088,100,98795,100,100107,100,98721,100,100156,100,98624,100,100502,100,98276,100
2019-06-28 09:49:10.000000000,99951,341,99463,341,99952,341,99416,341,99954,100,99125,100,99993,200,98958,100,100065,100,98939,100,100068,200,98895,100,100088,100,98795,100,100107,100,98721,100,100156,100,98624,100,100502,100,98276,100
2019-06-28 09:49:18.468154770,99951,341,99463,341,99952,341,99416,341,99954,100,99125,100,99993,200,98958,100,100065,100,98939,100,100068,200,98895,100,100088,100,98795,100,100107,100,98721,100,100156,100,98624,100,100290,100,98276,100
2019-06-28 09:49:20.000000000,99951,220,99463,220,99952,220,99416,220,99954,220,99125,220,99993,320,98958,220,100065,100,98939,100,100068,200,98895,100,100088,100,98795,100,100107,100,98721,100,100156,100,98624,100,100290,100,98276,100
2019-06-28 09:49:29.704343509,99951,220,99463,220,99952,220,99416,220,99954,220,99125,220,99993,320,98958,220,100065,100,98939,100,100068,200,98895,100,100088,100,98795,100,100105,100,98721,100,100107,100,98624,100,100156,100,98276,100
2019-06-28 09:49:30.000000000,99951,220,99463,220,99952,220,99416,220,99954,220,99125,220,99993,320,98958,220,100065,100,98939,100,100068,200,98895,100,100088,100,98795,100,100105,100,98721,100,100107,100,98624,100,100156,100,98276,100
2019-06-28 09:49:40.000000000,99951,196,99463,196,99952,196,99416,196,99954,196,99125,196,99993,296,98958,196,100065,196,98939,196,100068,200,98895,100,100088,100,98795,100,100105,100,98721,100,100107,100,98624,100,100156,100,98276,100
2019-06-28 09:49:50.000000000,99951,582,99463,582,99952,100,99416,100,99954,100,99125,100,99993,200,98958,100,100065,100,98939,100,100068,200,98895,100,100088,100,98795,100,100105,100,98721,100,100107,100,98624,100,100156,100,98276,100
2019-06-28 09:50:00.000000000,99951,220,99463,220,99952,220,99416,220,99954,220,99125,220,99993,320,98958,220,100065,100,98939,100,100068,200,98895,100,100088,100,98795,100,100105,100,98721,100,100107,100,98624,100,100156,100,98276,100
2019-06-28 09:50:02.100952410,99951,220,99463,220,99952,220,99416,220,99954,220,99125,220,99993,320,98958,220,100065,100,98939,100,100068,200,98895,100,100088,100,98795,100,100105,100,98721,100,100107,100,98624,100,100156,100,98276,100
2019-06-28 09:50:10.000000000,99951,220,99463,220,99952,220,99416,220,99954,220,99125,220,99993,320,98958,220,100065,100,98939,100,100068,200,98895,100,100088,100,98795,100,100105,100,98721,100,100107,100,98624,100,100156,100,98276,100
2019-06-28 09:50:20.000000000,99951,582,99463,582,99952,100,99416,100,99954,100,99125,100,99993,200,98958,100,100065,100,98939,100,100068,200,98895,100,100088,100,98795,100,100105,100,98721,100,100107,100,98624,100,100156,100,98276,100
2019-06-28 09:50:21.761576696,99951,582,99463,582,99952,100,99416,100,99954,100,99125,100,99993,200,98958,100,100065,100,98939,100,100068,200,98895,100,100088,100,98795,100,100105,100,98721,100,100107,100,98624,100,100156,100,98276,100
2019-06-28 09:50:23.912554133,99951,482,99463,582,99952,100,99416,100,99954,100,99125,100,99993,200,98958,100,100065,100,98939,100,100068,200,98795,100,100088,100,98721,100,100105,100,98624,100,100107,100,98276,100,100156,100,,
2019-06-28 09:50:24.957753285,99951,482,99903,100,99954,100,99463,582,99993,200,99416,100,100065,100,99125,100,100068,200,98958,100,100088,100,98939,100,100105,100,98795,100,100107,100,98721,100,100156,100,98624,100,100290,100,98276,100
2019-06-28 09:50:30.000000000,99954,220,99903,220,99993,320,99463,220,100065,220,99416,220,100068,320,99125,220,100088,100,98958,100,100105,100,98939,100,100107,100,98795,100,100156,100,98721,100,100290,100,98624,100,100497,100,98276,100
2019-06-28 09:50:40.000000000,99954,196,99903,196,99993,296,99463,196,100065,196,99416,196,100068,296,99125,196,100088,196,98958,196,100105,100,98939,100,100107,100,98795,100,100156,100,98721,100,100290,100,98624,100,100497,100,98276,100
2019-06-28 09:50:48.023226828,99954,196,99903,196,99993,296,99463,196,100065,196,99416,196,100068,196,99125,196,100088,196,98958,196,100105,100,98939,100,100107,100,98795,100,100156,100,98721,100,100290,100,98624,100,100497,100,98276,100
2019-06-28 09:50:50.000000000,99954,264,99903,264,99993,359,99463,259,100065,259,99416,259,100068,100,99125,100,100088,100,98958,100,100105,100,98939,100,100107,100,98795,100,100156,100,98721,100,100290,100,98624,100,100497,100,98276,100
2019-06-28 09:51:00.000000000,99954,196,99903,196,99993,296,99463,196,100065,196,99416,196,100068,196,99125,196,100088,196,98958,196,100105,100,98939,100,100107,100,98795,100,100156,100,98721,100,100290,100,98624,100,100497,100,98276,100
2019-06-28 09:51:10.000000000,99954,341,99903,341,99993,441,99463,341,100065,100,99416,100,100068,100,99125,100,100088,100,98958,100,100105,100,98939,100,100107,100,98795,100,100156,100,98721,100,100290,100,98624,100,100497,100,98276,100
2019-06-28 09:51:20.000000000,99954,341,99903,341,99993,441,99463,341,100065,100,99416,100,100068,100,99125,100,100088,100,98958,100,100105,100,98939,100,100107,100,98795,100,100156,100,98721,100,100290,100,98624,100,100497,100,98276,100
2019-06-28 09:51:29.570119746,99954,341,99903,341,99993,441,99463,341,100065,100,99416,100,100068,100,99125,100,100088,100,98958,100,100105,100,98939,100,100107,100,98795,100,100156,100,98721,100,100172,100,98624,100,100290,100,98276,100
2019-06-28 09:51:30.000000000,99954,264,99903,264,99993,359,99463,259,100065,259,99416,259,100068,100,99125,100,100088,100,98958,100,100105,100,98939,100,100107,100,98795,100,100156,100,98721,100,100172,100,98624,100,100290,100,98276,100
2019-06-28 09:51:35.258573768,99954,264,99953,100,99993,359,99903,264,100065,259,99463,259,100068,100,99416,259,100088,100,99125,100,100105,100,98958,100,100107,100,98939,100,100156,100,98795,100,100172,100,98721,100,100290,100,98624,100
2019-06-28 09:51:40.000000000,99954,264,99953,264,99993,359,99903,259,100065,259,99463,259,100068,100,99416,100,100088,100,99125,100,100105,100,98958,100,100107,100,98939,100,100156,100,98795,100,100172,100,98721,100,100290,100,98624,100
2019-06-28 09:51:48.366492734,99954,264,99953,264,99993,359,99903,359,100065,259,99463,259,100068,100,99416,100,100088,100,99125,100,100105,100,98958,100,100107,100,98939,100,100156,100,98795,100,100172,100,98721,100,100290,100,98624,100
2019-06-28 09:51:50.000000000,99954,196,99953,196,99993,296,99903,296,100065,196,99463,196,100068,196,99416,196,100088,196,99125,196,100105,100,98958,100,100107,100,98939,100,100156,100,98795,100,100172,100,98721,100,100290,100,98624,100
2019-06-28 09:51:59.433125039,99954,96,99953,196,99993,296,99903,296,100065,196,99463,196,100068,196,99416,196,100088,196,99125,196,100105,100,98958,100,100107,100,98939,100,100156,100,98795,100,100172,100,98721,100,100290,100,98624,100
2019-06-28 09:52:00.000000000,99993,682,99953,582,100065,100,99903,200,100068,100,99463,100,100088,100,99416,100,100105,100,99125,100,100107,100,98958,100,100156,100,98939,100,100172,100,98795,100,100290,100,98721,100,100497,100,98624,100
2019-06-28 09:52:10.000000000,99993,364,99953,264,100065,259,99903,359,100068,259,99463,259,100088,100,99416,100,100105,100,99125,100,100107,100,98958,100,100156,100,98939,100,100172,100,98795,100,100290,100,98721,100,100497,100,98624,100
2019-06-28 09:52:10.001520913,99993,364,99954,100,100065,259,99953,264,100068,259,99903,359,100088,100,99463,259,100105,100,99416,100,100107,100,99125,100,100156,100,98958,100,100172,100,98939,100,100290,100,98795,100,100497,100,98721,100
2019-06-28 09:52:20.000000000,99993,296,99954,196,100065,196,99953,196,100068,196,99903,296,100088,196,99463,196,100105,196,99416,196,100107,100,99125,100,100156,100,98958,100,100172,100,98939,100,100290,100,98795,100,100497,100,98721,100
2019-06-28 09:52:20.516040851,99993,296,99954,296,100065,196,99953,196,100068,196,99903,296,100088,196,99463,196,100105,196,99416,196,100107,100,99125,100,100156,100,98958,100,100172,100,98939,100,100290,100,98795,100,100497,100,98721,100
2019-06-28 09:52:30.000000000,99993,296,99954,296,100065,196,99953,196,100068,196,99903,296,100088,196,99463,196,100105,196,99416,196,100107,100,99125,100,100156,100,98958,100,100172,100,98939,100,100290,100,98795,100,100497,100,98721,100
2019-06-28 09:52:30.445778546,99993,296,99954,296,100065,196,99953,196,100068,196,99903,196,100088,196,99463,196,100105,196,99416,196,100107,100,99125,100,100156,100,98958,100,100172,100,98939,100,100290,100,98795,100,100497,100,98721,100
2019-06-28 09:52:37.248586435,99993,196,99954,296,100065,196,99953,196,100068,196,99903,196,100088,196,99463,196,100105,196,99416,196,100107,100,99125,100,100156,100,98958,100,100172,100,98939,100,100290,100,98795,100,100497,100,98721,100
2019-06-28 09:52:38.877859664,99993,96,99954,296,100065,196,99953,196,100068,196,99903,196,100088,96,99463,196,100105,196,99416,196,100107,100,99125,100,100156,100,98958,100,100172,100,98939,100,100290,100,98795,100,100497,100,98721,100
2019-06-28 09:52:40.000000000,100065,582,99954,682,100068,100,99953,100,100105,100,99903,100,100107,100,99463,100,100156,100,99416,100,100172,100,99125,100,100290,100,98958,100,100497,100,98939,100,100502,100,98795,100,100519,100,98721,100
2019-06-28 09:52:50.000000000,100065,196,99954,296,100068,196,99953,196,100105,196,99903,196,100107,196,99463,196,100156,196,99416,196,100172,100,99125,100,100290,100,98958,100,100497,100,98939,100,100502,100,98795,100,100519,100,98721,100
2019-06-28 09:53:00.000000000,100065,582,99954,682,100068,100,99953,100,100105,100,99903,100,100107,100,99463,100,100156,100,99416,100,100172,100,99125,100,100290,100,98958,100,100497,100,98939,100,100502,100,98795,100,100519,100,98721,100
2019-06-28 09:53:08.671314544,100065,582,99954,682,100068,100,99953,100,100105,100,99903,100,100107,100,99463,100,100156,100,99416,100,100172,100,99125,100,100290,100,98958,100,100497,100,98939,100,100502,100,98795,100,100519,100,98721,100
2019-06-28 09:53:10.000000000,100065,264,99954,364,100068,259,99953,259,100105,259,99903,259,100107,100,99463,100,100156,100,99416,100,100172,100,99125,100,100290,100,98958,100,100497,100,98939,100,100502,100,98795,100,100519,100,98721,100
2019-06-28 09:53:20.000000000,100065,582,99954,682,100068,100,99953,100,100105,100,99903,100,100107,100,99463,100,100156,100,99416,100,100172,100,99125,100,100290,100,98958,100,100497,100,98939,100,100502,100,98795,100,100519,100,98721,100
2019-06-28 09:53:21.353858707,100065,582,99954,682,100068,100,99953,100,100105,100,99903,100,100107,100,99463,100,100156,100,99416,100,100172,100,99125,100,100290,100,98958,100,100497,100,98939,100,100502,100,98795,100,100519,100,98721,100
2019-06-28 09:53:26.099628222,100065,482,99954,682,100068,100,99953,100,100105,100,99903,100,100107,100,99463,100,100156,100,99416,100,100172,100,99125,100,100290,100,98939,100,100497,100,98795,100,100502,100,98721,100,100519,100,98624,100
2019-06-28 09:53:30.000000000,100068,264,99954,364,100105,259,99953,259,100107,259,99903,259,100156,100,99463,100,100172,100,99416,100,100290,100,99125,100,100497,100,98939,100,100502,100,98795,100,100519,100,98721,100,100611,100,98624,100
2019-06-28 09:53:40.000000000,100068,264,99954,364,100105,259,99953,259,100107,259,99903,259,100156,100,99463,100,100172,100,99416,100,100290,100,99125,100,100497,100,98939,100,100502,100,98795,100,100519,100,98721,100,100611,100,98624,100
2019-06-28 09:53:50.000000000,100068,264,99954,364,100105,259,99953,259,100107,259,99903,259,100156,100,99463,100,100172,100,99416,100,100290,100,99125,100,100497,100,98939,100,100502,100,98795,100,100519,100,98721,100,100611,100,98624,100
2019-06-28 09:54:00.000000000,100068,196,99954,296,100105,196,99953,196,100107,196,99903,196,100156,196,99463,196,100172,196,99416,196,100290,100,99125,100,100497,100,98939,100,100502,100,98795,100,100519,100,98721,100,100611,100,98624,100
2019-06-28 09:54:10.000000000,100068,341,99954,441,100105,341,99953,341,100107,100,99903,100,100156,100,99463,100,100172,100,99416,100,100290,100,99125,100,100497,100,98939,100,100502,100,98795,100,100519,100,98721,100,100611,100,98624,100
2019-06-28 09:54:20.000000000,100068,264,99954,364,100105,259,99953,259,100107,259,99903,259,100156,100,99463,100,100172,100,99416,100,100290,100,99125,100,100497,100,98939,100,100502,100,98795,100,100519,100,98721,100,100611,100,98624,100
2019-06-28 09:54:30.000000000,100068,220,99954,320,100105,220,99953,220,100107,220,99903,220,100156,220,99463,220,100172,100,99416,100,100290,100,99125,100,100497,100,98939,100,100502,100,98795,100,100519,100,98721,100,100611,100,98624,100
2019-06-28 09:54:40.000000000,100068,341,99954,441,100105,341,99953,341,100107,100,99903,100,100156,100,99463,100,100172,100,99416,100,100290,100,99125,100,100497,100,98939,100,100502,100,98795,100,100519,100,98721,100,100611,100,98624,100
2019-06-28 09:54:50.000000000,100068,196,99954,296,100105,196,99953,196,100107,196,99903,196,100156,196,99463,196,100172,196,99416,196,100290,100,99125,100,100497,100,98939,100,100502,100,98795,100,100519,100,98721,100,100611,100,98624,100
2019-06-28 09:55:00.000000000,100068,582,99954,682,100105,100,99953,100,100107,100,99903,100,100156,100,99463,100,100172,100,99416,100,100290,100,99125,100,100497,100,98939,100,100502,100,98795,100,100519,100,98721,100,100611,100,98624,100
2019-06-28 09:55:07.902060309,100068,582,99954,682,100105,100,99953,100,100107,100,99903,100,100156,100,99463,100,100172,100,99416,100,100249,100,99125,100,100290,100,98939,100,100497,100,98795,100,100502,100,98721,100,100519,100,98624,100
2019-06-28 09:55:10.000000000,100068,341,99954,441,100105,341,99953,341,100107,100,99903,100,100156,100,99463,100,100172,100,99416,100,100249,100,99125,100,100290,100,98939,100,100497,100,98795,100,100502,100,98721,100,100519,100,98624,100
2019-06-28 09:55:17.954238652,100068,341,99954,441,100105,341,99953,341,100107,100,99903,100,100156,100,99463,100,100172,100,99416,100,100249,100,99125,100,100290,100,98939,100,100293,100,98795,100,100497,100,98721,100,100502,100,98624,100
2019-06-28 09:55:20.000000000,100068,264,99954,364,100105,259,99953,259,100107,259,99903,259,100156,100,99463,100,100172,100,99416,100,100249,100,99125,100,100290,100,98939,100,100293,100,98795,100,100497,100,98721,100,100502,100,98624,100
2019-06-28 09:55:20.432508034,100021,100,99954,364,100068,264,99953,259,100105,159,99903,259,100107,259,99463,100,100156,100,99416,100,100172,100,99125,100,100249,100,98939,100,100290,100,98795,100,100293,100,98721,100,100497,100,98624,100
2019-06-28 09:55:30.000000000,100021,341,99954,441,100068,341,99953,341,100107,100,99903,100,100156,100,99463,100,100172,100,99416,100,100249,100,99125,100,100290,100,98939,100,100293,100,98795,100,100497,100,98721,100,100502,100,98624,100
2019-06-28 09:55:40.000000000,100021,196,99954,296,100068,196,99953,196,100107,196,99903,196,100156,196,99463,196,100172,196,99416,196,100249,100,99125,100,100290,100,98939,100,100293,100,98795,100,100497,100,98721,100,100502,100,98624,100
2019-06-28 09:55:50.000000000,100021,264,99954,364,100068,259,99953,259,100107,259,99903,259,100156,100,99463,100,100172,100,99416,100,100249,100,99125,100,100290,100,98939,100,100293,100,98795,100,100497,100,98721,100,100502,100,98624,100
2019-06-28 09:56:00.000000000,100021,341,99954,441,100068,341,99953,341,100107,100,99903,100,100156,100,99463,100,100172,100,99416,100,100249,100,99125,100,100290,100,98939,100,100293,100,98795,100,100497,100,98721,100,100502,100,98624,100
2019-06-28 09:56:01.685016757,100021,341,99993,100,100068,341,99954,441,100107,100,99953,341,100156,100,99903,100,100172,100,99463,100,100249,100,99416,100,100290,100,99125,100,100293,100,98939,100,100497,100,98795,100,100502,100,98721,100
2019-06-28 09:56:10.000000000,100021,196,99993,196,100068,196,99954,296,100107,196,99953,196,100156,196,99903,196,100172,196,99463,196,100249,100,99416,100,100290,100,99125,100,100293,100,98939,100,100497,100,98795,100,100502,100,98721,100
2019-06-28 09:56:20.000000000,100021,264,99993,264,100068,259,99954,359,100107,259,99953,259,100156,100,99903,100,100172,100,99463,100,100249,100,99416,100,100290,100,99125,100,100293,100,98939,100,100497,100,98795,100,100502,100,98721,100
2019-06-28 09:56:30.000000000,100021,341,99993,341,100068,341,99954,441,100107,100,99953,100,100156,100,99903,100,100172,100,99463,100,100249,100,99416,100,100290,100,99125,100,100293,100,98939,100,100497,100,98795,100,100502,100,98721,100
2019-06-28 09:56:40.000000000,100021,341,99993,341,100068,341,99954,441,100107,100,99953,100,100156,100,99903,100,100172,100,99463,100,100249,100,99416,100,100290,100,99125,100,100293,100,98939,100,100497,100,98795,100,100502,100,98721,100
2019-06-28 09:56:49.699779458,100021,341,99993,341,100064,100,99954,441,100068,341,99953,100,100107,100,99463,100,100156,100,99416,100,100172,100,99125,100,100249,100,98939,100,100290,100,98795,100,100293,100,98721,100,100497,100,98624,100
2019-06-28 09:56:50.000000000,100021,220,99993,220,100064,220,99954,320,100068,220,99953,220,100107,220,99463,220,100156,100,99416,100,100172,100,99125,100,100249,100,98939,100,100290,100,98795,100,100293,100,98721,100,100497,100,98624,100
2019-06-28 09:57:00.000000000,100021,264,99993,264,100064,259,99954,359,100068,259,99953,259,100107,100,99463,100,100156,100,99416,100,100172,100,99125,100,100249,100,98939,100,100290,100,98795,100,100293,100,98721,100,100497,100,98624,100
2019-06-28 09:57:04.833888227,100021,264,99993,264,100064,359,99954,359,100068,259,99953,259,100107,100,99463,100,100156,100,99416,100,100172,100,99125,100,100249,100,98939,100,100290,100,98795,100,100293,100,98721,100,100497,100,98624,100
2019-06-28 09:57:10.000000000,100021,341,99993,341,100064,441,99954,441,100068,100,99953,100,100107,100,99463,100,100156,100,99416,100,100172,100,99125,100,100249,100,98939,100,100290,100,98795,100,100293,100,98721,100,100497,100,98624,100
2019-06-28 09:57:10.369849030,100021,341,99993,341,100064,441,99954,441,100068,100,99953,100,100107,100,99463,100,100156,100,99416,100,100172,100,99125,100,100249,100,98939,100,100290,100,98795,100,100293,100,98721,100,100497,100,98624,100
2019-06-28 09:57:20.000000000,100021,264,99993,264,100064,359,99954,359,100068,259,99953,259,100107,100,99463,100,100156,100,99416,100,100172,100,99125,100,100249,100,98939,100,100290,100,98795,100,100293,100,98721,100,100497,100,98624,100
2019-06-28 09:57:22.217955274,100021,264,99993,264,100064,359,99954,359,100068,259,99953,259,100107,100,99829,100,100156,100,99463,100,100172,100,99416,100,100249,100,99125,100,100290,100,98939,100,100293,100,98795,100,100497,100,98721,100
2019-06-28 09:57:30.000000000,100021,582,99993,582,100064,200,99954,200,100068,100,99953,100,100107,100,99829,100,100156,100,99463,100,100172,100,99416,100,100249,100,99125,100,100290,100,98939,100,100293,100,98795,100,100497,100,98721,100
2019-06-28 09:57:37.988904921,100021,582,99993,582,100064,200,99954,200,100068,100,99953,100,100107,100,99829,100,100156,100,99463,100,100172,100,99416,100,100249,100,99125,100,100290,100,98939,100,100293,100,98795,100,100497,100,98721,100
2019-06-28 09:57:40.000000000,100021,196,99993,196,100064,296,99954,296,100068,196,99953,196,100107,196,99829,196,100156,196,99463,196,100172,100,99416,100,100249,100,99125,100,100290,100,98939,100,100293,100,98795,100,100497,100,98721,100
2019-06-28 09:57:50.000000000,100021,341,99993,341,100064,441,99954,441,100068,100,99953,100,100107,100,99829,100,100156,100,99463,100,100172,100,99416,100,100249,100,99125,100,100290,100,98939,100,100293,100,98795,100,100497,100,98721,100
2019-06-28 09:57:53.766341227,100021,341,99993,341,100064,441,99954,441,100068,100,99953,100,100107,100,99829,100,100156,100,99463,100,100172,100,99416,100,100249,100,99125,100,100290,100,98939,100,100293,100,98795,100,100497,100,98721,100
2019-06-28 09:58:00.000000000,100021,582,99993,582,100064,200,99954,200,100068,100,99953,100,100107,100,99829,100,100156,100,99463,100,100172,100,99416,100,100249,100,99125,100,100290,100,98939,100,100293,100,98795,100,100497,100,98721,100
2019-06-28 09:58:04.349940966,100021,482,99993,582,100064,200,99954,200,100068,100,99953,100,100107,100,99829,100,100156,100,99463,100,100172,100,99416,100,100249,100,99125,100,100290,100,98939,100,100293,100,98795,100,100497,100,98721,100
2019-06-28 09:58:10.000000000,100064,320,99993,220,100068,220,99954,320,100107,220,99953,220,100156,220,99829,220,100172,100,99463,100,100249,100,99416,100,100290,100,99125,100,100293,100,98939,100,100497,100,98795,100,100502,100,98721,100
2019-06-28 09:58:10.996309025,100064,320,99993,220,100068,220,99954,320,100107,220,99953,220,100156,220,99829,220,100172,100,99463,100,100249,100,99416,100,100290,100,99125,100,100293,100,98939,100,100497,100,98795,100,100519,100,98721,100
2019-06-28 09:58:20.000000000,100064,320,99993,220,100068,220,99954,320,100107,220,99953,220,100156,220,99829,220,100172,100,99463,100,100249,100,99416,100,100290,100,99125,100,100293,100,98939,100,100497,100,98795,100,100519,100,98721,100
2019-06-28 09:58:30.000000000,100064,441,99993,341,100068,341,99954,441,100107,100,99953,100,100156,100,99829,100,100172,100,99463,100,100249,100,99416,100,100290,100,99125,100,100293,100,98939,100,100497,100,98795,100,100519,100,98721,100
2019-06-28 09:58:39.585496030,100064,441,99993,341,100068,341,99954,441,100107,100,99953,100,100156,100,99829,100,100172,100,99463,100,100249,100,99416,100,100290,100,99125,100,100293,100,98939,100,100497,100,98795,100,100519,100,98721,100
2019-06-28 09:58:40.000000000,100064,296,99993,196,100068,196,99954,296,100107,196,99953,196,100156,196,99829,196,100172,196,99463,196,100249,100,99416,100,100290,100,99125,100,100293,100,98939,100,100497,100,98795,100,100519,100,98721,100
2019-06-28 09:58:45.848879801,100064,296,99993,196,100068,196,99954,296,100107,196,99953,196,100156,196,99829,196,100172,196,99463,196,100249,100,99416,100,100290,100,99125,100,100293,100,98939,100,100497,100,98795,100,100519,100,98721,100
2019-06-28 09:58:50.000000000,100064,320,99993,220,100068,220,99954,320,100107,220,99953,220,100156,220,99829,220,100172,100,99463,100,100249,100,99416,100,100290,100,99125,100,100293,100,98939,100,100497,100,98795,100,100519,100,98721,100
2019-06-28 09:58:50.145179280,100064,220,99993,220,100068,120,99954,320,100107,220,99953,220,100156,220,99829,220,100172,100,99463,100,100249,100,99416,100,100290,100,99125,100,100293,100,98939,100,100497,100,98795,100,100519,100,98721,100
2019-06-28 09:59:00.000000000,100064,582,99993,582,100107,100,99954,200,100156,100,99953,100,100172,100,99829,100,100249,100,99463,100,100290,100,99416,100,100293,100,99125,100,100497,100,98939,100,100519,100,98795,100,100648,100,98721,100
2019-06-28 09:59:10.000000000,100064,220,99993,220,100107,220,99954,320,100156,220,99953,220,100172,220,99829,220,100249,100,99463,100,100290,100,99416,100,100293,100,99125,100,100497,100,98939,100,100519,100,98795,100,100648,100,98721,100
2019-06-28 09:59:20.000000000,100064,196,99993,196,100107,196,99954,296,100156,196,99953,196,100172,196,99829,196,100249,196,99463,196,100290,100,99416,100,100293,100,99125,100,100497,100,98939,100,100519,100,98795,100,100648,100,98721,100
2019-06-28 09:59:28.002079017,100064,96,99993,196,100107,196,99954,296,100156,196,99953,196,100172,196,99829,196,100249,196,99463,196,100290,100,99416,100,100293,100,99125,100,100497,100,98939,100,100519,100,98795,100,100648,100,98721,100
2019-06-28 09:59:30.000000000,100107,220,99993,220,100156,220,99954,320,100172,220,99953,220,100249,220,99829,220,100290,100,99463,100,100293,100,99416,100,100497,100,99125,100,100519,100,98939,100,100648,100,98795,100,100672,100,98721,100
2019-06-28 09:59:35.643259246,100107,120,99993,220,100156,220,99954,320,100172,220,99953,220,100249,220,99829,220,100290,100,99463,100,100293,100,99416,100,100497,100,99125,100,100519,100,98939,100,100648,100,98795,100,100672,100,98721,100
2019-06-28 09:59:39.062222914,100107,120,99993,220,100156,220,99954,320,100172,220,99953,220,100249,220,99829,220,100290,100,99463,100,100293,100,99416,100,100497,100,99125,100,100519,100,98939,100,100591,100,98795,100,100648,100,98721,100
2019-06-28 09:59:40.000000000,100156,196,99993,196,100172,196,99954,296,100249,196,99953,196,100290,196,99829,196,100293,196,99463,196,100497,100,99416,100,100519,100,99125,100,100591,100,98939,100,100648,100,98795,100,100672,100,98721,100
2019-06-28 09:59:45.562711203,100156,196,99993,196,100172,196,99954,296,100249,196,99953,196,100290,196,99829,196,100293,196,99463,196,100497,100,99416,100,100519,100,99125,100,100591,100,98939,100,100613,100,98795,100,100648,100,98721,100
2019-06-28 09:59:50.000000000,100156,582,99993,582,100172,100,99954,200,100249,100,99953,100,100290,100,99829,100,100293,100,99463,100,100497,100,99416,100,100519,100,99125,100,100591,100,98939,100,100613,100,98795,100,100648,100,98721,100
2019-06-28 09:59:59.061457141,100156,582,99993,582,100172,100,99954,200,100249,100,99953,100,100290,100,99829,100,100293,100,99463,100,100497,100,99416,100,100499,100,99125,100,100519,100,98939,100,100591,100,98795,100,100613,100,98721,100
2019-06-28 10:00:00.000000000,100156,264,99993,264,100172,259,99954,359,100249,259,99953,259,100290,100,99829,100,100293,100,99463,100,100497,100,99416,100,100499,100,99125,100,100519,100,98939,100,100591,100,98795,100,100613,100,98721,100
2019-06-28 10:00:05.691573464,100156,264,99993,264,100172,259,99954,359,100249,259,99953,259,100290,100,99829,100,100293,100,99463,100,100497,100,99416,100,100499,100,99125,100,100519,100,98939,100,100591,100,98795,100,100613,100,98721,100
2019-06-28 10:00:10.000000000,100156,220,99993,220,100172,220,99954,320,100249,220,99953,220,100290,220,99829,220,100293,100,99463,100,100497,100,99416,100,100499,100,99125,100,100519,100,98939,100,100591,100,98795,100,100613,100,98721,100
2019-06-28 10:00:10.469581229,100156,220,100064,100,100172,220,99993,220,100249,220,99954,320,100290,220,99953,220,100293,100,99829,220,100497,100,99463,100,100499,100,99416,100,100519,100,99125,100,100591,100,98939,100,100613,100,98795,100
2019-06-28 10:00:20.000000000,100156,220,100064,220,100172,220,99993,220,100249,220,99954,320,100290,220,99953,220,100293,100,99829,100,100497,100,99463,100,100499,100,99416,100,100519,100,99125,100,100591,100,98939,100,100613,100,98795,100
2019-06-28 10:00:30.000000000,100156,196,100064,196,100172,196,99993,196,100249,196,99954,296,100290,196,99953,196,100293,196,99829,196,100497,100,99463,100,100499,100,99416,100,100519,100,99125,100,100591,100,98939,100,100613,100,98795,100
2019-06-28 10:00:32.301011296,100156,196,100064,296,100172,196,99993,196,100249,196,99954,296,100290,196,99953,196,100293,196,99829,196,100497,100,99463,100,100499,100,99416,100,100519,100,99125,100,100591,100,98939,100,100613,100,98795,100
2019-06-28 10:00:34.805654938,100156,196,100064,296,100172,196,99993,196,100249,196,99954,296,100290,196,99953,196,100293,196,99829,196,100307,100,99463,100,100497,100,99416,100,100499,100,99125,100,100519,100,98939,100,100591,100,98795,100
2019-06-28 10:00:40.000000000,100156,341,100064,441,100172,341,99993,341,100249,100,99954,200,100290,100,99953,100,100293,100,99829,100,100307,100,99463,100,100497,100,99416,100,100499,100,99125,100,100519,100,98939,100,100591,100,98795,100
2019-06-28 10:00:44.121811081,100156,341,100064,441,100172,341,99993,341,100249,100,99954,200,100290,100,99953,100,100293,100,99829,100,100307,100,99463,100,100497,100,99416,100,100499,100,99125,100,100519,100,98939,100,100590,100,98795,100
2019-06-28 10:00:44.854588224,100156,341,100064,441,100172,341,99993,341,100249,100,99954,200,100290,100,99953,100,100293,100,99829,100,100307,100,99463,100,100497,100,99416,100,100499,100,99125,100,100503,100,98939,100,100519,100,98795,100
2019-06-28 10:00:50.000000000,100156,196,100064,296,100172,196,99993,196,100249,196,99954,296,100290,196,99953,196,100293,196,99829,196,100307,100,99463,100,100497,100,99416,100,100499,100,99125,100,100503,100,98939,100,100519,100,98795,100
2019-06-28 10:00:56.301265296,100156,196,100064,296,100172,196,99993,196,100249,196,99954,296,100290,196,99953,196,100293,196,99829,196,100307,100,99463,100,100495,100,99125,100,100497,100,98939,100,100499,100,98795,100,100503,100,98721,100
2019-06-28 10:01:00.000000000,100156,220,100064,320,100172,220,99993,220,100249,220,99954,320,100290,220,99953,220,100293,100,99829,100,100307,100,99463,100,100495,100,99125,100,100497,100,98939,100,100499,100,98795,100,100503,100,98721,100
2019-06-28 10:01:01.117708337,100156,220,100064,420,100172,220,99993,220,100249,220,99954,320,100290,220,99953,220,100293,100,99829,100,100307,100,99463,100,100495,100,99125,100,100497,100,98939,100,100499,100,98795,100,100503,100,98721,100
2019-06-28 10:01:10.000000000,100156,264,100064,464,100172,259,99993,259,100249,259,99954,359,100290,100,99953,100,100293,100,99829,100,100307,100,99463,100,100495,100,99125,100,100497,100,98939,100,100499,100,98795,100,100503,100,98721,100
2019-06-28 10:01:20.000000000,100156,220,100064,420,100172,220,99993,220,100249,220,99954,320,100290,220,99953,220,100293,100,99829,100,100307,100,99463,100,100495,100,99125,100,100497,100,98939,100,100499,100,98795,100,100503,100,98721,100
2019-06-28 10:01:26.976236597,100156,220,100064,420,100172,220,99993,220,100249,220,99954,320,100290,220,99953,220,100293,100,99829,100,100307,100,99463,100,100495,100,99125,100,100497,100,98939,100,100499,100,98795,100,100503,100,98721,100
2019-06-28 10:01:30.000000000,100156,196,100064,396,100172,196,99993,196,100249,196,99954,296,100290,196,99953,196,100293,196,99829,196,100307,100,99463,100,100495,100,99125,100,100497,100,98939,100,100499,100,98795,100,100503,100,98721,100
2019-06-28 10:01:40.000000000,100156,196,100064,396,100172,196,99993,196,100249,196,99954,296,100290,196,99953,196,100293,196,99829,196,100307,100,99463,100,100495,100,99125,100,100497,100,98939,100,100499,100,98795,100,100503,100,98721,100
2019-06-28 10:01:45.374020135,100156,96,100064,396,100172,196,99993,196,100249,196,99954,296,100290,196,99953,196,100293,196,99829,196,100307,100,99463,100,100495,100,99125,100,100497,100,98939,100,100499,100,98795,100,100503,100,98721,100
2019-06-28 10:01:48.083835135,100172,196,100156,4,100249,196,100064,396,100290,196,99993,196,100293,196,99954,296,100307,100,99953,196,100495,100,99829,196,100497,100,99463,100,100499,100,99125,100,100503,100,98939,100,100519,100,98795,100
2019-06-28 10:01:50.000000000,100172,220,100156,124,100249,220,100064,420,100290,220,99993,220,100293,220,99954,320,100307,100,99953,100,100495,100,99829,100,100497,100,99463,100,100499,100,99125,100,100503,100,98939,100,100519,100,98795,100
2019-06-28 10:02:00.000000000,100172,264,100156,168,100249,259,100064,459,100290,259,99993,259,100293,100,99954,200,100307,100,99953,100,100495,100,99829,100,100497,100,99463,100,100499,100,99125,100,100503,100,98939,100,100519,100,98795,100
2019-06-28 10:02:10.000000000,100172,264,100156,168,100249,259,100064,459,100290,259,99993,259,100293,100,99954,200,100307,100,99953,100,100495,100,99829,100,100497,100,99463,100,100499,100,99125,100,100503,100,98939,100,100519,100,98795,100
2019-06-28 10:02:20.000000000,100172,220,100156,124,100249,220,100064,420,100290,220,99993,220,100293,220,99954,320,100307,100,99953,100,100495,100,99829,100,100497,100,99463,100,100499,100,99125,100,100503,100,98939,100,100519,100,98795,100
2019-06-28 10:02:26.330041631,100172,220,100156,224,100249,220,100064,420,100290,220,99993,220,100293,220,99954,320,100307,100,99953,100,100495,100,99829,100,100497,100,99463,100,100499,100,99125,100,100503,100,98939,100,100519,100,98795,100
2019-06-28 10:02:30.000000000,100172,582,100156,586,100249,100,100064,300,100290,100,99993,100,100293,100,99954,200,100307,100,99953,100,100495,100,99829,100,100497,100,99463,100,100499,100,99125,100,100503,100,98939,100,100519,100,98795,100
2019-06-28 10:02:40.000000000,100172,341,100156,345,100249,341,100064,541,100290,100,99993,100,100293,100,99954,200,100307,100,99953,100,100495,100,99829,100,100497,100,99463,100,100499,100,99125,100,100503,100,98939,100,100519,100,98795,100
2019-06-28 10:02:47.345888175,100172,241,100156,345,100249,341,100064,541,100290,100,99993,100,100293,100,99954,200,100307,100,99953,100,100495,100,99829,100,100497,100,99463,100,100499,100,99125,100,100503,100,98939,100,100519,100,98795,100
2019-06-28 10:02:50.000000000,100249,582,100156,586,100290,100,100064,300,100293,100,99993,100,100307,100,99954,200,100495,100,99953,100,100497,100,99829,100,100499,100,99463,100,100503,100,99125,100,100519,100,98939,100,100590,100,98795,100
2019-06-28 10:02:56.175085125,100249,582,100156,586,100290,100,100064,300,100293,100,99993,100,100307,100,99954,200,100492,100,99953,100,100495,100,99829,100,100497,100,99463,100,100499,100,99125,100,100503,100,98939,100,100519,100,98795,100
2019-06-28 10:03:00.000000000,100249,220,100156,224,100290,220,100064,420,100293,220,99993,220,100307,220,99954,320,100492,100,99953,100,100495,100,99829,100,100497,100,99463,100,100499,100,99125,100,100503,100,98939,100,100519,100,98795,100
2019-06-28 10:03:08.794137978,100249,220,100156,224,100290,220,100064,420,100293,220,99993,220,100307,220,99954,320,100492,100,99953,100,100495,100,99829,100,100497,100,99463,100,100499,100,99125,100,100503,100,98939,100,100519,100,98795,100
2019-06-28 10:03:10.000000000,100249,196,100156,200,100290,196,100064,396,100293,196,99993,196,100307,196,99954,296,100492,196,99953,196,100495,100,99829,100,100497,100,99463,100,100499,100,99125,100,100503,100,98939,100,100519,100,98795,100
2019-06-28 10:03:20.000000000,100249,196,100156,200,100290,196,100064,396,100293,196,99993,196,100307,196,99954,296,100492,196,99953,196,100495,100,99829,100,100497,100,99463,100,100499,100,99125,100,100503,100,98939,100,100519,100,98795,100
2019-06-28 10:03:30.000000000,100249,196,100156,200,100290,196,100064,396,100293,196,99993,196,100307,196,99954,296,100492,196,99953,196,100495,100,99829,100,100497,100,99463,100,100499,100,99125,100,100503,100,98939,100,100519,100,98795,100
2019-06-28 10:03:39.311938781,100195,100,100156,200,100249,196,100064,396,100290,196,99993,196,100293,196,99954,296,100307,196,99953,196,100492,196,99829,100,100495,100,99463,100,100499,100,99125,100,100503,100,98939,100,100519,100,98795,100
2019-06-28 10:03:40.000000000,100195,264,100156,268,100249,259,100064,459,100290,259,99993,259,100293,100,99954,200,100307,100,99953,100,100492,100,99829,100,100495,100,99463,100,100499,100,99125,100,100503,100,98939,100,100519,100,98795,100
2019-06-28 10:03:47.011746477,100195,264,100156,268,100249,259,100064,459,100290,259,99997,100,100293,100,99993,259,100307,100,99954,200,100492,100,99953,100,100495,100,99829,100,100499,100,99463,100,100503,100,99125,100,100519,100,98939,100
2019-06-28 10:03:50.000000000,100195,196,100156,200,100249,196,100064,396,100290,196,99997,196,100293,196,99993,196,100307,196,99954,296,100492,100,99953,100,100495,100,99829,100,100499,100,99463,100,100503,100,99125,100,100519,100,98939,100
2019-06-28 10:04:00.000000000,100195,264,100156,268,100249,259,100064,459,100290,259,99997,259,100293,100,99993,100,100307,100,99954,200,100492,100,99953,100,100495,100,99829,100,100499,100,99463,100,100503,100,99125,100,100519,100,98939,100
2019-06-28 10:04:07.729899384,100195,264,100156,268,100249,259,100064,459,100290,259,99997,259,100293,100,99993,100,100307,100,99954,200,100492,100,99953,100,100495,100,99829,100,100499,100,99635,100,100503,100,99463,100,100519,100,99125,100
2019-06-28 10:04:08.476876826,100195,264,100156,168,100249,259,100064,459,100290,259,99997,259,100293,100,99993,100,100307,100,99954,200,100492,100,99953,100,100495,100,99829,100,100499,100,99635,100,100503,100,99463,100,100519,100,99125,100
2019-06-28 10:04:10.000000000,100195,196,100156,100,100249,196,100064,396,100290,196,99997,196,100293,196,99993,196,100307,196,99954,296,100492,100,99953,100,100495,100,99829,100,100499,100,99635,100,100503,100,99463,100,100519,100,99125,100
2019-06-28 10:04:14.139400831,100195,196,100156,100,100249,196,100064,396,100290,196,99997,196,100293,196,99993,196,100307,196,99954,196,100492,100,99953,100,100495,100,99829,100,100499,100,99635,100,100503,100,99463,100,100519,100,99125,100
2019-06-28 10:04:15.025057771,100195,196,100156,100,100249,196,100064,396,100290,196,99997,196,100293,196,99993,196,100307,196,99954,196,100492,100,99953,100,100495,100,99829,100,100499,100,99635,100,100503,100,99509,100,100519,100,99463,100
2019-06-28 10:04:19.817824305,100195,196,100156,100,100249,196,100064,396,100290,196,99997,196,100293,196,99993,196,100307,196,99954,196,100492,100,99953,100,100495,100,99829,100,100499,100,99753,100,100503,100,99635,100,100519,100,99509,100
2019-06-28 10:04:20.000000000,100195,196,100156,100,100249,196,100064,396,100290,196,99997,196,100293,196,99993,196,100307,196,99954,196,100492,100,99953,100,100495,100,99829,100,100499,100,99753,100,100503,100,99635,100,100519,100,99509,100
2019-06-28 10:04:30.000000000,100195,220,100156,124,100249,220,100064,420,100290,220,99997,220,100293,220,99993,220,100307,100,99954,100,100492,100,99953,100,100495,100,99829,100,100499,100,99753,100,100503,100,99635,100,100519,100,99509,100
2019-06-28 10:04:36.998097704,100195,220,100156,124,100249,220,100064,420,100290,220,100050,100,100293,120,99997,220,100307,100,99993,220,100492,100,99954,100,100495,100,99953,100,100499,100,99829,100,100503,100,99753,100,100519,100,99635,100
2019-06-28 10:04:40.000000000,100195,582,100156,486,100249,100,100064,300,100290,100,100050,100,100307,100,99997,100,100492,100,99993,100,100495,100,99954,100,100499,100,99953,100,100503,100,99829,100,100519,100,99753,100,100591,100,99635,100
2019-06-28 10:04:50.000000000,100195,220,100156,124,100249,220,100064,420,100290,220,100050,220,100307,220,99997,220,100492,100,99993,100,100495,100,99954,100,100499,100,99953,100,100503,100,99829,100,100519,100,99753,100,100591,100,99635,100
2019-06-28 10:05:00.000000000,100195,220,100156,124,100249,220,100064,420,100290,220,100050,220,100307,220,99997,220,100492,100,99993,100,100495,100,99954,100,100499,100,99953,100,100503,100,99829,100,100519,100,99753,100,100591,100,99635,100
2019-06-28 10:05:10.000000000,100195,220,100156,124,100249,220,100064,420,100290,220,100050,220,100307,220,99997,220,100492,100,99993,100,100495,100,99954,100,100499,100,99953,100,100503,100,99829,100,100519,100,99753,100,100591,100,99635,100
2019-06-28 10:05:13.632272186,100195,220,100156,124,100249,220,100064,420,100290,220,100050,220,100307,220,99997,220,100406,100,99993,100,100492,100,99954,100,100495,100,99953,100,100499,100,99829,100,100503,100,99753,100,100519,100,99635,100
2019-06-28 10:05:20.000000000,100195,582,100156,486,100249,100,100064,300,100290,100,100050,100,100307,100,99997,100,100406,100,99993,100,100492,100,99954,100,100495,100,99953,100,100499,100,99829,100,100503,100,99753,100,100519,100,99635,100
2019-06-28 10:05:21.086280072,100195,582,100156,486,100249,100,100064,300,100290,100,100050,100,100307,100,99997,100,100406,100,99993,100,100492,100,99954,100,100495,100,99953,100,100499,100,99829,100,100501,100,99753,100,100503,100,99635,100
2019-06-28 10:05:28.530895718,100195,482,100156,486,100249,100,100064,300,100290,100,100050,100,100307,100,99997,100,100406,100,99993,100,100492,100,99954,100,100495,100,99953,100,100499,100,99829,100,100501,100,99753,100,100503,100,99635,100
2019-06-28 10:05:30.000000000,100249,582,100156,486,100290,100,100064,300,100307,100,100050,100,100406,100,99997,100,100492,100,99993,100,100495,100,99954,100,100499,100,99953,100,100501,100,99829,100,100503,100,99753,100,100519,100,99635,100
2019-06-28 10:05:40.000000000,100249,582,100156,486,100290,100,100064,300,100307,100,100050,100,100406,100,99997,100,100492,100,99993,100,100495,100,99954,100,100499,100,99953,100,100501,100,99829,100,100503,100,99753,100,100519,100,99635,100
2019-06-28 10:05:41.759257742,100249,582,100157,100,100290,100,100156,486,100307,100,100064,300,100406,100,100050,100,100492,100,99997,100,100495,100,99993,100,100499,100,99954,100,100501,100,99953,100,100503,100,99829,100,100519,100,99753,100
2019-06-28 10:05:47.428040700,100249,582,100157,100,100290,100,100156,486,100298,100,100064,300,100307,100,100050,100,100406,100,99997,100,100492,100,99993,100,100495,100,99954,100,100499,100,99953,100,100501,100,99829,100,100503,100,99753,100
2019-06-28 10:05:50.000000000,100249,341,100157,341,100290,341,100156,245,100298,100,100064,300,100307,100,100050,100,100406,100,99997,100,100492,100,99993,100,100495,100,99954,100,100499,100,99953,100,100501,100,99829,100,100503,100,99753,100
2019-06-28 10:05:51.761388475,100194,100,100157,341,100249,341,100156,245,100290,341,100064,300,100298,100,100050,100,100307,100,99997,100,100406,100,99993,100,100492,100,99954,100,100495,100,99953,100,100499,100,99829,100,100501,100,99753,100
2019-06-28 10:06:00.000000000,100194,264,100157,264,100249,259,100156,163,100290,259,100064,459,100298,100,100050,100,100307,100,99997,100,100406,100,99993,100,100492,100,99954,100,100495,100,99953,100,100499,100,99829,100,100501,100,99753,100
2019-06-28 10:06:01.453201016,100194,264,100157,364,100249,259,100156,163,100290,259,100064,459,100298,100,100050,100,100307,100,99997,100,100406,100,99993,100,100492,100,99954,100,100495,100,99953,100,100499,100,99829,100,100501,100,99753,100
2019-06-28 10:06:02.169714827,100194,264,100157,464,100249,259,100156,163,100290,259,100064,359,100298,100,100050,100,100307,100,99997,100,100406,100,99993,100,100492,100,99954,100,100495,100,99953,100,100499,100,99829,100,100501,100,99753,100
2019-06-28 10:06:10.000000000,100194,220,100157,420,100249,220,100156,124,100290,220,100064,320,100298,220,100050,220,100307,100,99997,100,100406,100,99993,100,100492,100,99954,100,100495,100,99953,100,100499,100,99829,100,100501,100,99753,100
2019-06-28 10:06:17.311228169,100194,120,100157,420,100249,220,100156,124,100290,220,100064,320,100298,220,100050,220,100307,100,99997,100,100406,100,99993,100,100495,100,99954,100,100499,100,99953,100,100501,100,99829,100,100503,100,99753,100
2019-06-28 10:06:20.000000000,100249,582,100157,782,100290,100,100156,4,100298,100,100064,200,100307,100,100050,100,100406,100,99997,100,100495,100,99993,100,100499,100,99954,100,100501,100,99953,100,100503,100,99829,100,100519,100,99753,100
2019-06-28 10:06:26.475200722,100249,582,100157,782,100290,100,100064,200,100298,100,100050,100,100307,100,99997,100,100406,100,99993,100,100495,100,99954,100,100499,100,99953,100,100501,100,99829,100,100503,100,99753,100,100519,100,99635,100
2019-06-28 10:06:30.000000000,100249,220,100157,420,100290,220,100064,320,100298,220,100050,220,100307,220,99997,220,100406,100,99993,100,100495,100,99954,100,100499,100,99953,100,100501,100,99829,100,100503,100,99753,100,100519,100,99635,100
2019-06-28 10:06:40.000000000,100249,264,100157,464,100290,259,100064,359,100298,259,100050,259,100307,100,99997,100,100406,100,99993,100,100495,100,99954,100,100499,100,99953,100,100501,100,99829,100,100503,100,99753,100,100519,100,99635,100
2019-06-28 10:06:42.013853793,100249,264,100172,100,100290,259,100157,464,100298,259,100064,359,100307,100,100050,259,100406,100,99997,100,100495,100,99993,100,100499,100,99954,100,100501,100,99953,100,100503,100,99829,100,100519,100,99753,100
2019-06-28 10:06:50.000000000,100249,196,100172,196,100290,196,100157,396,100298,196,100064,296,100307,196,100050,196,100406,196,99997,196,100495,100,99993,100,100499,100,99954,100,100501,100,99953,100,100503,100,99829,100,100519,100,99753,100
2019-06-28 10:07:00.000000000,100249,341,100172,341,100290,341,100157,541,100298,100,100064,200,100307,100,100050,100,100406,100,99997,100,100495,100,99993,100,100499,100,99954,100,100501,100,99953,100,100503,100,99829,100,100519,100,99753,100
2019-06-28 10:07:01.718345125,100249,241,100172,341,100290,341,100157,541,100307,100,100064,200,100406,100,100050,100,100495,100,99997,100,100499,100,99993,100,100501,100,99954,100,100503,100,99953,100,100519,100,99829,100,100613,100,99753,100
2019-06-28 10:07:10.000000000,100290,196,100172,196,100307,196,100157,396,100406,196,100064,296,100495,196,100050,196,100499,196,99997,196,100501,100,99993,100,100503,100,99954,100,100519,100,99953,100,100613,100,99829,100,100626,100,99753,100
2019-06-28 10:07:12.426797335,100193,100,100172,196,100290,196,100157,396,100307,196,100064,296,100406,196,100050,196,100495,196,99997,196,100499,196,99993,100,100501,100,99954,100,100503,100,99953,100,100519,100,99829,100,100613,100,99753,100
2019-06-28 10:07:20.000000000,100193,341,100172,341,100290,341,100157,541,100307,100,100064,200,100406,100,100050,100,100495,100,99997,100,100499,100,99993,100,100501,100,99954,100,100503,100,99953,100,100519,100,99829,100,100613,100,99753,100
2019-06-28 10:07:30.000000000,100193,264,100172,264,100290,259,100157,459,100307,259,100064,359,100406,100,100050,100,100495,100,99997,100,100499,100,99993,100,100501,100,99954,100,100503,100,99953,100,100519,100,99829,100,100613,100,99753,100
2019-06-28 10:07:33.682546495,100193,364,100172,264,100290,259,100157,459,100307,259,100064,359,100406,100,100050,100,100495,100,99997,100,100499,100,99993,100,100501,100,99954,100,100503,100,99953,100,100519,100,99829,100,100613,100,99753,100
2019-06-28 10:07:35.097271233,100193,364,100172,264,100277,100,100157,459,100290,259,100064,359,100307,259,100050,100,100406,100,99997,100,100495,100,99993,100,100499,100,99954,100,100501,100,99953,100,100503,100,99829,100,100519,100,99753,100
