,ask_price_1,ask_size_1,bid_price_1,bid_size_1,ask_price_2,ask_size_2,bid_price_2,bid_size_2,ask_price_3,ask_size_3,bid_price_3,bid_size_3,ask_price_4,ask_size_4,bid_price_4,bid_size_4,ask_price_5,ask_size_5,bid_price_5,bid_size_5,ask_price_6,ask_size_6,bid_price_6,bid_size_6,ask_price_7,ask_size_7,bid_price_7,bid_size_7,ask_price_8,ask_size_8,bid_price_8,bid_size_8,ask_price_9,ask_size_9,bid_price_9,bid_size_9,ask_price_10,ask_size_10,bid_price_10,bid_size_10
2019-06-28 09:30:00.000000001,,,99781,100,,,,,,,,,,,,,,,,,,,,,,,,,,,,,,,,,,,,
2019-06-28 09:30:00.000000002,,,99859,100,,,99781,100,,,,,,,,,,,,,,,,,,,,,,,,,,,,,,,,
2019-06-28 09:30:00.000000003,,,99904,100,,,99859,100,,,99781,100,,,,,,,,,,,,,,,,,,,,,,,,,,,,
2019-06-28 09:30:00.000000008,100043,100,99956,100,,,99904,100,,,99902,200,,,99867,100,,,99859,100,,,99781,100,,,,,,,,,,,,,,,,
2019-06-28 09:30:00.000000010,100043,100,99956,100,,,99904,100,,,99902,200,,,99867,100,,,99859,100,,,99854,100,,,99781,100,,,,,,,,,,,,
2019-06-28 09:30:00.000000012,100043,100,100024,100,,,99956,100,,,99904,100,,,99902,200,,,99867,100,,,99859,100,,,99854,100,,,99781,100,,,,,,,,
2019-06-28 09:30:00.000000014,100043,100,99956,100,,,99904,100,,,99902,200,,,99867,100,,,99859,100,,,99854,100,,,99781,100,,,,,,,,,,,,
2019-06-28 09:30:00.000000018,100013,100,99956,100,100043,100,99904,100,,,99902,200,,,99867,100,,,99859,100,,,99854,100,,,99781,100,,,,,,,,,,,,
2019-06-28 09:30:00.000000019,100013,100,99987,100,100043,100,99956,100,,,99904,100,,,99902,200,,,99867,100,,,99859,100,,,99854,100,,,99781,100,,,,,,,,
2019-06-28 09:30:00.000000020,100013,100,99987,100,100043,100,99956,100,100089,100,99924,100,,,99904,100,,,99902,200,,,99867,100,,,99861,100,,,99859,100,,,99854,100,,,99781,100
2019-06-28 09:30:00.000000022,100013,100,99987,100,100043,100,99956,100,100089,100,99924,100,,,99919,100,,,99904,100,,,99902,200,,,99867,100,,,99861,100,,,99859,100,,,99854,100
2019-06-28 09:30:00.000000028,100043,100,99987,100,100089,100,99956,100,,,99924,100,,,99919,100,,,99904,100,,,99902,200,,,99867,100,,,99861,100,,,99859,100,,,99854,100
2019-06-28 09:30:00.000000029,100043,100,99987,100,100089,100,99956,100,100184,100,99924,100,,,99919,100,,,99904,100,,,99902,200,,,99867,100,,,99861,100,,,99859,100,,,99854,100
2019-06-28 09:30:00.000000032,100024,100,99987,100,100043,100,99956,100,100089,100,99924,100,100184,100,99919,100,,,99904,100,,,99902,200,,,99867,100,,,99861,100,,,99859,100,,,99854,100
2019-06-28 09:30:00.000000034,100024,100,99987,100,100043,100,99956,100,100089,100,99924,100,100184,100,99919,100,100199,100,99904,100,,,99902,200,,,99867,100,,,99861,100,,,99859,100,,,99854,100
2019-06-28 09:30:00.000000037,100024,100,100002,100,100028,100,99987,100,100043,100,99956,100,100080,100,99924,100,100089,100,99919,100,100184,100,99904,100,100199,100,99902,200,,,99867,100,,,99861,100,,,99859,100
2019-06-28 09:30:00.000000038,100024,100,100002,100,100028,100,99987,100,100043,100,99956,100,100080,100,99924,100,100089,100,99919,100,100115,100,99904,100,100184,100,99902,200,100199,100,99867,100,,,99861,100,,,99859,100
2019-06-28 09:30:00.000000039,100024,100,100002,100,100028,100,99987,100,100043,100,99956,100,100080,100,99924,100,100089,100,99919,100,100115,100,99904,100,100125,100,99902,200,100184,100,99867,100,100199,100,99861,100,,,99859,100
2019-06-28 09:30:00.000000040,100024,100,100002,100,100028,100,99987,100,100043,100,99956,100,100080,100,99930,100,100089,100,99924,100,100115,100,99919,100,100125,100,99904,100,100184,100,99902,200,100199,100,99867,100,,,99861,100
2019-06-28 09:30:00.000000043,100024,100,100002,100,100028,100,99987,100,100043,100,99956,100,100049,100,99947,100,100080,100,99930,100,100089,100,99924,100,100106,100,99919,100,100115,100,99904,100,100125,100,99902,200,100184,100,99867,100
2019-06-28 09:30:00.000000044,100024,100,100002,100,100028,100,99987,100,100043,100,99956,100,100049,100,99947,100,100080,100,99930,100,100086,100,99924,100,100089,100,99919,100,100106,100,99904,100,100115,100,99902,200,100125,100,99867,100
2019-06-28 09:30:00.000000046,100024,100,100002,100,100028,100,99987,100,100043,100,99956,100,100049,100,99947,100,100080,100,99930,100,100086,100,99924,100,100089,100,99919,100,100106,100,99916,100,100115,100,99904,100,100125,100,99902,200
2019-06-28 09:30:00.000000048,100019,100,100002,100,100024,100,99987,100,100028,100,99956,100,100043,100,99947,100,100049,100,99930,100,100080,100,99924,100,100086,100,99919,100,100089,100,99916,100,100106,100,99904,100,100115,100,99902,200
2019-06-28 09:30:00.000000054,100019,100,99987,100,100024,100,99956,100,100028,100,99947,100,100043,100,99930,100,100049,100,99924,100,100080,100,99919,100,100086,100,99916,100,100089,100,99904,100,100106,100,99902,200,100115,100,99867,100
2019-06-28 09:30:00.000000055,100019,100,99987,100,100024,100,99986,100,100028,100,99956,100,100043,100,99947,100,100049,100,99930,100,100080,100,99924,100,100086,100,99919,100,100089,100,99916,100,100106,100,99904,100,100115,100,99902,200
2019-06-28 09:30:00.000000062,100019,100,99987,100,100024,100,99986,100,100028,100,99956,100,100043,100,99947,100,100049,100,99930,100,100080,100,99924,100,100086,100,99919,100,100089,100,99916,100,100095,100,99904,100,100106,100,99902,200
2019-06-28 09:30:00.000000063,100018,100,99987,100,100019,100,99986,100,100024,100,99956,100,100028,100,99947,100,100043,100,99930,100,100049,100,99924,100,100080,100,99919,100,100086,100,99916,100,100089,100,99904,100,100095,100,99902,200
2019-06-28 09:30:00.000000064,100018,100,100002,100,100019,100,99987,100,100024,100,99986,100,100028,100,99956,100,100043,100,99947,100,100049,100,99930,100,100080,100,99924,100,100086,100,99919,100,100089,100,99916,100,100095,100,99904,100
2019-06-28 09:30:00.000000066,100018,100,100002,100,100019,100,99987,100,100024,100,99986,100,100028,100,99956,100,100043,100,99947,100,100049,100,99934,100,100080,100,99930,100,100086,100,99928,100,100089,100,99924,100,100095,100,99919,100
2019-06-28 09:30:00.000000067,100018,100,99987,100,100019,100,99986,100,100024,100,99956,100,100028,100,99947,100,100043,100,99934,100,100049,100,99930,100,100080,100,99928,100,100086,100,99924,100,100089,100,99919,100,100095,100,99916,100
2019-06-28 09:30:00.000000068,100002,100,99987,100,100018,100,99986,100,100019,100,99956,100,100024,100,99947,100,100028,100,99934,100,100043,100,99930,100,100049,100,99928,100,100080,100,99924,100,100086,100,99919,100,100089,100,99916,100
2019-06-28 09:30:00.000000069,100002,100,99987,100,100018,100,99986,100,100019,100,99956,100,100024,100,99947,100,100028,100,99934,100,100043,100,99930,100,100049,100,99928,100,100061,100,99924,100,100080,100,99919,100,100086,100,99916,100
2019-06-28 09:30:00.000000071,100002,100,99987,100,100018,100,99986,100,100019,100,99956,100,100024,100,99947,100,100028,100,99934,100,100043,100,99930,100,100049,100,99928,100,100053,100,99924,100,100061,100,99919,100,100080,100,99916,100
2019-06-28 09:30:00.000000073,100002,200,99987,100,100018,100,99986,100,100019,100,99956,100,100024,100,99947,100,100028,100,99934,100,100043,100,99930,100,100049,100,99928,100,100053,100,99924,100,100061,100,99919,100,100080,100,99916,100
2019-06-28 09:30:00.000000074,100002,200,99987,100,100018,100,99986,100,100019,100,99956,100,100024,100,99947,100,100028,100,99934,100,100043,100,99930,100,100049,100,99928,100,100053,100,99924,100,100061,100,99919,100,100080,100,99916,100
2019-06-28 09:30:00.000000078,100002,300,99987,100,100018,100,99986,100,100019,100,99956,100,100024,100,99947,100,100028,100,99934,100,100043,100,99930,100,100049,100,99928,100,100053,100,99924,200,100061,100,99919,100,100080,100,99916,100
2019-06-28 09:30:00.000000080,100002,300,99987,100,100018,100,99986,100,100019,100,99978,100,100024,100,99956,100,100028,100,99947,100,100043,100,99934,100,100049,100,99930,100,100053,100,99928,100,100061,200,99924,200,100080,100,99919,100
2019-06-28 09:30:00.000000083,100002,300,99987,100,100018,100,99986,100,100019,100,99978,100,100024,100,99956,100,100028,100,99947,100,100043,100,99945,100,100049,100,99934,100,100053,100,99930,100,100061,200,99928,100,100080,100,99924,200
2019-06-28 09:30:00.000000084,100002,200,99987,100,100018,100,99986,100,100019,100,99978,100,100024,100,99956,100,100028,100,99947,100,100043,100,99945,100,100049,100,99934,100,100053,100,99930,100,100061,200,99928,100,100080,100,99924,200
2019-06-28 09:30:00.000000086,100002,200,99987,100,100018,100,99986,100,100019,100,99978,100,100024,100,99956,100,100028,100,99947,100,100043,100,99945,100,100049,100,99934,100,100053,100,99930,100,100061,200,99928,100,100080,100,99924,200
2019-06-28 09:30:00.000000088,100002,200,99987,100,100018,100,99986,100,100019,100,99978,100,100024,100,99956,100,100028,100,99947,100,100043,100,99945,100,100049,100,99934,100,100053,100,99930,100,100061,200,99928,100,100080,100,99924,200
2019-06-28 09:30:00.000000089,100002,200,99987,100,100018,100,99986,100,100019,100,99978,100,100024,100,99956,100,100028,100,99947,100,100043,100,99945,100,100049,100,99934,100,100053,100,99930,100,100057,100,99928,100,100061,200,99924,200
2019-06-28 09:30:00.000000092,99994,100,99987,100,100002,200,99986,100,100018,100,99978,100,100019,100,99956,100,100024,100,99947,100,100028,100,99945,100,100043,100,99934,100,100049,100,99930,100,100053,100,99928,100,100057,100,99924,200
2019-06-28 09:30:00.000000096,99994,100,99986,100,100002,200,99978,100,100018,100,99956,100,100019,100,99947,100,100024,100,99945,100,100028,100,99934,100,100043,100,99930,100,100049,100,99928,100,100053,100,99924,200,100057,100,99919,100
2019-06-28 09:30:00.000000097,99994,100,99986,100,100002,200,99978,100,100018,100,99956,100,100019,100,99947,100,100024,100,99945,100,100028,100,99934,100,100043,100,99930,100,100049,100,99928,100,100053,100,99924,200,100057,100,99919,100
2019-06-28 09:30:00.000000098,99993,100,99986,100,99994,100,99978,100,100002,200,99956,100,100018,100,99947,100,100019,100,99945,100,100024,100,99934,100,100028,100,99930,100,100043,100,99928,100,100049,100,99924,200,100053,100,99919,100
2019-06-28 09:30:00.003239922,99993,100,99986,100,99994,100,99978,100,100002,200,99956,100,100018,100,99947,100,100019,100,99945,100,100024,100,99934,100,100028,100,99930,100,100043,100,99928,100,100049,100,99924,200,100053,100,99919,100
2019-06-28 09:30:03.827456685,99993,200,99986,100,99994,100,99978,100,100002,200,99956,100,100018,100,99947,100,100019,100,99945,100,100024,100,99934,100,100028,100,99930,100,100043,100,99928,100,100049,100,99924,200,100053,100,99919,100
2019-06-28 09:30:08.693525073,99993,200,99986,100,99994,100,99978,100,100002,200,99956,100,100018,100,99947,100,100019,100,99945,100,100024,100,99934,100,100028,100,99930,100,100043,100,99928,100,100049,100,99924,200,100053,100,99919,100
2019-06-28 09:30:10.000000000,99993,295,99986,195,99994,195,99978,195,100002,295,99956,195,100018,195,99947,195,100019,100,99945,100,100024,100,99934,100,100028,100,99930,100,100043,100,99928,100,100049,100,99924,200,100053,100,99919,100
2019-06-28 09:30:14.149614737,99993,295,99986,195,99994,195,99978,195,100002,295,99956,195,100018,195,99947,195,100019,100,99945,100,100024,100,99934,100,100028,100,99930,100,100043,100,99928,100,100049,100,99924,100,100053,100,99919,100
2019-06-28 09:30:14.917834353,99993,195,99986,195,99994,195,99978,195,100002,295,99956,195,100018,195,99947,195,100019,100,99945,100,100024,100,99934,100,100028,100,99930,100,100043,100,99928,100,100049,100,99924,100,100053,100,99919,100
2019-06-28 09:30:20.000000000,99993,480,99986,480,99994,100,99978,100,100002,200,99956,100,100018,100,99947,100,100019,100,99945,100,100024,100,99934,100,100028,100,99930,100,100043,100,99928,100,100049,100,99924,100,100053,100,99919,100
2019-06-28 09:30:30.000000000,99993,195,99986,195,99994,195,99978,195,100002,295,99956,195,100018,195,99947,195,100019,100,99945,100,100024,100,99934,100,100028,100,99930,100,100043,100,99928,100,100049,100,99924,100,100053,100,99919,100
2019-06-28 09:30:37.632996779,99993,195,99986,195,99994,195,99978,195,100002,295,99956,195,100018,195,99947,195,100019,100,99945,100,100024,100,99934,100,100028,100,99930,100,100043,100,99928,100,100049,100,99924,100,100053,100,99916,100
2019-06-28 09:30:40.000000000,99993,480,99986,480,99994,100,99978,100,100002,200,99956,100,100018,100,99947,100,100019,100,99945,100,100024,100,99934,100,100028,100,99930,100,100043,100,99928,100,100049,100,99924,100,100053,100,99916,100
2019-06-28 09:30:43.449220430,99992,100,99986,480,99993,480,99978,100,99994,100,99956,100,100002,200,99947,100,100018,100,99945,100,100019,100,99934,100,100024,100,99930,100,100028,100,99928,100,100043,100,99924,100,100049,100,99916,100
2019-06-28 09:30:50.000000000,99992,195,99986,195,99993,195,99978,195,99994,195,99956,195,100002,295,99947,195,100018,100,99945,100,100019,100,99934,100,100024,100,99930,100,100028,100,99928,100,100043,100,99924,100,100049,100,99916,100
2019-06-28 09:30:57.658957462,99992,195,99986,95,99993,195,99978,195,99994,195,99956,195,100002,295,99947,195,100018,100,99945,100,100019,100,99934,100,100024,100,99930,100,100028,100,99928,100,100043,100,99924,100,100049,100,99916,100
2019-06-28 09:31:00.000000000,99992,290,99978,290,99993,290,99956,290,99994,100,99947,100,100002,200,99945,100,100018,100,99934,100,100019,100,99930,100,100024,100,99928,100,100028,100,99924,100,100043,100,99916,100,100049,100,99904,100
2019-06-28 09:31:05.315870260,99992,290,99978,290,99993,290,99956,290,99994,100,99947,100,100002,200,99945,100,100018,100,99934,100,100019,100,99928,100,100024,100,99924,100,100028,100,99916,100,100043,100,99904,100,100049,100,99902,100
2019-06-28 09:31:10.000000000,99992,195,99978,195,99993,195,99956,195,99994,195,99947,195,100002,295,99945,195,100018,100,99934,100,100019,100,99928,100,100024,100,99924,100,100028,100,99916,100,100043,100,99904,100,100049,100,99902,100
2019-06-28 09:31:12.284725062,99992,195,99978,195,99993,195,99956,195,99994,195,99947,195,100002,295,99945,195,100018,100,99934,100,100019,100,99928,100,100024,100,99924,100,100028,100,99916,100,100043,100,99904,100,100049,100,99902,100
2019-06-28 09:31:20.000000000,99992,229,99978,229,99993,225,99956,225,99994,225,99947,225,100002,200,99945,100,100018,100,99934,100,100019,100,99928,100,100024,100,99924,100,100028,100,99916,100,100043,100,99904,100,100049,100,99902,100
2019-06-28 09:31:22.034657885,99992,229,99978,229,99993,225,99956,225,99994,225,99947,225,100002,200,99945,100,100018,100,99934,100,100019,100,99928,100,100024,100,99924,100,100028,100,99916,100,100043,100,99904,100,100049,100,99902,100
2019-06-28 09:31:23.085157385,99992,229,99978,229,99993,225,99956,225,99994,225,99947,225,100002,200,99945,100,100018,100,99934,100,100019,100,99928,100,100024,100,99924,100,100028,100,99916,100,100043,100,99904,100,100049,100,99902,100
2019-06-28 09:31:30.000000000,99992,229,99978,229,99993,225,99956,225,99994,225,99947,225,100002,200,99945,100,100018,100,99934,100,100019,100,99928,100,100024,100,99924,100,100028,100,99916,100,100043,100,99904,100,100049,100,99902,100
2019-06-28 09:31:40.000000000,99992,480,99978,480,99993,100,99956,100,99994,100,99947,100,100002,200,99945,100,100018,100,99934,100,100019,100,99928,100,100024,100,99924,100,100028,100,99916,100,100043,100,99904,100,100049,100,99902,100
2019-06-28 09:31:48.309779275,99992,480,99978,480,99993,100,99956,100,99994,100,99947,100,100002,100,99945,100,100018,100,99934,100,100019,100,99928,100,100024,100,99924,100,100028,100,99916,100,100043,100,99904,100,100049,100,99902,100
2019-06-28 09:31:50.000000000,99992,290,99978,290,99993,290,99956,290,99994,100,99947,100,100002,100,99945,100,100018,100,99934,100,100019,100,99928,100,100024,100,99924,100,100028,100,99916,100,100043,100,99904,100,100049,100,99902,100
2019-06-28 09:32:00.000000000,99992,290,99978,290,99993,290,99956,290,99994,100,99947,100,100002,100,99945,100,100018,100,99934,100,100019,100,99928,100,100024,100,99924,100,100028,100,99916,100,100043,100,99904,100,100049,100,99902,100
2019-06-28 09:32:10.000000000,99992,290,99978,290,99993,290,99956,290,99994,100,99947,100,100002,100,99945,100,100018,100,99934,100,100019,100,99928,100,100024,100,99924,100,100028,100,99916,100,100043,100,99904,100,100049,100,99902,100
2019-06-28 09:32:13.334273992,99992,290,99978,190,99993,290,99956,290,99994,100,99947,100,100002,100,99945,100,100018,100,99934,100,100019,100,99928,100,100024,100,99924,100,100028,100,99916,100,100043,100,99904,100,100049,100,99902,100
2019-06-28 09:32:18.067680402,99992,290,99978,90,99993,290,99956,290,99994,100,99947,100,100002,100,99945,100,100018,100,99934,100,100019,100,99928,100,100024,100,99924,100,100028,100,99916,100,100043,100,99904,100,100049,100,99902,100
2019-06-28 09:32:20.000000000,99992,480,99956,480,99993,100,99947,100,99994,100,99945,100,100002,100,99934,100,100018,100,99928,100,100019,100,99924,100,100024,100,99916,100,100028,100,99904,100,100043,100,99902,100,100049,100,99882,100
2019-06-28 09:32:30.000000000,99992,290,99956,290,99993,290,99947,290,99994,100,99945,100,100002,100,99934,100,100018,100,99928,100,100019,100,99924,100,100024,100,99916,100,100028,100,99904,100,100043,100,99902,100,100049,100,99882,100
2019-06-28 09:32:31.040096217,99978,100,99956,290,99992,290,99947,290,99993,290,99945,100,99994,100,99934,100,100002,100,99928,100,100018,100,99924,100,100019,100,99916,100,100024,100,99904,100,100028,100,99902,100,100043,100,99882,100
2019-06-28 09:32:34.077474619,99978,100,99956,290,99992,290,99947,290,99993,290,99945,100,99994,100,99934,100,100002,100,99928,100,100018,100,99924,100,100019,100,99916,100,100024,100,99904,100,100028,100,99902,100,100043,100,99882,100
2019-06-28 09:32:40.000000000,99978,229,99956,229,99992,225,99947,225,99993,225,99945,225,99994,100,99934,100,100002,100,99928,100,100018,100,99924,100,100019,100,99916,100,100024,100,99904,100,100028,100,99902,100,100043,100,99882,100
2019-06-28 09:32:50.000000000,99978,480,99956,480,99992,100,99947,100,99993,100,99945,100,99994,100,99934,100,100002,100,99928,100,100018,100,99924,100,100019,100,99916,100,100024,100,99904,100,100028,100,99902,100,100043,100,99882,100
2019-06-28 09:32:52.679610458,99978,480,99956,480,99992,100,99947,100,99993,100,99945,100,99994,100,99934,100,100002,100,99928,100,100018,100,99924,100,100019,100,99916,100,100024,100,99904,100,100028,100,99902,100,100043,100,99882,100
2019-06-28 09:33:00.000000000,99978,229,99956,229,99992,225,99947,225,99993,225,99945,225,99994,100,99934,100,100002,100,99928,100,100018,100,99924,100,100019,100,99916,100,100024,100,99904,100,100028,100,99902,100,100043,100,99882,100
2019-06-28 09:33:10.000000000,99978,176,99956,176,99992,176,99947,176,99993,176,99945,176,99994,176,99934,176,100002,176,99928,176,100018,100,99924,100,100019,100,99916,100,100024,100,99904,100,100028,100,99902,100,100043,100,99882,100
2019-06-28 09:33:20.000000000,99978,195,99956,195,99992,195,99947,195,99993,195,99945,195,99994,195,99934,195,100002,100,99928,100,100018,100,99924,100,100019,100,99916,100,100024,100,99904,100,100028,100,99902,100,100043,100,99882,100
2019-06-28 09:33:24.875160517,99978,195,99956,195,99992,195,99947,195,99993,195,99945,195,99994,195,99934,195,100002,100,99928,100,100018,100,99924,100,100019,100,99916,100,100024,100,99904,100,100028,100,99902,100,100043,100,99882,100
2019-06-28 09:33:30.000000000,99978,290,99956,290,99992,290,99947,290,99993,100,99945,100,99994,100,99934,100,100002,100,99928,100,100018,100,99924,100,100019,100,99916,100,100024,100,99904,100,100028,100,99902,100,100043,100,99882,100
2019-06-28 09:33:32.355108366,99978,390,99956,290,99992,290,99947,290,99993,100,99945,100,99994,100,99934,100,100002,100,99928,100,100018,100,99924,100,100019,100,99916,100,100024,100,99904,100,100028,100,99902,100,100043,100,99882,100
2019-06-28 09:33:40.000000000,99978,329,99956,229,99992,225,99947,225,99993,225,99945,225,99994,100,99934,100,100002,100,99928,100,100018,100,99924,100,100019,100,99916,100,100024,100,99904,100,100028,100,99902,100,100043,100,99882,100
2019-06-28 09:33:48.331733043,99978,329,99956,129,99992,225,99947,225,99993,225,99945,225,99994,100,99934,100,100002,100,99928,100,100018,100,99924,100,100019,100,99916,100,100024,100,99904,100,100028,100,99902,100,100043,100,99882,100
2019-06-28 09:33:50.000000000,99978,390,99947,290,99992,290,99945,290,99993,100,99934,100,99994,100,99928,100,100002,100,99924,100,100018,100,99916,100,100019,100,99904,100,100024,100,99902,100,100028,100,99882,100,100043,100,99860,100
2019-06-28 09:33:51.841399049,99978,390,99947,290,99992,290,99945,290,99993,100,99934,100,99994,100,99928,100,100002,100,99924,100,100018,100,99916,100,100019,100,99904,100,100028,100,99902,100,100043,100,99882,100,100061,200,99860,100
2019-06-28 09:33:53.479186244,99978,390,99947,290,99992,290,99945,290,99993,100,99934,100,99994,100,99924,100,100002,100,99916,100,100018,100,99904,100,100019,100,99902,100,100028,100,99882,100,100043,100,99860,100,100061,200,99859,100
2019-06-28 09:34:00.000000000,99978,276,99947,176,99992,176,99945,176,99993,176,99934,176,99994,176,99924,176,100002,176,99916,176,100018,100,99904,100,100019,100,99902,100,100028,100,99882,100,100043,100,99860,100,100061,200,99859,100
2019-06-28 09:34:09.452483000,99978,276,99947,176,99992,176,99945,176,99993,176,99934,176,99994,176,99924,176,100002,176,99916,176,100018,100,99904,100,100019,100,99902,100,100028,100,99882,100,100043,100,99860,100,100061,200,99859,100
2019-06-28 09:34:10.000000000,99978,329,99947,229,99992,225,99945,225,99993,225,99934,225,99994,100,99924,100,100002,100,99916,100,100018,100,99904,100,100019,100,99902,100,100028,100,99882,100,100043,100,99860,100,100061,200,99859,100
2019-06-28 09:34:17.684765479,99978,229,99947,229,99992,225,99945,225,99993,225,99934,225,99994,100,99924,100,100002,100,99916,100,100018,100,99904,100,100019,100,99902,100,100028,100,99882,100,100043,100,99860,100,100061,200,99859,100
2019-06-28 09:34:20.000000000,99978,480,99947,480,99992,100,99945,100,99993,100,99934,100,99994,100,99924,100,100002,100,99916,100,100018,100,99904,100,100019,100,99902,100,100028,100,99882,100,100043,100,99860,100,100061,200,99859,100
2019-06-28 09:34:30.000000000,99978,229,99947,229,99992,225,99945,225,99993,225,99934,225,99994,100,99924,100,100002,100,99916,100,100018,100,99904,100,100019,100,99902,100,100028,100,99882,100,100043,100,99860,100,100061,200,99859,100
2019-06-28 09:34:31.199340832,99978,229,99947,229,99992,225,99945,225,99993,225,99934,225,99994,100,99924,100,100002,100,99916,100,100018,100,99904,100,100019,100,99902,100,100028,100,99882,100,100043,100,99860,100,100061,200,99859,100
2019-06-28 09:34:40.000000000,99978,290,99947,290,99992,290,99945,290,99993,100,99934,100,99994,100,99924,100,100002,100,99916,100,100018,100,99904,100,100019,100,99902,100,100028,100,99882,100,100043,100,99860,100,100061,200,99859,100
2019-06-28 09:34:50.000000000,99978,176,99947,176,99992,176,99945,176,99993,176,99934,176,99994,176,99924,176,100002,176,99916,176,100018,100,99904,100,100019,100,99902,100,100028,100,99882,100,100043,100,99860,100,100061,200,99859,100
2019-06-28 09:35:00.000000000,99978,195,99947,195,99992,195,99945,195,99993,195,99934,195,99994,195,99924,195,100002,100,99916,100,100018,100,99904,100,100019,100,99902,100,100028,100,99882,100,100043,100,99860,100,100061,200,99859,100
2019-06-28 09:35:10.000000000,99978,290,99947,290,99992,290,99945,290,99993,100,99934,100,99994,100,99924,100,100002,100,99916,100,100018,100,99904,100,100019,100,99902,100,100028,100,99882,100,100043,100,99860,100,100061,200,99859,100
2019-06-28 09:35:20.000000000,99978,480,99947,480,99992,100,99945,100,99993,100,99934,100,99994,100,99924,100,100002,100,99916,100,100018,100,99904,100,100019,100,99902,100,100028,100,99882,100,100043,100,99860,100,100061,200,99859,100
2019-06-28 09:35:30.000000000,99978,290,99947,290,99992,290,99945,290,99993,100,99934,100,99994,100,99924,100,100002,100,99916,100,100018,100,99904,100,100019,100,99902,100,100028,100,99882,100,100043,100,99860,100,100061,200,99859,100
2019-06-28 09:35:40.000000000,99978,195,99947,195,99992,195,99945,195,99993,195,99934,195,99994,195,99924,195,100002,100,99916,100,100018,100,99904,100,100019,100,99902,100,100028,100,99882,100,100043,100,99860,100,100061,200,99859,100
2019-06-28 09:35:50.000000000,99978,290,99947,290,99992,290,99945,290,99993,100,99934,100,99994,100,99924,100,100002,100,99916,100,100018,100,99904,100,100019,100,99902,100,100028,100,99882,100,100043,100,99860,100,100061,200,99859,100
2019-06-28 09:35:54.868927825,99978,190,99947,290,99992,290,99945,290,99993,100,99934,100,99994,100,99916,100,100002,100,99904,100,100018,100,99902,100,100019,100,99882,100,100028,100,99860,100,100043,100,99859,100,100061,200,99854,100
2019-06-28 09:36:00.000000000,99992,229,99947,229,99993,225,99945,225,99994,225,99934,225,100002,100,99916,100,100018,100,99904,100,100019,100,99902,100,100028,100,99882,100,100043,100,99860,100,100061,200,99859,100,100080,100,99854,100
2019-06-28 09:36:10.000000000,99992,195,99947,195,99993,195,99945,195,99994,195,99934,195,100002,195,99916,195,100018,100,99904,100,100019,100,99902,100,100028,100,99882,100,100043,100,99860,100,100061,200,99859,100,100080,100,99854,100
2019-06-28 09:36:20.000000000,99992,480,99947,480,99993,100,99945,100,99994,100,99934,100,100002,100,99916,100,100018,100,99904,100,100019,100,99902,100,100028,100,99882,100,100043,100,99860,100,100061,200,99859,100,100080,100,99854,100
2019-06-28 09:36:27.113675532,99992,480,99947,480,99993,100,99945,100,99994,100,99934,100,100002,100,99916,100,100018,100,99904,100,100019,100,99902,100,100028,100,99882,100,100043,100,99860,100,100061,200,99859,100,100080,100,99854,100
2019-06-28 09:36:28.849035971,99992,480,99978,100,99993,100,99947,480,99994,100,99945,100,100002,100,99934,100,100018,100,99916,100,100019,100,99904,100,100028,100,99902,100,100043,100,99882,100,100061,200,99860,100,100080,100,99859,100
2019-06-28 09:36:30.000000000,99992,176,99978,176,99993,176,99947,176,99994,176,99945,176,100002,176,99934,176,100018,176,99916,176,100019,100,99904,100,100028,100,99902,100,100043,100,99882,100,100061,200,99860,100,100080,100,99859,100
2019-06-28 09:36:40.000000000,99992,290,99978,290,99993,290,99947,290,99994,100,99945,100,100002,100,99934,100,100018,100,99916,100,100019,100,99904,100,100028,100,99902,100,100043,100,99882,100,100061,200,99860,100,100080,100,99859,100
2019-06-28 09:36:50.000000000,99992,195,99978,195,99993,195,99947,195,99994,195,99945,195,100002,195,99934,195,100018,100,99916,100,100019,100,99904,100,100028,100,99902,100,100043,100,99882,100,100061,200,99860,100,100080,100,99859,100
2019-06-28 09:37:00.000000000,99992,229,99978,229,99993,225,99947,225,99994,225,99945,225,100002,100,99934,100,100018,100,99916,100,100019,100,99904,100,100028,100,99902,100,100043,100,99882,100,100061,200,99860,100,100080,100,99859,100
2019-06-28 09:37:10.000000000,99992,290,99978,290,99993,290,99947,290,99994,100,99945,100,100002,100,99934,100,100018,100,99916,100,100019,100,99904,100,100028,100,99902,100,100043,100,99882,100,100061,200,99860,100,100080,100,99859,100
2019-06-28 09:37:11.277193923,99992,290,99978,390,99993,290,99947,290,99994,100,99945,100,100002,100,99934,100,100018,100,99916,100,100019,100,99904,100,100028,100,99902,100,100043,100,99882,100,100061,200,99860,100,100080,100,99854,100
2019-06-28 09:37:12.025881968,99992,290,99978,390,99993,290,99947,290,99994,100,99945,100,100002,100,99934,100,100018,100,99916,100,100019,100,99902,100,100028,100,99882,100,100043,100,99860,100,100061,200,99854,100,100080,100,99768,100
2019-06-28 09:37:20.000000000,99992,195,99978,295,99993,195,99947,195,99994,195,99945,195,100002,195,99934,195,100018,100,99916,100,100019,100,99902,100,100028,100,99882,100,100043,100,99860,100,100061,200,99854,100,100080,100,99768,100
2019-06-28 09:37:26.291637208,99992,95,99978,295,99993,195,99947,195,99994,195,99945,195,100002,195,99934,195,100018,100,99916,100,100019,100,99902,100,100028,100,99882,100,100043,100,99860,100,100061,200,99854,100,100080,100,99729,100
2019-06-28 09:37:30.000000000,99993,480,99978,580,99994,100,99947,100,100002,100,99945,100,100018,100,99934,100,100019,100,99916,100,100028,100,99902,100,100043,100,99882,100,100061,200,99860,100,100080,100,99854,100,100082,100,99729,100
2019-06-28 09:37:33.503926221,99993,380,99978,580,99994,100,99947,100,100002,100,99945,100,100018,100,99934,100,100019,100,99916,100,100028,100,99902,100,100043,100,99882,100,100061,200,99860,100,100080,100,99854,100,100082,100,99729,100
2019-06-28 09:37:36.024241711,99993,280,99978,580,99994,100,99947,100,100002,100,99945,100,100018,100,99934,100,100019,100,99916,100,100028,100,99902,100,100043,100,99882,100,100061,200,99860,100,100080,100,99854,100,100082,100,99729,100
2019-06-28 09:37:40.000000000,99994,176,99978,276,100002,176,99947,176,100018,176,99945,176,100019,176,99934,176,100028,176,99916,176,100043,100,99902,100,100061,200,99882,100,100080,100,99860,100,100082,100,99854,100,100086,100,99729,100
2019-06-28 09:37:50.000000000,99994,290,99978,390,100002,290,99947,290,100018,100,99945,100,100019,100,99934,100,100028,100,99916,100,100043,100,99902,100,100061,200,99882,100,100080,100,99860,100,100082,100,99854,100,100086,100,99729,100
2019-06-28 09:38:00.000000000,99994,176,99978,276,100002,176,99947,176,100018,176,99945,176,100019,176,99934,176,100028,176,99916,176,100043,100,99902,100,100061,200,99882,100,100080,100,99860,100,100082,100,99854,100,100086,100,99729,100
2019-06-28 09:38:10.000000000,99994,480,99978,580,100002,100,99947,100,100018,100,99945,100,100019,100,99934,100,100028,100,99916,100,100043,100,99902,100,100061,200,99882,100,100080,100,99860,100,100082,100,99854,100,100086,100,99729,100
2019-06-28 09:38:11.812255163,99994,380,99978,580,100002,100,99947,100,100018,100,99945,100,100019,100,99934,100,100028,100,99916,100,100043,100,99882,100,100061,200,99860,100,100080,100,99854,100,100082,100,99729,100,100086,100,99592,100
2019-06-28 09:38:17.636668547,99994,380,99978,480,100002,100,99947,100,100018,100,99945,100,100019,100,99934,100,100028,100,99916,100,100043,100,99882,100,100061,200,99860,100,100080,100,99854,100,100082,100,99729,100,100086,100,99592,100
2019-06-28 09:38:20.000000000,100002,195,99978,195,100018,195,99947,195,100019,195,99945,195,100028,195,99934,195,100043,100,99916,100,100061,200,99882,100,100080,100,99860,100,100082,100,99854,100,100086,100,99729,100,100090,100,99592,100
2019-06-28 09:38:20.725479261,100002,95,99978,195,100018,195,99947,195,100019,195,99945,195,100028,195,99934,195,100043,100,99916,100,100061,200,99882,100,100080,100,99860,100,100082,100,99854,100,100086,100,99729,100,100090,100,99592,100
2019-06-28 09:38:30.000000000,100018,229,99978,229,100019,225,99947,225,100028,225,99945,225,100043,100,99934,100,100061,200,99916,100,100080,100,99882,100,100082,100,99860,100,100086,100,99854,100,100090,100,99729,100,100106,100,99592,100
2019-06-28 09:38:31.621696974,100018,229,99978,229,100019,225,99947,225,100028,225,99945,225,100043,100,99934,100,100061,200,99916,100,100080,100,99860,100,100082,100,99854,100,100086,100,99729,100,100090,100,99592,100,100106,100,99582,100
2019-06-28 09:38:39.928582773,100018,129,99978,229,100019,225,99947,225,100028,225,99945,225,100043,100,99934,100,100061,200,99916,100,100080,100,99860,100,100082,100,99854,100,100086,100,99729,100,100090,100,99592,100,100106,100,99582,100
2019-06-28 09:38:40.000000000,100019,290,99978,290,100028,290,99947,290,100043,100,99945,100,100061,200,99934,100,100080,100,99916,100,100082,100,99860,100,100086,100,99854,100,100090,100,99729,100,100106,100,99592,100,100114,100,99582,100
2019-06-28 09:38:42.517981115,100019,290,99978,290,100028,290,99947,290,100043,100,99945,100,100061,200,99934,100,100080,100,99916,100,100082,100,99860,100,100090,100,99854,100,100106,100,99729,100,100114,100,99592,100,100115,100,99582,100
2019-06-28 09:38:50.000000000,100019,176,99978,176,100028,176,99947,176,100043,176,99945,176,100061,276,99934,176,100080,176,99916,176,100082,100,99860,100,100090,100,99854,100,100106,100,99729,100,100114,100,99592,100,100115,100,99582,100
2019-06-28 09:39:00.000000000,100019,229,99978,229,100028,225,99947,225,100043,225,99945,225,100061,200,99934,100,100080,100,99916,100,100082,100,99860,100,100090,100,99854,100,100106,100,99729,100,100114,100,99592,100,100115,100,99582,100
2019-06-28 09:39:10.000000000,100019,195,99978,195,100028,195,99947,195,100043,195,99945,195,100061,295,99934,195,100080,100,99916,100,100082,100,99860,100,100090,100,99854,100,100106,100,99729,100,100114,100,99592,100,100115,100,99582,100
2019-06-28 09:39:14.043271938,100019,195,99978,195,100028,195,99947,195,100043,195,99945,195,100061,295,99934,195,100080,100,99916,100,100082,100,99860,100,100090,100,99854,100,100106,100,99729,100,100114,100,99592,100,100115,100,99582,100
2019-06-28 09:39:20.000000000,100019,176,99978,176,100028,176,99947,176,100043,176,99945,176,100061,276,99934,176,100080,176,99916,176,100082,100,99860,100,100090,100,99854,100,100106,100,99729,100,100114,100,99592,100,100115,100,99582,100
2019-06-28 09:39:30.000000000,100019,480,99978,480,100028,100,99947,100,100043,100,99945,100,100061,200,99934,100,100080,100,99916,100,100082,100,99860,100,100090,100,99854,100,100106,100,99729,100,100114,100,99592,100,100115,100,99582,100
2019-06-28 09:39:40.000000000,100019,229,99978,229,100028,225,99947,225,100043,225,99945,225,100061,200,99934,100,100080,100,99916,100,100082,100,99860,100,100090,100,99854,100,100106,100,99729,100,100114,100,99592,100,100115,100,99582,100
2019-06-28 09:39:50.000000000,100019,229,99978,229,100028,225,99947,225,100043,225,99945,225,100061,200,99934,100,100080,100,99916,100,100082,100,99860,100,100090,100,99854,100,100106,100,99729,100,100114,100,99592,100,100115,100,99582,100
2019-06-28 09:40:00.000000000,100019,176,99978,176,100028,176,99947,176,100043,176,99945,176,100061,276,99934,176,100080,176,99916,176,100082,100,99860,100,100090,100,99854,100,100106,100,99729,100,100114,100,99592,100,100115,100,99582,100
2019-06-28 09:40:10.000000000,100019,290,99978,290,100028,290,99947,290,100043,100,99945,100,100061,200,99934,100,100080,100,99916,100,100082,100,99860,100,100090,100,99854,100,100106,100,99729,100,100114,100,99592,100,100115,100,99582,100
2019-06-28 09:40:20.000000000,100019,229,99978,229,100028,225,99947,225,100043,225,99945,225,100061,200,99934,100,100080,100,99916,100,100082,100,99860,100,100090,100,99854,100,100106,100,99729,100,100114,100,99592,100,100115,100,99582,100
2019-06-28 09:40:30.000000000,100019,229,99978,229,100028,225,99947,225,100043,225,99945,225,100061,200,99934,100,100080,100,99916,100,100082,100,99860,100,100090,100,99854,100,100106,100,99729,100,100114,100,99592,100,100115,100,99582,100
2019-06-28 09:40:40.000000000,100019,176,99978,176,100028,176,99947,176,100043,176,99945,176,100061,276,99934,176,100080,176,99916,176,100082,100,99860,100,100090,100,99854,100,100106,100,99729,100,100114,100,99592,100,100115,100,99582,100
2019-06-28 09:40:45.519469195,100019,176,99978,176,100028,176,99947,176,100043,176,99945,176,100061,276,99934,176,100080,176,99916,176,100082,100,99860,100,100090,100,99854,100,100106,100,99729,100,100114,100,99592,100,100115,100,99479,100
2019-06-28 09:40:49.242249016,100019,176,99978,176,100028,176,99947,176,100043,176,99945,176,100061,276,99934,176,100080,176,99916,176,100082,100,99860,100,100090,100,99854,100,100106,100,99729,100,100114,100,99592,100,100115,100,99479,100
2019-06-28 09:40:50.000000000,100019,480,99978,480,100028,100,99947,100,100043,100,99945,100,100061,200,99934,100,100080,100,99916,100,100082,100,99860,100,100090,100,99854,100,100106,100,99729,100,100114,100,99592,100,100115,100,99479,100
2019-06-28 09:41:00.000000000,100019,195,99978,195,100028,195,99947,195,100043,195,99945,195,100061,295,99934,195,100080,100,99916,100,100082,100,99860,100,100090,100,99854,100,100106,100,99729,100,100114,100,99592,100,100115,100,99479,100
2019-06-28 09:41:00.994766232,100019,195,99978,195,100028,195,99947,195,100043,195,99945,195,100061,295,99934,195,100080,100,99916,100,100082,100,99860,100,100090,100,99854,100,100106,100,99729,100,100114,100,99592,100,100115,100,99499,100
2019-06-28 09:41:08.657003707,100001,100,99978,195,100019,195,99947,195,100028,195,99945,195,100043,195,99934,195,100061,295,99916,100,100080,100,99860,100,100082,100,99854,100,100090,100,99729,100,100106,100,99592,100,100114,100,99499,100
2019-06-28 09:41:10.000000000,100001,290,99978,290,100019,290,99947,290,100028,100,99945,100,100043,100,99934,100,100061,200,99916,100,100080,100,99860,100,100082,100,99854,100,100090,100,99729,100,100106,100,99592,100,100114,100,99499,100
2019-06-28 09:41:20.000000000,100001,480,99978,480,100019,100,99947,100,100028,100,99945,100,100043,100,99934,100,100061,200,99916,100,100080,100,99860,100,100082,100,99854,100,100090,100,99729,100,100106,100,99592,100,100114,100,99499,100
2019-06-28 09:41:21.651774418,100001,480,99978,380,100019,100,99947,100,100028,100,99945,100,100043,100,99934,100,100061,200,99916,100,100080,100,99860,100,100082,100,99854,100,100090,100,99729,100,100106,100,99592,100,100114,100,99499,100
2019-06-28 09:41:29.798494693,100001,480,99978,380,100019,100,99947,100,100028,100,99945,100,100043,100,99934,100,100061,200,99916,100,100080,100,99860,100,100082,100,99854,100,100090,100,99729,100,100106,100,99592,100,100114,100,99512,100
2019-06-28 09:41:30.000000000,100001,195,99947,195,100019,195,99945,195,100028,195,99934,195,100043,195,99916,195,100061,200,99860,100,100080,100,99854,100,100082,100,99729,100,100090,100,99592,100,100106,100,99512,100,100114,100,99499,100
2019-06-28 09:41:39.553556690,100001,195,99947,95,100019,195,99945,195,100028,195,99934,195,100043,95,99916,195,100061,200,99860,100,100080,100,99854,100,100082,100,99729,100,100090,100,99592,100,100106,100,99512,100,100114,100,99499,100
2019-06-28 09:41:40.000000000,100001,195,99945,195,100019,195,99934,195,100028,195,99916,195,100061,295,99860,195,100080,100,99854,100,100082,100,99729,100,100090,100,99592,100,100106,100,99512,100,100114,100,99499,100,100115,100,99479,100
2019-06-28 09:41:50.000000000,100001,229,99945,229,100019,225,99934,225,100028,225,99916,225,100061,200,99860,100,100080,100,99854,100,100082,100,99729,100,100090,100,99592,100,100106,100,99512,100,100114,100,99499,100,100115,100,99479,100
2019-06-28 09:42:00.000000000,100001,290,99945,290,100019,290,99934,290,100028,100,99916,100,100061,200,99860,100,100080,100,99854,100,100082,100,99729,100,100090,100,99592,100,100106,100,99512,100,100114,100,99499,100,100115,100,99479,100
2019-06-28 09:42:03.174173289,100001,290,99945,290,100019,290,99934,290,100028,100,99916,100,100061,200,99860,100,100080,100,99854,100,100082,100,99796,100,100090,100,99729,100,100106,100,99592,100,100114,100,99512,100,100115,100,99499,100
2019-06-28 09:42:05.084638044,100001,290,99974,100,100019,290,99945,290,100028,100,99934,290,100061,200,99916,100,100080,100,99860,100,100082,100,99854,100,100090,100,99796,100,100106,100,99729,100,100114,100,99592,100,100115,100,99512,100
2019-06-28 09:42:07.046948567,99978,100,99974,100,100001,290,99945,290,100019,290,99934,290,100028,100,99916,100,100061,200,99860,100,100080,100,99854,100,100082,100,99796,100,100090,100,99729,100,100106,100,99592,100,100114,100,99512,100
2019-06-28 09:42:10.000000000,99978,480,99974,480,100001,100,99945,100,100019,100,99934,100,100028,100,99916,100,100061,200,99860,100,100080,100,99854,100,100082,100,99796,100,100090,100,99729,100,100106,100,99592,100,100114,100,99512,100
2019-06-28 09:42:20.000000000,99978,229,99974,229,100001,225,99945,225,100019,225,99934,225,100028,100,99916,100,100061,200,99860,100,100080,100,99854,100,100082,100,99796,100,100090,100,99729,100,100106,100,99592,100,100114,100,99512,100
2019-06-28 09:42:30.000000000,99978,480,99974,480,100001,100,99945,100,100019,100,99934,100,100028,100,99916,100,100061,200,99860,100,100080,100,99854,100,100082,100,99796,100,100090,100,99729,100,100106,100,99592,100,100114,100,99512,100
2019-06-28 09:42:35.359079980,99978,480,99974,480,100001,100,99945,100,100019,100,99934,100,100028,100,99916,100,100061,200,99860,100,100080,100,99858,100,100082,100,99854,100,100090,100,99796,100,100114,100,99729,100,100115,100,99592,100
2019-06-28 09:42:39.147444495,99978,480,99974,480,100001,100,99945,100,100019,100,99934,100,100028,100,99916,100,100052,100,99860,100,100061,200,99858,100,100080,100,99854,100,100082,100,99796,100,100090,100,99729,100,100114,100,99592,100
2019-06-28 09:42:39.262072155,99978,380,99974,480,100001,100,99945,100,100019,100,99934,100,100028,100,99916,100,100052,100,99860,100,100061,200,99858,100,100080,100,99854,100,100082,100,99796,100,100090,100,99729,100,100114,100,99592,100
2019-06-28 09:42:40.000000000,100001,290,99974,290,100019,290,99945,290,100028,100,99934,100,100052,100,99916,100,100061,200,99860,100,100080,100,99858,100,100082,100,99854,100,100090,100,99796,100,100114,100,99729,100,100115,100,99592,100
2019-06-28 09:42:50.000000000,100001,229,99974,229,100019,225,99945,225,100028,225,99934,225,100052,100,99916,100,100061,200,99860,100,100080,100,99858,100,100082,100,99854,100,100090,100,99796,100,100114,100,99729,100,100115,100,99592,100
2019-06-28 09:43:00.000000000,100001,290,99974,290,100019,290,99945,290,100028,100,99934,100,100052,100,99916,100,100061,200,99860,100,100080,100,99858,100,100082,100,99854,100,100090,100,99796,100,100114,100,99729,100,100115,100,99592,100
2019-06-28 09:43:10.000000000,100001,290,99974,290,100019,290,99945,290,100028,100,99934,100,100052,100,99916,100,100061,200,99860,100,100080,100,99858,100,100082,100,99854,100,100090,100,99796,100,100114,100,99729,100,100115,100,99592,100
2019-06-28 09:43:14.724413201,100001,290,99974,290,100019,290,99945,290,100028,100,99934,100,100052,100,99916,100,100061,200,99903,100,100080,100,99860,100,100082,100,99858,100,100090,100,99854,100,100114,100,99796,100,100115,100,99729,100
2019-06-28 09:43:20.000000000,100001,229,99974,229,100019,225,99945,225,100028,225,99934,225,100052,100,99916,100,100061,200,99903,100,100080,100,99860,100,100082,100,99858,100,100090,100,99854,100,100114,100,99796,100,100115,100,99729,100
2019-06-28 09:43:21.097057244,100001,229,99974,129,100019,225,99945,225,100028,225,99934,225,100052,100,99916,100,100061,200,99903,100,100080,100,99860,100,100082,100,99858,100,100090,100,99854,100,100114,100,99796,100,100115,100,99729,100
2019-06-28 09:43:21.276911133,100001,229,99974,29,100019,225,99945,225,100028,225,99934,225,100052,100,99916,100,100061,200,99903,100,100082,100,99860,100,100090,100,99858,100,100114,100,99854,100,100115,100,99796,100,100169,200,99729,100
2019-06-28 09:43:30.000000000,100001,290,99945,290,100019,290,99934,290,100028,100,99916,100,100052,100,99903,100,100061,200,99860,100,100082,100,99858,100,100090,100,99854,100,100114,100,99796,100,100115,100,99729,100,100169,200,99592,100
2019-06-28 09:43:40.000000000,100001,229,99945,229,100019,225,99934,225,100028,225,99916,225,100052,100,99903,100,100061,200,99860,100,100082,100,99858,100,100090,100,99854,100,100114,100,99796,100,100115,100,99729,100,100169,200,99592,100
2019-06-28 09:43:47.782237842,99974,100,99945,229,100001,229,99934,225,100019,225,99916,225,100028,225,99903,100,100052,100,99860,100,100061,200,99858,100,100082,100,99854,100,100090,100,99796,100,100114,100,99729,100,100115,100,99592,100
2019-06-28 09:43:50.000000000,99974,176,99945,176,100001,176,99934,176,100019,176,99916,176,100028,176,99903,176,100052,176,99860,176,100061,200,99858,100,100082,100,99854,100,100090,100,99796,100,100114,100,99729,100,100115,100,99592,100
2019-06-28 09:44:00.000000000,99974,195,99945,195,100001,195,99934,195,100019,195,99916,195,100028,195,99903,195,100052,100,99860,100,100061,200,99858,100,100082,100,99854,100,100090,100,99796,100,100114,100,99729,100,100115,100,99592,100
2019-06-28 09:44:10.000000000,99974,176,99945,176,100001,176,99934,176,100019,176,99916,176,100028,176,99903,176,100052,176,99860,176,100061,200,99858,100,100082,100,99854,100,100090,100,99796,100,100114,100,99729,100,100115,100,99592,100
2019-06-28 09:44:20.000000000,99974,480,99945,480,100001,100,99934,100,100019,100,99916,100,100028,100,99903,100,100052,100,99860,100,100061,200,99858,100,100082,100,99854,100,100090,100,99796,100,100114,100,99729,100,100115,100,99592,100
2019-06-28 09:44:23.368215141,99974,480,99945,480,100001,100,99934,100,100019,100,99916,100,100028,100,99913,100,100052,100,99903,100,100061,200,99860,100,100082,100,99858,100,100090,100,99854,100,100114,100,99796,100,100115,100,99729,100
2019-06-28 09:44:30.000000000,99974,195,99945,195,100001,195,99934,195,100019,195,99916,195,100028,195,99913,195,100052,100,99903,100,100061,200,99860,100,100082,100,99858,100,100090,100,99854,100,100114,100,99796,100,100115,100,99729,100
2019-06-28 09:44:40.000000000,99974,195,99945,195,100001,195,99934,195,100019,195,99916,195,100028,195,99913,195,100052,100,99903,100,100061,200,99860,100,100082,100,99858,100,100090,100,99854,100,100114,100,99796,100,100115,100,99729,100
2019-06-28 09:44:50.000000000,99974,176,99945,176,100001,176,99934,176,100019,176,99916,176,100028,176,99913,176,100052,176,99903,176,100061,200,99860,100,100082,100,99858,100,100090,100,99854,100,100114,100,99796,100,100115,100,99729,100
2019-06-28 09:44:56.284352256,99974,176,99945,176,100001,176,99934,176,100019,176,99916,176,100028,176,99913,176,100052,176,99903,176,100061,200,99860,100,100082,100,99854,100,100090,100,99796,100,100114,100,99729,100,100115,100,99592,100
2019-06-28 09:45:00.000000000,99974,480,99945,480,100001,100,99934,100,100019,100,99916,100,100028,100,99913,100,100052,100,99903,100,100061,200,99860,100,100082,100,99854,100,100090,100,99796,100,100114,100,99729,100,100115,100,99592,100
2019-06-28 09:45:05.498980149,99974,480,99945,380,100001,100,99934,100,100019,100,99916,100,100028,100,99913,100,100052,100,99903,100,100061,200,99860,100,100082,100,99854,100,100090,100,99796,100,100114,100,99729,100,100115,100,99592,100
2019-06-28 09:45:10.000000000,99974,229,99934,229,100001,225,99916,225,100019,225,99913,225,100028,100,99903,100,100052,100,99860,100,100061,200,99854,100,100082,100,99796,100,100090,100,99729,100,100114,100,99592,100,100115,100,99512,100
2019-06-28 09:45:20.000000000,99974,176,99934,176,100001,176,99916,176,100019,176,99913,176,100028,176,99903,176,100052,176,99860,176,100061,200,99854,100,100082,100,99796,100,100090,100,99729,100,100114,100,99592,100,100115,100,99512,100
2019-06-28 09:45:23.667218961,99974,176,99934,76,100001,176,99916,176,100019,176,99913,176,100028,176,99903,176,100052,176,99860,176,100061,200,99854,100,100082,100,99796,100,100090,100,99729,100,100114,100,99592,100,100115,100,99512,100
2019-06-28 09:45:30.000000000,99974,290,99916,290,100001,290,99913,290,100019,100,99903,100,100028,100,99860,100,100052,100,99854,100,100061,200,99796,100,100082,100,99729,100,100090,100,99592,100,100114,100,99512,100,100115,100,99410,100
2019-06-28 09:45:40.000000000,99974,176,99916,176,100001,176,99913,176,100019,176,99903,176,100028,176,99860,176,100052,176,99854,176,100061,200,99796,100,100082,100,99729,100,100090,100,99592,100,100114,100,99512,100,100115,100,99410,100
2019-06-28 09:45:50.000000000,99974,290,99916,290,100001,290,99913,290,100019,100,99903,100,100028,100,99860,100,100052,100,99854,100,100061,200,99796,100,100082,100,99729,100,100090,100,99592,100,100114,100,99512,100,100115,100,99410,100
2019-06-28 09:46:00.000000000,99974,480,99916,480,100001,100,99913,100,100019,100,99903,100,100028,100,99860,100,100052,100,99854,100,100061,200,99796,100,100082,100,99729,100,100090,100,99592,100,100114,100,99512,100,100115,100,99410,100
2019-06-28 09:46:10.000000000,99974,176,99916,176,100001,176,99913,176,100019,176,99903,176,100028,176,99860,176,100052,176,99854,176,100061,200,99796,100,100082,100,99729,100,100090,100,99592,100,100114,100,99512,100,100115,100,99410,100
2019-06-28 09:46:20.000000000,99974,290,99916,290,100001,290,99913,290,100019,100,99903,100,100028,100,99860,100,100052,100,99854,100,100061,200,99796,100,100082,100,99729,100,100090,100,99592,100,100114,100,99512,100,100115,100,99410,100
2019-06-28 09:46:20.414219782,99974,290,99916,190,100001,290,99913,290,100019,100,99903,100,100028,100,99860,100,100052,100,99854,100,100061,200,99796,100,100082,100,99729,100,100090,100,99592,100,100115,100,99512,100,100169,100,99410,100
2019-06-28 09:46:30.000000000,99974,176,99913,176,100001,176,99903,176,100019,176,99860,176,100028,176,99854,176,100052,176,99796,176,100061,200,99729,100,100082,100,99592,100,100090,100,99512,100,100115,100,99410,100,100169,100,99392,100
2019-06-28 09:46:34.292511735,99974,176,99913,176,100001,176,99903,76,100019,176,99860,176,100028,176,99854,176,100042,100,99796,176,100052,176,99729,100,100061,200,99592,100,100082,100,99512,100,100090,100,99410,100,100115,100,99392,100
2019-06-28 09:46:35.349772403,99974,176,99913,176,100001,176,99903,76,100019,176,99860,176,100028,176,99854,176,100042,100,99796,176,100052,176,99729,100,100061,200,99592,100,100068,100,99512,100,100082,100,99410,100,100090,100,99392,100
2019-06-28 09:46:40.000000000,99974,290,99913,290,100001,290,99860,290,100019,100,99854,100,100028,100,99796,100,100042,100,99729,100,100052,100,99592,100,100061,200,99512,100,100068,100,99410,100,100082,100,99392,100,100090,100,99378,100
2019-06-28 09:46:44.685634955,99974,290,99913,190,100001,290,99860,290,100019,100,99854,100,100028,100,99796,100,100052,100,99729,100,100061,200,99592,100,100068,100,99512,100,100082,100,99410,100,100090,100,99392,100,100115,100,99378,100
2019-06-28 09:46:45.681578165,99974,290,99913,90,100001,290,99860,290,100019,100,99854,100,100028,100,99796,100,100052,100,99729,100,100061,200,99592,100,100068,100,99512,100,100082,100,99410,100,100090,100,99392,100,100115,100,99378,100
2019-06-28 09:46:50.000000000,99974,229,99860,229,100001,225,99854,225,100019,225,99796,225,100028,100,99729,100,100052,100,99592,100,100061,200,99512,100,100068,100,99410,100,100082,100,99392,100,100090,100,99378,100,100115,100,98919,100
2019-06-28 09:46:57.729845782,99974,229,99860,129,100001,225,99854,225,100019,225,99796,225,100028,100,99729,100,100052,100,99592,100,100061,200,99512,100,100068,100,99410,100,100082,100,99392,100,100090,100,99378,100,100115,100,98919,100
2019-06-28 09:46:57.818928955,99974,229,99860,129,100001,225,99854,225,100019,225,99796,225,100028,100,99729,100,100052,100,99592,100,100061,200,99512,100,100068,100,99460,100,100082,100,99410,100,100090,100,99392,100,100115,100,99378,100
2019-06-28 09:47:00.000000000,99974,480,99854,480,100001,100,99796,100,100019,100,99729,100,100028,100,99592,100,100052,100,99512,100,100061,200,99460,100,100068,100,99410,100,100082,100,99392,100,100090,100,99378,100,100115,100,98919,100
2019-06-28 09:47:01.388815157,99974,480,99854,380,100001,100,99796,100,100019,100,99729,100,100028,100,99592,100,100052,100,99512,100,100061,100,99460,100,100068,100,99410,100,100082,100,99392,100,100090,100,99378,100,100115,100,98919,100
2019-06-28 09:47:10.000000000,99974,195,99796,195,100001,195,99729,195,100019,195,99592,195,100028,195,99512,195,100052,100,99460,100,100061,100,99410,100,100068,100,99392,100,100082,100,99378,100,100090,100,98919,100,100115,100,,
2019-06-28 09:47:20.000000000,99974,229,99796,229,100001,225,99729,225,100019,225,99592,225,100028,100,99512,100,100052,100,99460,100,100061,100,99410,100,100068,100,99392,100,100082,100,99378,100,100090,100,98919,100,100115,100,,
2019-06-28 09:47:30.000000000,99974,290,99796,290,100001,290,99729,290,100019,100,99592,100,100028,100,99512,100,100052,100,99460,100,100061,100,99410,100,100068,100,99392,100,100082,100,99378,100,100090,100,98919,100,100115,100,,
2019-06-28 09:47:40.000000000,99974,290,99796,290,100001,290,99729,290,100019,100,99592,100,100028,100,99512,100,100052,100,99460,100,100061,100,99410,100,100068,100,99392,100,100082,100,99378,100,100090,100,98919,100,100115,100,,
2019-06-28 09:47:45.137518734,99974,190,99796,290,100001,290,99729,290,100019,100,99592,100,100028,100,99512,100,100052,100,99460,100,100061,100,99410,100,100068,100,99392,100,100082,100,99378,100,100090,100,98919,100,100115,100,,
2019-06-28 09:47:46.190813182,99974,90,99796,290,100001,290,99729,290,100019,100,99592,100,100028,100,99512,100,100052,100,99460,100,100061,100,99410,100,100068,100,99392,100,100082,100,99378,100,100090,100,98919,100,100115,100,,
2019-06-28 09:47:50.000000000,100001,290,99796,290,100019,290,99729,290,100028,100,99592,100,100052,100,99512,100,100061,100,99460,100,100068,100,99410,100,100082,100,99392,100,100090,100,99378,100,100115,100,98919,100,100907,100,,
2019-06-28 09:48:00.000000000,100001,195,99796,195,100019,195,99729,195,100028,195,99592,195,100052,195,99512,195,100061,100,99460,100,100068,100,99410,100,100082,100,99392,100,100090,100,99378,100,100115,100,98919,100,100907,100,,
2019-06-28 09:48:03.321249874,100001,95,99796,195,100019,195,99729,195,100028,195,99592,195,100052,195,99512,195,100061,100,99460,100,100068,100,99410,100,100082,100,99392,100,100090,100,99378,100,100115,100,98919,100,100907,100,,
2019-06-28 09:48:10.000000000,100019,195,99796,195,100028,195,99729,195,100052,195,99592,195,100061,195,99512,195,100068,100,99460,100,100082,100,99410,100,100090,100,99392,100,100115,100,99378,100,100907,100,98919,100,,,,
2019-06-28 09:48:20.000000000,100019,229,99796,229,100028,225,99729,225,100052,225,99592,225,100061,100,99512,100,100068,100,99460,100,100082,100,99410,100,100090,100,99392,100,100115,100,99378,100,100907,100,98919,100,,,,
2019-06-28 09:48:30.000000000,100019,290,99796,290,100028,290,99729,290,100052,100,99592,100,100061,100,99512,100,100068,100,99460,100,100082,100,99410,100,100090,100,99392,100,100115,100,99378,100,100907,100,98919,100,,,,
2019-06-28 09:48:33.653488447,100019,290,99980,100,100028,290,99796,290,100052,100,99729,290,100061,100,99592,100,100068,100,99512,100,100082,100,99460,100,100090,100,99410,100,100115,100,99392,100,100907,100,99378,100,,,98919,100
2019-06-28 09:48:40.000000000,100019,176,99980,176,100028,176,99796,176,100052,176,99729,176,100061,176,99592,176,100068,176,99512,176,100082,100,99460,100,100090,100,99410,100,100115,100,99392,100,100907,100,99378,100,,,98919,100
2019-06-28 09:48:50.000000000,100019,176,99980,176,100028,176,99796,176,100052,176,99729,176,100061,176,99592,176,100068,176,99512,176,100082,100,99460,100,100090,100,99410,100,100115,100,99392,100,100907,100,99378,100,,,98919,100
2019-06-28 09:49:00.000000000,100019,176,99980,176,100028,176,99796,176,100052,176,99729,176,100061,176,99592,176,100068,176,99512,176,100082,100,99460,100,100090,100,99410,100,100115,100,99392,100,100907,100,99378,100,,,98919,100
2019-06-28 09:49:03.461903785,100019,176,99980,176,100028,176,99796,176,100052,176,99729,176,100061,176,99592,176,100068,176,99512,176,100082,100,99460,100,100090,100,99410,100,100115,100,99392,100,100585,100,99378,100,100907,100,98919,100
2019-06-28 09:49:10.000000000,100019,195,99980,195,100028,195,99796,195,100052,195,99729,195,100061,195,99592,195,100068,100,99512,100,100082,100,99460,100,100090,100,99410,100,100115,100,99392,100,100585,100,99378,100,100907,100,98919,100
2019-06-28 09:49:20.000000000,100019,290,99980,290,100028,290,99796,290,100052,100,99729,100,100061,100,99592,100,100068,100,99512,100,100082,100,99460,100,100090,100,99410,100,100115,100,99392,100,100585,100,99378,100,100907,100,98919,100
2019-06-28 09:49:22.406147920,100019,290,99980,290,100028,290,99796,290,100052,100,99729,100,100061,100,99592,100,100068,100,99512,100,100082,100,99460,100,100090,100,99410,100,100115,100,99392,100,100585,100,99378,100,100741,100,98919,100
2019-06-28 09:49:30.000000000,100019,176,99980,176,100028,176,99796,176,100052,176,99729,176,100061,176,99592,176,100068,176,99512,176,100082,100,99460,100,100090,100,99410,100,100115,100,99392,100,100585,100,99378,100,100741,100,98919,100
2019-06-28 09:49:31.647760242,100019,176,99980,176,100028,176,99796,176,100052,176,99729,176,100061,176,99592,176,100068,176,99512,176,100082,100,99460,100,100090,100,99410,100,100115,100,99392,100,100585,100,99378,100,100741,100,98919,100
2019-06-28 09:49:40.000000000,100019,290,99980,290,100028,290,99796,290,100052,100,99729,100,100061,100,99592,100,100068,100,99512,100,100082,100,99460,100,100090,100,99410,100,100115,100,99392,100,100585,100,99378,100,100741,100,98919,100
2019-06-28 09:49:44.619477278,100019,290,99980,290,100028,290,99974,100,100052,100,99796,290,100061,100,99729,100,100068,100,99592,100,100082,100,99512,100,100090,100,99460,100,100115,100,99410,100,100585,100,99392,100,100741,100,99378,100
2019-06-28 09:49:50.000000000,100019,480,99980,480,100028,100,99974,100,100052,100,99796,100,100061,100,99729,100,100068,100,99592,100,100082,100,99512,100,100090,100,99460,100,100115,100,99410,100,100585,100,99392,100,100741,100,99378,100
2019-06-28 09:49:51.565754381,100019,380,99980,480,100028,100,99974,100,100052,100,99796,100,100061,100,99729,100,100068,100,99592,100,100082,100,99512,100,100090,100,99460,100,100115,100,99410,100,100585,100,99392,100,100741,100,99378,100
2019-06-28 09:50:00.000000000,100028,290,99980,290,100052,290,99974,290,100061,100,99796,100,100068,100,99729,100,100082,100,99592,100,100090,100,99512,100,100115,100,99460,100,100585,100,99410,100,100741,100,99392,100,100766,100,99378,100
2019-06-28 09:50:02.231124191,100028,290,99980,290,100052,290,99974,290,100061,100,99796,100,100068,100,99729,100,100082,100,99592,100,100090,100,99512,100,100115,100,99460,100,100585,100,99410,100,100703,100,99392,100,100741,100,99378,100
2019-06-28 09:50:10.000000000,100028,290,99980,290,100052,290,99974,290,100061,100,99796,100,100068,100,99729,100,100082,100,99592,100,100090,100,99512,100,100115,100,99460,100,100585,100,99410,100,100703,100,99392,100,100741,100,99378,100
2019-06-28 09:50:20.000000000,100028,195,99980,195,100052,195,99974,195,100061,195,99796,195,100068,195,99729,195,100082,100,99592,100,100090,100,99512,100,100115,100,99460,100,100585,100,99410,100,100703,100,99392,100,100741,100,99378,100
2019-06-28 09:50:30.000000000,100028,480,99980,480,100052,100,99974,100,100061,100,99796,100,100068,100,99729,100,100082,100,99592,100,100090,100,99512,100,100115,100,99460,100,100585,100,99410,100,100703,100,99392,100,100741,100,99378,100
2019-06-28 09:50:35.024567148,100028,380,99980,480,100052,100,99974,100,100061,100,99796,100,100068,100,99729,100,100082,100,99592,100,100090,100,99512,100,100115,100,99460,100,100585,100,99410,100,100703,100,99392,100,100741,100,99378,100
2019-06-28 09:50:40.000000000,100052,176,99980,176,100061,176,99974,176,100068,176,99796,176,100082,176,99729,176,100090,176,99592,176,100115,100,99512,100,100585,100,99460,100,100703,100,99410,100,100741,100,99392,100,100766,100,99378,100
2019-06-28 09:50:41.513511839,100052,176,100019,100,100061,176,99980,176,100068,176,99974,176,100082,176,99796,176,100090,176,99729,176,100115,100,99592,176,100585,100,99512,100,100703,100,99460,100,100741,100,99410,100,100766,100,99392,100
2019-06-28 09:50:50.000000000,100052,290,100019,290,100061,290,99980,290,100068,100,99974,100,100082,100,99796,100,100090,100,99729,100,100115,100,99592,100,100585,100,99512,100,100703,100,99460,100,100741,100,99410,100,100766,100,99392,100
2019-06-28 09:51:00.000000000,100052,480,100019,480,100061,100,99980,100,100068,100,99974,100,100082,100,99796,100,100090,100,99729,100,100115,100,99592,100,100585,100,99512,100,100703,100,99460,100,100741,100,99410,100,100766,100,99392,100
2019-06-28 09:51:03.451300383,100052,480,100019,480,100061,100,99980,100,100068,100,99974,100,100082,100,99796,100,100090,100,99729,100,100115,100,99592,100,100350,100,99512,100,100585,100,99460,100,100703,100,99410,100,100766,100,99392,100
2019-06-28 09:51:10.000000000,100052,480,100019,480,100061,100,99980,100,100068,100,99974,100,100082,100,99796,100,100090,100,99729,100,100115,100,99592,100,100350,100,99512,100,100585,100,99460,100,100703,100,99410,100,100766,100,99392,100
2019-06-28 09:51:12.340825783,100052,480,100019,480,100061,100,99980,100,100068,100,99974,100,100090,100,99796,100,100115,100,99729,100,100231,100,99592,100,100350,100,99512,100,100585,100,99460,100,100703,100,99410,100,100766,100,99392,100
2019-06-28 09:51:15.101316804,100052,480,100019,480,100061,100,99980,100,100068,100,99974,100,100115,100,99796,100,100151,100,99729,100,100231,100,99592,100,100350,100,99512,100,100585,100,99460,100,100703,100,99410,100,100766,100,99392,100
2019-06-28 09:51:20.000000000,100052,229,100019,229,100061,225,99980,225,100068,225,99974,225,100115,100,99796,100,100151,100,99729,100,100231,100,99592,100,100350,100,99512,100,100585,100,99460,100,100703,100,99410,100,100766,100,99392,100
2019-06-28 09:51:20.752094584,100052,229,100019,229,100061,225,99980,225,100068,225,99974,225,100115,100,99796,100,100231,100,99729,100,100329,100,99592,100,100350,100,99512,100,100585,100,99460,100,100703,100,99410,100,100766,100,99392,100
2019-06-28 09:51:25.003124367,100052,229,100019,229,100061,225,99980,225,100068,225,99974,225,100115,100,99796,100,100231,100,99729,100,100305,100,99592,100,100329,100,99512,100,100350,100,99460,100,100703,100,99410,100,100766,100,99392,100
2019-06-28 09:51:30.000000000,100052,480,100019,480,100061,100,99980,100,100068,100,99974,100,100115,100,99796,100,100231,100,99729,100,100305,100,99592,100,100329,100,99512,100,100350,100,99460,100,100703,100,99410,100,100766,100,99392,100
2019-06-28 09:51:40.000000000,100052,480,100019,480,100061,100,99980,100,100068,100,99974,100,100115,100,99796,100,100231,100,99729,100,100305,100,99592,100,100329,100,99512,100,100350,100,99460,100,100703,100,99410,100,100766,100,99392,100
2019-06-28 09:51:50.000000000,100052,290,100019,290,100061,290,99980,290,100068,100,99974,100,100115,100,99796,100,100231,100,99729,100,100305,100,99592,100,100329,100,99512,100,100350,100,99460,100,100703,100,99410,100,100766,100,99392,100
2019-06-28 09:51:55.464961966,100052,290,100019,190,100061,290,99980,290,100068,100,99974,100,100115,100,99796,100,100231,100,99729,100,100329,100,99592,100,100350,100,99512,100,100703,100,99460,100,100766,100,99410,100,100907,100,99392,100
2019-06-28 09:52:00.000000000,100052,176,99980,176,100061,176,99974,176,100068,176,99796,176,100115,176,99729,176,100231,176,99592,176,100329,100,99512,100,100350,100,99460,100,100703,100,99410,100,100766,100,99392,100,100907,100,99378,100
2019-06-28 09:52:10.000000000,100052,229,99980,229,100061,225,99974,225,100068,225,99796,225,100115,100,99729,100,100231,100,99592,100,100329,100,99512,100,100350,100,99460,100,100703,100,99410,100,100766,100,99392,100,100907,100,99378,100
2019-06-28 09:52:20.000000000,100052,195,99980,195,100061,195,99974,195,100068,195,99796,195,100115,195,99729,195,100231,100,99592,100,100329,100,99512,100,100350,100,99460,100,100703,100,99410,100,100766,100,99392,100,100907,100,99378,100
2019-06-28 09:52:20.845771961,100027,100,99980,195,100052,195,99974,95,100061,195,99796,195,100068,195,99729,195,100115,195,99592,100,100231,100,99512,100,100329,100,99460,100,100350,100,99410,100,100703,100,99392,100,100766,100,99378,100
2019-06-28 09:52:30.000000000,100027,480,99980,480,100052,100,99796,100,100061,100,99729,100,100068,100,99592,100,100115,100,99512,100,100231,100,99460,100,100329,100,99410,100,100350,100,99392,100,100703,100,99378,100,100766,100,98919,100
2019-06-28 09:52:40.000000000,100027,229,99980,229,100052,225,99796,225,100061,225,99729,225,100068,100,99592,100,100115,100,99512,100,100231,100,99460,100,100329,100,99410,100,100350,100,99392,100,100703,100,99378,100,100766,100,98919,100
2019-06-28 09:52:50.000000000,100027,176,99980,176,100052,176,99796,176,100061,176,99729,176,100068,176,99592,176,100115,176,99512,176,100231,100,99460,100,100329,100,99410,100,100350,100,99392,100,100703,100,99378,100,100766,100,98919,100
2019-06-28 09:52:59.932576250,100027,176,99980,176,100052,176,99796,176,100061,176,99729,176,100068,176,99592,176,100115,176,99512,176,100231,100,99460,100,100329,100,99410,100,100350,100,99405,100,100703,100,99392,100,100766,100,99378,100
2019-06-28 09:53:00.000000000,100027,195,99980,195,100052,195,99796,195,100061,195,99729,195,100068,195,99592,195,100115,100,99512,100,100231,100,99460,100,100329,100,99410,100,100350,100,99405,100,100703,100,99392,100,100766,100,99378,100
2019-06-28 09:53:10.000000000,100027,480,99980,480,100052,100,99796,100,100061,100,99729,100,100068,100,99592,100,100115,100,99512,100,100231,100,99460,100,100329,100,99410,100,100350,100,99405,100,100703,100,99392,100,100766,100,99378,100
2019-06-28 09:53:20.000000000,100027,480,99980,480,100052,100,99796,100,100061,100,99729,100,100068,100,99592,100,100115,100,99512,100,100231,100,99460,100,100329,100,99410,100,100350,100,99405,100,100703,100,99392,100,100766,100,99378,100
2019-06-28 09:53:20.836178983,100027,480,99980,380,100052,100,99796,100,100061,100,99729,100,100068,100,99592,100,100115,100,99512,100,100231,100,99460,100,100329,100,99410,100,100350,100,99405,100,100703,100,99392,100,100766,100,99378,100
2019-06-28 09:53:23.214459570,100027,480,99980,380,100061,100,99796,100,100068,100,99729,100,100115,100,99592,100,100231,100,99512,100,100329,100,99460,100,100350,100,99410,100,100703,100,99405,100,100766,100,99392,100,100907,100,99378,100
2019-06-28 09:53:30.000000000,100027,229,99796,229,100061,225,99729,225,100068,225,99592,225,100115,100,99512,100,100231,100,99460,100,100329,100,99410,100,100350,100,99405,100,100703,100,99392,100,100766,100,99378,100,100907,100,99377,100
2019-06-28 09:53:35.844187613,100027,229,99796,129,100061,225,99729,225,100068,225,99592,125,100115,100,99512,100,100231,100,99460,100,100329,100,99410,100,100350,100,99405,100,100703,100,99392,100,100766,100,99378,100,100907,100,99377,100
2019-06-28 09:53:39.435476312,100027,229,99796,29,100061,225,99729,225,100068,225,99592,125,100115,100,99512,100,100231,100,99460,100,100329,100,99410,100,100350,100,99405,100,100703,100,99392,100,100766,100,99378,100,100907,100,99377,100
2019-06-28 09:53:40.000000000,100027,229,99729,229,100061,225,99512,225,100068,225,99460,225,100115,100,99410,100,100231,100,99405,100,100329,100,99392,100,100350,100,99378,100,100703,100,99377,100,100766,100,98919,100,100907,100,,
2019-06-28 09:53:50.000000000,100027,229,99729,229,100061,225,99512,225,100068,225,99460,225,100115,100,99410,100,100231,100,99405,100,100329,100,99392,100,100350,100,99378,100,100703,100,99377,100,100766,100,98919,100,100907,100,,
2019-06-28 09:53:54.804657641,100027,229,99729,229,100061,225,99512,225,100068,225,99460,225,100115,100,99410,100,100231,100,99405,100,100329,100,99392,100,100350,100,99378,100,100703,100,99377,100,100766,100,99124,100,100907,100,98919,100
2019-06-28 09:54:00.000000000,100027,480,99729,480,100061,100,99512,100,100068,100,99460,100,100115,100,99410,100,100231,100,99405,100,100329,100,99392,100,100350,100,99378,100,100703,100,99377,100,100766,100,99124,100,100907,100,98919,100
2019-06-28 09:54:10.000000000,100027,290,99729,290,100061,290,99512,290,100068,100,99460,100,100115,100,99410,100,100231,100,99405,100,100329,100,99392,100,100350,100,99378,100,100703,100,99377,100,100766,100,99124,100,100907,100,98919,100
2019-06-28 09:54:20.000000000,100027,176,99729,176,100061,176,99512,176,100068,176,99460,176,100115,176,99410,176,100231,176,99405,176,100329,100,99392,100,100350,100,99378,100,100703,100,99377,100,100766,100,99124,100,100907,100,98919,100
2019-06-28 09:54:26.400357896,100027,176,99862,100,100061,176,99729,176,100068,176,99512,176,100115,176,99460,176,100231,176,99410,176,100329,100,99405,176,100350,100,99392,100,100703,100,99378,100,100766,100,99377,100,100907,100,99124,100
2019-06-28 09:54:30.000000000,100027,290,99862,290,100061,290,99729,290,100068,100,99512,100,100115,100,99460,100,100231,100,99410,100,100329,100,99405,100,100350,100,99392,100,100703,100,99378,100,100766,100,99377,100,100907,100,99124,100
2019-06-28 09:54:40.000000000,100027,176,99862,176,100061,176,99729,176,100068,176,99512,176,100115,176,99460,176,100231,176,99410,176,100329,100,99405,100,100350,100,99392,100,100703,100,99378,100,100766,100,99377,100,100907,100,99124,100
2019-06-28 09:54:44.476067140,100027,176,99862,76,100061,176,99729,176,100068,76,99512,176,100115,176,99460,176,100231,176,99410,176,100329,100,99405,100,100350,100,99392,100,100703,100,99378,100,100766,100,99377,100,100907,100,99124,100
2019-06-28 09:54:50.000000000,100027,480,99729,480,100061,100,99512,100,100115,100,99460,100,100231,100,99410,100,100329,100,99405,100,100350,100,99392,100,100703,100,99378,100,100766,100,99377,100,100907,100,99124,100,,,98919,100
2019-06-28 09:55:00.000000000,100027,480,99729,480,100061,100,99512,100,100115,100,99460,100,100231,100,99410,100,100329,100,99405,100,100350,100,99392,100,100703,100,99378,100,100766,100,99377,100,100907,100,99124,100,,,98919,100
2019-06-28 09:55:10.000000000,100027,290,99729,290,100061,290,99512,290,100115,100,99460,100,100231,100,99410,100,100329,100,99405,100,100350,100,99392,100,100703,100,99378,100,100766,100,99377,100,100907,100,99124,100,,,98919,100
2019-06-28 09:55:18.386453220,100027,290,99729,290,100061,190,99512,290,100115,100,99460,100,100231,100,99410,100,100329,100,99405,100,100350,100,99392,100,100416,100,99378,100,100703,100,99377,100,100766,100,99124,100,100907,100,98919,100
2019-06-28 09:55:20.000000000,100027,195,99729,195,100115,195,99512,195,100231,195,99460,195,100329,195,99410,195,100350,100,99405,100,100416,100,99392,100,100703,100,99378,100,100766,100,99377,100,100907,100,99124,100,,,98919,100
2019-06-28 09:55:22.919466879,100027,195,99729,195,100115,195,99512,195,100195,100,99460,195,100231,195,99410,195,100329,195,99405,100,100350,100,99392,100,100416,100,99378,100,100703,100,99377,100,100766,100,99124,100,100907,100,98919,100
2019-06-28 09:55:30.000000000,100027,229,99729,229,100115,225,99512,225,100195,225,99460,225,100231,100,99410,100,100329,100,99405,100,100350,100,99392,100,100416,100,99378,100,100703,100,99377,100,100766,100,99124,100,100907,100,98919,100
2019-06-28 09:55:40.000000000,100027,195,99729,195,100115,195,99512,195,100195,195,99460,195,100231,195,99410,195,100329,100,99405,100,100350,100,99392,100,100416,100,99378,100,100703,100,99377,100,100766,100,99124,100,100907,100,98919,100
2019-06-28 09:55:50.000000000,100027,195,99729,195,100115,195,99512,195,100195,195,99460,195,100231,195,99410,195,100329,100,99405,100,100350,100,99392,100,100416,100,99378,100,100703,100,99377,100,100766,100,99124,100,100907,100,98919,100
2019-06-28 09:56:00.000000000,100027,195,99729,195,100115,195,99512,195,100195,195,99460,195,100231,195,99410,195,100329,100,99405,100,100350,100,99392,100,100416,100,99378,100,100703,100,99377,100,100766,100,99124,100,100907,100,98919,100
2019-06-28 09:56:10.000000000,100027,229,99729,229,100115,225,99512,225,100195,225,99460,225,100231,100,99410,100,100329,100,99405,100,100350,100,99392,100,100416,100,99378,100,100703,100,99377,100,100766,100,99124,100,100907,100,98919,100
2019-06-28 09:56:20.000000000,100027,195,99729,195,100115,195,99512,195,100195,195,99460,195,100231,195,99410,195,100329,100,99405,100,100350,100,99392,100,100416,100,99378,100,100703,100,99377,100,100766,100,99124,100,100907,100,98919,100
2019-06-28 09:56:30.000000000,100027,229,99729,229,100115,225,99512,225,100195,225,99460,225,100231,100,99410,100,100329,100,99405,100,100350,100,99392,100,100416,100,99378,100,100703,100,99377,100,100766,100,99124,100,100907,100,98919,100
2019-06-28 09:56:40.000000000,100027,176,99729,176,100115,176,99512,176,100195,176,99460,176,100231,176,99410,176,100329,176,99405,176,100350,100,99392,100,100416,100,99378,100,100703,100,99377,100,100766,100,99124,100,100907,100,98919,100
2019-06-28 09:56:41.124137056,100024,100,99729,176,100027,176,99512,176,100115,176,99460,176,100195,176,99410,176,100231,176,99405,176,100329,176,99392,100,100350,100,99378,100,100416,100,99377,100,100703,100,99124,100,100766,100,98919,100
2019-06-28 09:56:45.913360304,100024,100,99863,100,100027,176,99729,176,100115,176,99512,176,100195,176,99460,176,100231,176,99410,176,100329,176,99405,176,100350,100,99392,100,100416,100,99378,100,100703,100,99377,100,100766,100,99124,100
2019-06-28 09:56:48.337470167,100024,100,99863,100,100027,176,99729,176,100115,176,99512,176,100195,176,99460,176,100208,100,99410,176,100231,176,99405,176,100329,176,99392,100,100350,100,99378,100,100416,100,99377,100,100703,100,99124,100
2019-06-28 09:56:50.000000000,100024,176,99863,176,100027,176,99729,176,100115,176,99512,176,100195,176,99460,176,100208,176,99410,176,100231,100,99405,100,100329,100,99392,100,100350,100,99378,100,100416,100,99377,100,100703,100,99124,100
2019-06-28 09:56:50.006371789,100024,176,99946,100,100027,176,99863,176,100115,176,99729,176,100195,176,99512,176,100208,176,99460,176,100231,100,99410,176,100329,100,99405,100,100350,100,99378,100,100416,100,99377,100,100703,100,99124,100
2019-06-28 09:56:59.738110551,100024,176,99946,100,100027,176,99863,176,100115,176,99729,176,100195,176,99512,176,100208,176,99460,176,100231,100,99410,176,100329,100,99405,100,100333,100,99378,100,100350,100,99377,100,100416,100,99124,100
2019-06-28 09:57:00.000000000,100024,229,99946,229,100027,225,99863,225,100115,225,99729,225,100195,100,99512,100,100208,100,99460,100,100231,100,99410,100,100329,100,99405,100,100333,100,99378,100,100350,100,99377,100,100416,100,99124,100
2019-06-28 09:57:09.169007526,100024,129,99946,229,100027,225,99863,225,100115,225,99729,225,100195,100,99512,100,100208,100,99460,100,100231,100,99410,100,100329,100,99405,100,100333,100,99378,100,100350,100,99377,100,100416,100,99124,100
2019-06-28 09:57:10.000000000,100027,480,99946,480,100115,100,99863,100,100195,100,99729,100,100208,100,99512,100,100231,100,99460,100,100329,100,99410,100,100333,100,99405,100,100350,100,99378,100,100416,100,99377,100,100703,100,99124,100
2019-06-28 09:57:20.000000000,100027,290,99946,290,100115,290,99863,290,100195,100,99729,100,100208,100,99512,100,100231,100,99460,100,100329,100,99410,100,100333,100,99405,100,100350,100,99378,100,100416,100,99377,100,100703,100,99124,100
2019-06-28 09:57:20.972981739,100027,290,99954,100,100115,290,99946,290,100195,100,99863,290,100208,100,99729,100,100231,100,99512,100,100329,100,99460,100,100333,100,99410,100,100350,100,99405,100,100416,100,99378,100,100766,100,99377,100
2019-06-28 09:57:23.081079051,100027,290,99954,100,100068,100,99946,290,100115,290,99863,290,100195,100,99729,100,100208,100,99512,100,100231,100,99460,100,100329,100,99410,100,100333,100,99405,100,100350,100,99378,100,100416,100,99377,100
2019-06-28 09:57:30.000000000,100027,290,99954,290,100068,290,99946,290,100115,100,99863,100,100195,100,99729,100,100208,100,99512,100,100231,100,99460,100,100329,100,99410,100,100333,100,99405,100,100350,100,99378,100,100416,100,99377,100
2019-06-28 09:57:35.568154269,100027,290,99954,290,100068,290,99947,100,100115,100,99946,290,100195,100,99863,100,100208,100,99729,100,100231,100,99512,100,100329,100,99460,100,100333,100,99410,100,100350,100,99405,100,100416,100,99378,100
2019-06-28 09:57:35.864798892,100027,190,99954,290,100068,290,99947,100,100115,100,99946,290,100195,100,99863,100,100208,100,99729,100,100231,100,99512,100,100329,100,99460,100,100333,100,99410,100,100350,100,99405,100,100416,100,99378,100
2019-06-28 09:57:39.224633837,100027,190,99954,290,100068,290,99947,100,100115,100,99946,290,100195,100,99889,100,100208,100,99863,100,100231,100,99729,100,100329,100,99512,100,100333,100,99460,100,100350,100,99410,100,100416,100,99405,100
2019-06-28 09:57:40.000000000,100068,229,99954,229,100115,225,99947,225,100195,225,99946,225,100208,100,99889,100,100231,100,99863,100,100329,100,99729,100,100333,100,99512,100,100350,100,99460,100,100416,100,99410,100,100766,100,99405,100
2019-06-28 09:57:41.019570231,100068,229,100021,100,100115,225,99954,229,100195,225,99947,225,100208,100,99946,225,100231,100,99889,100,100329,100,99863,100,100333,100,99729,100,100350,100,99512,100,100416,100,99460,100,100766,100,99410,100
2019-06-28 09:57:43.979772504,100068,229,100021,100,100115,225,99986,100,100195,225,99954,229,100208,100,99947,225,100231,100,99946,225,100329,100,99889,100,100333,100,99863,100,100350,100,99729,100,100416,100,99512,100,100766,100,99460,100
2019-06-28 09:57:50.000000000,100068,229,100021,229,100115,225,99986,225,100195,225,99954,225,100208,100,99947,100,100231,100,99946,100,100329,100,99889,100,100333,100,99863,100,100350,100,99729,100,100416,100,99512,100,100766,100,99460,100
2019-06-28 09:57:50.042056289,100068,229,100021,229,100115,225,100003,100,100195,225,99986,225,100208,100,99954,225,100231,100,99947,100,100329,100,99946,100,100333,100,99889,100,100416,100,99863,100,100766,100,99729,100,100907,100,99512,100
2019-06-28 09:57:59.189657650,100068,229,100024,100,100115,225,100021,229,100195,225,100003,100,100208,100,99986,225,100231,100,99954,225,100329,100,99947,100,100333,100,99946,100,100416,100,99889,100,100766,100,99863,100,100907,100,99729,100
2019-06-28 09:58:00.000000000,100068,290,100024,290,100115,290,100021,290,100195,100,100003,100,100208,100,99986,100,100231,100,99954,100,100329,100,99947,100,100333,100,99946,100,100416,100,99889,100,100766,100,99863,100,100907,100,99729,100
2019-06-28 09:58:10.000000000,100068,176,100024,176,100115,176,100021,176,100195,176,100003,176,100208,176,99986,176,100231,176,99954,176,100329,100,99947,100,100333,100,99946,100,100416,100,99889,100,100766,100,99863,100,100907,100,99729,100
2019-06-28 09:58:20.000000000,100068,176,100024,176,100115,176,100021,176,100195,176,100003,176,100208,176,99986,176,100231,176,99954,176,100329,100,99947,100,100333,100,99946,100,100416,100,99889,100,100766,100,99863,100,100907,100,99729,100
2019-06-28 09:58:30.000000000,100068,229,100024,229,100115,225,100021,225,100195,225,100003,225,100208,100,99986,100,100231,100,99954,100,100329,100,99947,100,100333,100,99946,100,100416,100,99889,100,100766,100,99863,100,100907,100,99729,100
2019-06-28 09:58:31.360785332,100068,229,100024,129,100115,225,100021,225,100195,225,100003,225,100208,100,99986,100,100231,100,99954,100,100329,100,99947,100,100333,100,99946,100,100416,100,99889,100,100766,100,99863,100,100907,100,99729,100
2019-06-28 09:58:33.948067119,100068,229,100024,29,100115,225,100021,225,100195,225,100003,225,100208,100,99986,100,100231,100,99954,100,100329,100,99947,100,100333,100,99946,100,100416,100,99889,100,100766,100,99863,100,100907,100,99729,100
2019-06-28 09:58:40.000000000,100068,195,100021,195,100115,195,100003,195,100195,195,99986,195,100208,195,99954,195,100231,100,99947,100,100329,100,99946,100,100333,100,99889,100,100416,100,99863,100,100766,100,99729,100,100907,100,99512,100
2019-06-28 09:58:50.000000000,100068,229,100021,229,100115,225,100003,225,100195,225,99986,225,100208,100,99954,100,100231,100,99947,100,100329,100,99946,100,100333,100,99889,100,100416,100,99863,100,100766,100,99729,100,100907,100,99512,100
2019-06-28 09:59:00.000000000,100068,176,100021,176,100115,176,100003,176,100195,176,99986,176,100208,176,99954,176,100231,176,99947,176,100329,100,99946,100,100333,100,99889,100,100416,100,99863,100,100766,100,99729,100,100907,100,99512,100
2019-06-28 09:59:01.847468867,100068,176,100021,176,100115,176,100003,176,100195,176,99986,176,100208,176,99954,176,100231,176,99947,176,100329,100,99946,100,100333,100,99889,100,100416,100,99863,100,100766,100,99729,100,100907,100,99691,100
2019-06-28 09:59:03.984881141,100024,100,100021,176,100068,176,100003,176,100115,176,99986,176,100195,176,99954,176,100208,176,99947,176,100231,176,99946,100,100329,100,99889,100,100333,100,99863,100,100416,100,99729,100,100766,100,99691,100
2019-06-28 09:59:10.000000000,100024,290,100021,290,100068,290,100003,290,100115,100,99986,100,100195,100,99954,100,100208,100,99947,100,100231,100,99946,100,100329,100,99889,100,100333,100,99863,100,100416,100,99729,100,100766,100,99691,100
2019-06-28 09:59:18.871417972,100024,290,100021,290,100068,290,100003,290,100115,100,99954,100,100195,100,99947,100,100208,100,99946,100,100231,100,99889,100,100329,100,99863,100,100333,100,99729,100,100416,100,99691,100,100766,100,99512,100
2019-06-28 09:59:20.000000000,100024,229,100021,229,100068,225,100003,225,100115,225,99954,225,100195,100,99947,100,100208,100,99946,100,100231,100,99889,100,100329,100,99863,100,100333,100,99729,100,100416,100,99691,100,100766,100,99512,100
2019-06-28 09:59:30.000000000,100024,290,100021,290,100068,290,100003,290,100115,100,99954,100,100195,100,99947,100,100208,100,99946,100,100231,100,99889,100,100329,100,99863,100,100333,100,99729,100,100416,100,99691,100,100766,100,99512,100
2019-06-28 09:59:40.000000000,100024,229,100021,229,100068,225,100003,225,100115,225,99954,225,100195,100,99947,100,100208,100,99946,100,100231,100,99889,100,100329,100,99863,100,100333,100,99729,100,100416,100,99691,100,100766,100,99512,100
2019-06-28 09:59:46.440603929,100024,229,100021,129,100068,225,100003,225,100115,225,99954,225,100195,100,99947,100,100208,100,99946,100,100231,100,99889,100,100329,100,99863,100,100333,100,99729,100,100416,100,99691,100,100766,100,99512,100
2019-06-28 09:59:48.636814917,100024,229,100021,29,100068,225,100003,225,100115,225,99954,225,100195,100,99947,100,100208,100,99946,100,100231,100,99889,100,100329,100,99863,100,100333,100,99729,100,100416,100,99691,100,100766,100,99512,100
2019-06-28 09:59:50.000000000,100024,480,100003,480,100068,100,99954,100,100115,100,99947,100,100195,100,99946,100,100208,100,99889,100,100231,100,99863,100,100329,100,99729,100,100333,100,99691,100,100416,100,99512,100,100766,100,99460,100
2019-06-28 10:00:00.000000000,100024,195,100003,195,100068,195,99954,195,100115,195,99947,195,100195,195,99946,195,100208,100,99889,100,100231,100,99863,100,100329,100,99729,100,100333,100,99691,100,100416,100,99512,100,100766,100,99460,100
2019-06-28 10:00:10.000000000,100024,229,100003,229,100068,225,99954,225,100115,225,99947,225,100195,100,99946,100,100208,100,99889,100,100231,100,99863,100,100329,100,99729,100,100333,100,99691,100,100416,100,99512,100,100766,100,99460,100
2019-06-28 10:00:17.327202028,100024,229,100003,229,100068,225,99954,225,100115,225,99947,225,100195,100,99946,100,100208,100,99889,100,100231,100,99863,100,100329,100,99729,100,100333,100,99691,100,100416,100,99512,100,100766,100,99460,100
2019-06-28 10:00:20.000000000,100024,176,100003,176,100068,176,99954,176,100115,176,99947,176,100195,176,99946,176,100208,176,99889,176,100231,100,99863,100,100329,100,99729,100,100333,100,99691,100,100416,100,99512,100,100766,100,99460,100
2019-06-28 10:00:29.621148529,100021,100,100003,176,100024,176,99954,176,100068,176,99947,176,100115,176,99946,176,100195,176,99889,176,100208,176,99863,100,100231,100,99729,100,100329,100,99691,100,100333,100,99512,100,100416,100,99460,100
2019-06-28 10:00:30.000000000,100021,229,100003,229,100024,225,99954,225,100068,225,99947,225,100115,100,99946,100,100195,100,99889,100,100208,100,99863,100,100231,100,99729,100,100329,100,99691,100,100333,100,99512,100,100416,100,99460,100
2019-06-28 10:00:40.000000000,100021,176,100003,176,100024,176,99954,176,100068,176,99947,176,100115,176,99946,176,100195,176,99889,176,100208,100,99863,100,100231,100,99729,100,100329,100,99691,100,100333,100,99512,100,100416,100,99460,100
2019-06-28 10:00:43.290784013,100021,176,100003,176,100024,176,99954,176,100068,176,99947,176,100115,176,99946,176,100195,176,99889,176,100208,100,99863,100,100231,100,99729,100,100329,100,99691,100,100333,100,99512,100,100416,100,99460,100
2019-06-28 10:00:50.000000000,100021,290,100003,290,100024,290,99954,290,100068,100,99947,100,100115,100,99946,100,100195,100,99889,100,100208,100,99863,100,100231,100,99729,100,100329,100,99691,100,100333,100,99512,100,100416,100,99460,100
2019-06-28 10:01:00.000000000,100021,480,100003,480,100024,100,99954,100,100068,100,99947,100,100115,100,99946,100,100195,100,99889,100,100208,100,99863,100,100231,100,99729,100,100329,100,99691,100,100333,100,99512,100,100416,100,99460,100
2019-06-28 10:01:10.000000000,100021,176,100003,176,100024,176,99954,176,100068,176,99947,176,100115,176,99946,176,100195,176,99889,176,100208,100,99863,100,100231,100,99729,100,100329,100,99691,100,100333,100,99512,100,100416,100,99460,100
2019-06-28 10:01:20.000000000,100021,176,100003,176,100024,176,99954,176,100068,176,99947,176,100115,176,99946,176,100195,176,99889,176,100208,100,99863,100,100231,100,99729,100,100329,100,99691,100,100333,100,99512,100,100416,100,99460,100
2019-06-28 10:01:25.722936897,100021,176,100003,176,100024,176,99954,176,100068,176,99947,176,100115,176,99946,176,100195,176,99889,176,100208,100,99863,100,100231,100,99729,100,100329,100,99691,100,100333,100,99567,100,100416,100,99512,100
2019-06-28 10:01:30.000000000,100021,176,100003,176,100024,176,99954,176,100068,176,99947,176,100115,176,99946,176,100195,176,99889,176,100208,100,99863,100,100231,100,99729,100,100329,100,99691,100,100333,100,99567,100,100416,100,99512,100
2019-06-28 10:01:38.449110092,100021,176,100003,176,100024,176,99954,176,100068,176,99947,176,100115,176,99946,176,100141,100,99889,176,100195,176,99863,100,100208,100,99729,100,100231,100,99691,100,100329,100,99567,100,100333,100,99512,100
2019-06-28 10:01:40.000000000,100021,290,100003,290,100024,290,99954,290,100068,100,99947,100,100115,100,99946,100,100141,100,99889,100,100195,100,99863,100,100208,100,99729,100,100231,100,99691,100,100329,100,99567,100,100333,100,99512,100
2019-06-28 10:01:42.860879439,100021,290,100003,290,100024,290,99954,290,100068,100,99947,100,100115,100,99946,100,100141,100,99889,100,100195,100,99863,100,100208,100,99729,100,100231,100,99691,100,100280,100,99567,100,100329,100,99512,100
2019-06-28 10:01:50.000000000,100021,176,100003,176,100024,176,99954,176,100068,176,99947,176,100115,176,99946,176,100141,176,99889,176,100195,100,99863,100,100208,100,99729,100,100231,100,99691,100,100280,100,99567,100,100329,100,99512,100
2019-06-28 10:01:59.131307725,100021,76,100003,176,100024,176,99954,176,100068,176,99947,176,100115,176,99946,176,100141,176,99889,176,100195,100,99863,100,100208,100,99729,100,100231,100,99691,100,100280,100,99567,100,100329,100,99512,100
2019-06-28 10:02:00.000000000,100024,290,100003,290,100068,290,99954,290,100115,100,99947,100,100141,100,99946,100,100195,100,99889,100,100208,100,99863,100,100231,100,99729,100,100280,100,99691,100,100329,100,99567,100,100333,100,99512,100
2019-06-28 10:02:10.000000000,100024,290,100003,290,100068,290,99954,290,100115,100,99947,100,100141,100,99946,100,100195,100,99889,100,100208,100,99863,100,100231,100,99729,100,100280,100,99691,100,100329,100,99567,100,100333,100,99512,100
2019-06-28 10:02:19.591912330,100024,290,100021,100,100068,290,100003,290,100115,100,99954,290,100141,100,99947,100,100195,100,99946,100,100208,100,99889,100,100231,100,99863,100,100280,100,99729,100,100329,100,99691,100,100333,100,99567,100
2019-06-28 10:02:20.000000000,100024,195,100021,195,100068,195,100003,195,100115,195,99954,195,100141,195,99947,195,100195,100,99946,100,100208,100,99889,100,100231,100,99863,100,100280,100,99729,100,100329,100,99691,100,100333,100,99567,100
2019-06-28 10:02:21.403963110,100024,95,100021,195,100068,195,100003,195,100115,195,99954,195,100141,195,99947,195,100195,100,99946,100,100208,100,99889,100,100231,100,99863,100,100280,100,99729,100,100329,100,99691,100,100333,100,99567,100
2019-06-28 10:02:30.000000000,100068,195,100021,195,100115,195,100003,195,100141,195,99954,195,100195,195,99947,195,100208,100,99946,100,100231,100,99889,100,100280,100,99863,100,100329,100,99729,100,100333,100,99691,100,100416,100,99567,100
2019-06-28 10:02:38.390094673,100068,195,100022,100,100115,195,100021,195,100141,195,100003,195,100195,195,99954,195,100208,100,99947,195,100231,100,99946,100,100280,100,99889,100,100329,100,99863,100,100333,100,99729,100,100416,100,99691,100
2019-06-28 10:02:40.000000000,100068,176,100022,176,100115,176,100021,176,100141,176,100003,176,100195,176,99954,176,100208,176,99947,176,100231,100,99946,100,100280,100,99889,100,100329,100,99863,100,100333,100,99729,100,100416,100,99691,100
2019-06-28 10:02:50.000000000,100068,176,100022,176,100115,176,100021,176,100141,176,100003,176,100195,176,99954,176,100208,176,99947,176,100231,100,99946,100,100280,100,99889,100,100329,100,99863,100,100333,100,99729,100,100416,100,99691,100
2019-06-28 10:02:52.555536678,100068,176,100022,276,100115,176,100021,176,100141,176,100003,176,100195,176,99954,176,100208,176,99947,76,100231,100,99946,100,100280,100,99889,100,100329,100,99863,100,100333,100,99729,100,100416,100,99691,100
2019-06-28 10:03:00.000000000,100068,480,100022,580,100115,100,100021,100,100141,100,100003,100,100195,100,99954,100,100208,100,99946,100,100231,100,99889,100,100280,100,99863,100,100329,100,99729,100,100333,100,99691,100,100416,100,99567,100
2019-06-28 10:03:07.820639306,100068,480,100022,580,100115,100,100021,100,100141,100,100003,100,100195,100,99954,100,100208,100,99946,100,100231,100,99889,100,100280,100,99863,100,100329,100,99729,100,100333,100,99691,100,100416,100,99567,100
2019-06-28 10:03:09.661075264,100068,380,100022,580,100115,100,100021,100,100141,100,100003,100,100195,100,99954,100,100208,100,99946,100,100280,100,99889,100,100329,100,99863,100,100333,100,99729,100,100416,100,99691,100,100449,100,99567,100
2019-06-28 10:03:10.000000000,100115,290,100022,390,100141,290,100021,290,100195,100,100003,100,100208,100,99954,100,100280,100,99946,100,100329,100,99889,100,100333,100,99863,100,100416,100,99729,100,100449,100,99691,100,100766,100,99567,100
2019-06-28 10:03:12.378892907,100115,290,100030,100,100141,290,100022,390,100195,100,100021,290,100208,100,100003,100,100280,100,99954,100,100329,100,99946,100,100333,100,99889,100,100416,100,99863,100,100449,100,99729,100,100766,100,99691,100
2019-06-28 10:03:20.000000000,100115,229,100030,229,100141,225,100022,325,100195,225,100021,225,100208,100,100003,100,100280,100,99954,100,100329,100,99946,100,100333,100,99889,100,100416,100,99863,100,100449,100,99729,100,100766,100,99691,100
2019-06-28 10:03:21.267036850,100115,129,100030,229,100141,225,100022,325,100195,225,100021,225,100208,100,100003,100,100280,100,99954,100,100329,100,99946,100,100333,100,99889,100,100416,100,99863,100,100449,100,99729,100,100766,100,99567,100
2019-06-28 10:03:30.000000000,100141,229,100030,229,100195,225,100022,325,100208,225,100021,225,100280,100,100003,100,100329,100,99954,100,100333,100,99946,100,100416,100,99889,100,100449,100,99863,100,100766,100,99729,100,100907,100,99567,100
2019-06-28 10:03:33.979576845,100141,229,100030,229,100195,225,100022,325,100204,100,100021,225,100208,225,100003,100,100280,100,99954,100,100329,100,99946,100,100333,100,99889,100,100416,100,99863,100,100449,100,99729,100,100766,100,99567,100
2019-06-28 10:03:40.000000000,100141,290,100030,290,100195,290,100022,390,100204,100,100021,100,100208,100,100003,100,100280,100,99954,100,100329,100,99946,100,100333,100,99889,100,100416,100,99863,100,100449,100,99729,100,100766,100,99567,100
2019-06-28 10:03:46.425739330,100067,100,100030,290,100141,290,100022,390,100195,290,100021,100,100204,100,100003,100,100208,100,99954,100,100280,100,99946,100,100329,100,99889,100,100333,100,99863,100,100416,100,99729,100,100449,100,99567,100
2019-06-28 10:03:50.000000000,100067,229,100030,229,100141,225,100022,325,100195,225,100021,225,100204,100,100003,100,100208,100,99954,100,100280,100,99946,100,100329,100,99889,100,100333,100,99863,100,100416,100,99729,100,100449,100,99567,100
2019-06-28 10:04:00.000000000,100067,229,100030,229,100141,225,100022,325,100195,225,100021,225,100204,100,100003,100,100208,100,99954,100,100280,100,99946,100,100329,100,99889,100,100333,100,99863,100,100416,100,99729,100,100449,100,99567,100
2019-06-28 10:04:07.085858288,100067,229,100030,229,100141,225,100022,325,100195,225,100021,225,100208,100,100003,100,100234,100,99954,100,100280,100,99946,100,100329,100,99889,100,100333,100,99863,100,100416,100,99729,100,100449,100,99567,100
2019-06-28 10:04:10.000000000,100067,480,100030,480,100141,100,100022,200,100195,100,100021,100,100208,100,100003,100,100234,100,99954,100,100280,100,99946,100,100329,100,99889,100,100333,100,99863,100,100416,100,99729,100,100449,100,99567,100
2019-06-28 10:04:20.000000000,100067,195,100030,195,100141,195,100022,295,100195,195,100021,195,100208,195,100003,195,100234,100,99954,100,100280,100,99946,100,100329,100,99889,100,100333,100,99863,100,100416,100,99729,100,100449,100,99567,100
2019-06-28 10:04:25.161896147,100067,195,100030,195,100141,195,100022,295,100195,195,100021,195,100208,195,100003,195,100234,100,99954,100,100280,100,99946,100,100329,100,99889,100,100333,100,99863,100,100416,100,99729,100,100449,100,99725,100
2019-06-28 10:04:30.000000000,100067,290,100030,290,100141,290,100022,390,100195,100,100021,100,100208,100,100003,100,100234,100,99954,100,100280,100,99946,100,100329,100,99889,100,100333,100,99863,100,100416,100,99729,100,100449,100,99725,100
2019-06-28 10:04:31.088087060,100067,390,100030,290,100141,290,100022,390,100195,100,100021,100,100208,100,100003,100,100234,100,99954,100,100280,100,99946,100,100329,100,99889,100,100333,100,99863,100,100416,100,99729,100,100449,100,99725,100
2019-06-28 10:04:37.264823917,100067,390,100030,190,100141,290,100022,390,100195,100,100021,100,100208,100,100003,100,100234,100,99954,100,100280,100,99946,100,100329,100,99889,100,100333,100,99863,100,100416,100,99729,100,100449,100,99725,100
2019-06-28 10:04:40.000000000,100067,390,100022,390,100141,290,100021,290,100195,100,100003,100,100208,100,99954,100,100234,100,99946,100,100280,100,99889,100,100329,100,99863,100,100333,100,99729,100,100416,100,99725,100,100449,100,99567,100
2019-06-28 10:04:46.547130880,100067,390,100022,290,100141,290,100021,290,100195,100,100003,100,100208,100,99954,100,100234,100,99946,100,100280,100,99889,100,100329,100,99863,100,100333,100,99729,100,100416,100,99725,100,100449,100,99567,100
2019-06-28 10:04:50.000000000,100067,276,100022,176,100141,176,100021,176,100195,176,100003,176,100208,176,99954,176,100234,176,99946,176,100280,100,99889,100,100329,100,99863,100,100333,100,99729,100,100416,100,99725,100,100449,100,99567,100
2019-06-28 10:05:00.000000000,100067,329,100022,229,100141,225,100021,225,100195,225,100003,225,100208,100,99954,100,100234,100,99946,100,100280,100,99889,100,100329,100,99863,100,100333,100,99729,100,100416,100,99725,100,100449,100,99567,100
2019-06-28 10:05:00.795589687,100067,329,100022,229,100141,225,100021,225,100195,225,100003,225,100208,100,99954,100,100234,100,99946,100,100280,100,99889,100,100329,100,99873,100,100333,100,99863,100,100416,100,99729,100,100449,100,99725,100
2019-06-28 10:05:10.000000000,100067,390,100022,290,100141,290,100021,290,100195,100,100003,100,100208,100,99954,100,100234,100,99946,100,100280,100,99889,100,100329,100,99873,100,100333,100,99863,100,100416,100,99729,100,100449,100,99725,100
2019-06-28 10:05:20.000000000,100067,390,100022,290,100141,290,100021,290,100195,100,100003,100,100208,100,99954,100,100234,100,99946,100,100280,100,99889,100,100329,100,99873,100,100333,100,99863,100,100416,100,99729,100,100449,100,99725,100
2019-06-28 10:05:21.117913116,100067,390,100022,290,100141,290,100021,290,100195,100,100003,100,100208,100,99954,100,100280,100,99946,100,100329,100,99889,100,100333,100,99873,100,100416,100,99863,100,100449,100,99729,100,100766,100,99725,100
2019-06-28 10:05:30.000000000,100067,295,100022,195,100141,195,100021,195,100195,195,100003,195,100208,195,99954,195,100280,100,99946,100,100329,100,99889,100,100333,100,99873,100,100416,100,99863,100,100449,100,99729,100,100766,100,99725,100
2019-06-28 10:05:38.340604797,100067,295,100022,195,100141,195,100021,195,100195,195,100003,195,100208,195,99954,195,100280,100,99946,100,100329,100,99889,100,100333,100,99873,100,100416,100,99863,100,100449,100,99729,100,100766,100,99725,100
2019-06-28 10:05:40.000000000,100067,276,100022,176,100141,176,100021,176,100195,176,100003,176,100208,176,99954,176,100280,176,99946,176,100329,100,99889,100,100333,100,99873,100,100416,100,99863,100,100449,100,99729,100,100766,100,99725,100
2019-06-28 10:05:50.000000000,100067,329,100022,229,100141,225,100021,225,100195,225,100003,225,100208,100,99954,100,100280,100,99946,100,100329,100,99889,100,100333,100,99873,100,100416,100,99863,100,100449,100,99729,100,100766,100,99725,100
2019-06-28 10:05:56.806307705,100030,100,100022,229,100067,329,100021,225,100141,225,100003,225,100195,225,99954,100,100208,100,99946,100,100280,100,99889,100,100329,100,99873,100,100333,100,99863,100,100416,100,99729,100,100449,100,99725,100
2019-06-28 10:06:00.000000000,100030,176,100022,176,100067,276,100021,176,100141,176,100003,176,100195,176,99954,176,100208,176,99946,176,100280,100,99889,100,100329,100,99873,100,100333,100,99863,100,100416,100,99729,100,100449,100,99725,100
2019-06-28 10:06:04.062261626,100030,176,100022,76,100067,276,100021,176,100141,176,100003,176,100195,176,99954,176,100208,176,99946,176,100280,100,99889,100,100333,100,99873,100,100416,100,99863,100,100449,100,99729,100,100766,100,99725,100
2019-06-28 10:06:10.000000000,100030,290,100021,290,100067,390,100003,290,100141,100,99954,100,100195,100,99946,100,100208,100,99889,100,100280,100,99873,100,100333,100,99863,100,100416,100,99729,100,100449,100,99725,100,100766,100,99637,100
2019-06-28 10:06:20.000000000,100030,176,100021,176,100067,276,100003,176,100141,176,99954,176,100195,176,99946,176,100208,176,99889,176,100280,100,99873,100,100333,100,99863,100,100416,100,99729,100,100449,100,99725,100,100766,100,99637,100
2019-06-28 10:06:21.321799333,100030,176,100021,176,100067,276,100003,176,100141,176,99954,176,100195,176,99946,176,100208,176,99889,176,100280,100,99873,100,100333,100,99863,100,100416,100,99729,100,100449,100,99725,100,100766,100,99637,100
2019-06-28 10:06:29.014491241,100030,176,100021,176,100067,276,100003,176,100141,176,99954,176,100195,176,99946,176,100208,176,99889,176,100280,100,99873,100,100333,100,99863,100,100416,100,99729,100,100449,100,99725,100,100766,100,99637,100
2019-06-28 10:06:30.000000000,100030,229,100021,229,100067,325,100003,225,100141,225,99954,225,100195,100,99946,100,100208,100,99889,100,100280,100,99873,100,100333,100,99863,100,100416,100,99729,100,100449,100,99725,100,100766,100,99637,100
2019-06-28 10:06:40.000000000,100030,229,100021,229,100067,325,100003,225,100141,225,99954,225,100195,100,99946,100,100208,100,99889,100,100280,100,99873,100,100333,100,99863,100,100416,100,99729,100,100449,100,99725,100,100766,100,99637,100
2019-06-28 10:06:48.976008328,100022,100,100021,229,100030,229,100003,225,100067,325,99954,225,100141,225,99946,100,100195,100,99889,100,100208,100,99873,100,100280,100,99863,100,100333,100,99729,100,100416,100,99725,100,100449,100,99637,100
2019-06-28 10:06:49.991109777,100022,100,100021,229,100030,229,100003,225,100067,325,99954,225,100141,225,99946,100,100195,100,99889,100,100208,100,99873,100,100280,100,99863,100,100333,100,99729,100,100416,100,99725,100,100449,100,99637,100
2019-06-28 10:06:50.000000000,100022,480,100021,480,100030,100,100003,100,100067,200,99954,100,100141,100,99946,100,100195,100,99889,100,100208,100,99873,100,100280,100,99863,100,100333,100,99729,100,100416,100,99725,100,100449,100,99637,100
2019-06-28 10:07:00.000000000,100022,290,100021,290,100030,290,100003,290,100067,200,99954,100,100141,100,99946,100,100195,100,99889,100,100208,100,99873,100,100280,100,99863,100,100333,100,99729,100,100416,100,99725,100,100449,100,99637,100
2019-06-28 10:07:07.968553136,100022,290,100021,290,100030,290,100003,290,100067,200,99954,100,100141,100,99946,100,100195,100,99889,100,100208,100,99873,100,100280,100,99863,100,100333,100,99729,100,100416,100,99725,100,100449,100,99637,100
2019-06-28 10:07:10.000000000,100022,290,100021,290,100030,290,100003,290,100067,200,99954,100,100141,100,99946,100,100195,100,99889,100,100208,100,99873,100,100280,100,99863,100,100333,100,99729,100,100416,100,99725,100,100449,100,99637,100
