,ask_price_1,ask_size_1,bid_price_1,bid_size_1,ask_price_2,ask_size_2,bid_price_2,bid_size_2,ask_price_3,ask_size_3,bid_price_3,bid_size_3,ask_price_4,ask_size_4,bid_price_4,bid_size_4,ask_price_5,ask_size_5,bid_price_5,bid_size_5,ask_price_6,ask_size_6,bid_price_6,bid_size_6,ask_price_7,ask_size_7,bid_price_7,bid_size_7,ask_price_8,ask_size_8,bid_price_8,bid_size_8,ask_price_9,ask_size_9,bid_price_9,bid_size_9,ask_price_10,ask_size_10,bid_price_10,bid_size_10
2019-06-28 09:30:00.000000002,,,99864,100,,,,,,,,,,,,,,,,,,,,,,,,,,,,,,,,,,,,
2019-06-28 09:30:00.000000005,,,100027,100,,,99864,100,,,,,,,,,,,,,,,,,,,,,,,,,,,,,,,,
2019-06-28 09:30:00.000000008,100058,100,100027,100,,,99864,100,,,,,,,,,,,,,,,,,,,,,,,,,,,,,,,,
2019-06-28 09:30:00.000000010,100058,100,100027,100,100068,100,99864,100,,,,,,,,,,,,,,,,,,,,,,,,,,,,,,,,
2019-06-28 09:30:00.000000011,100027,100,99864,100,100058,100,,,100068,100,,,,,,,,,,,,,,,,,,,,,,,,,,,,,,
2019-06-28 09:30:00.000000012,100027,100,99884,200,100058,100,99864,100,100068,100,,,,,,,,,,,,,,,,,,,,,,,,,,,,,,
2019-06-28 09:30:00.000000013,100001,100,99884,200,100027,100,99864,100,100058,100,,,100068,100,,,,,,,,,,,,,,,,,,,,,,,,,,
2019-06-28 09:30:00.000000015,100001,100,99884,200,100027,100,99864,100,100058,100,,,100068,100,,,100083,100,,,,,,,,,,,,,,,,,,,,,,
2019-06-28 09:30:00.000000016,99990,100,99884,200,100001,100,99864,100,100027,100,,,100058,100,,,100068,100,,,100083,100,,,,,,,,,,,,,,,,,,
2019-06-28 09:30:00.000000017,99990,100,99884,200,100001,100,99864,100,100027,100,,,100058,100,,,100068,100,,,100083,100,,,100165,100,,,,,,,,,,,,,,
2019-06-28 09:30:00.000000022,99990,100,99891,100,100001,100,99884,200,100011,100,99864,100,100027,100,,,100058,100,,,100068,100,,,100083,100,,,100165,100,,,,,,,,,,
2019-06-28 09:30:00.000000023,99990,100,99891,100,100001,100,99884,200,100011,100,99864,100,100027,200,,,100058,100,,,100068,100,,,100083,100,,,100165,100,,,,,,,,,,
2019-06-28 09:30:00.000000024,99979,100,99891,100,100001,100,99884,200,100011,100,99864,100,100027,200,,,100058,100,,,100068,100,,,100083,100,,,100165,100,,,,,,,,,,
2019-06-28 09:30:00.000000026,99990,100,99891,100,100001,100,99884,200,100011,100,99864,100,100027,200,,,100058,100,,,100068,100,,,100083,100,,,100165,100,,,,,,,,,,
2019-06-28 09:30:00.000000028,99965,100,99891,100,99990,100,99884,200,100001,100,99864,100,100011,100,,,100027,200,,,100058,100,,,100068,100,,,100083,100,,,100165,100,,,,,,
2019-06-28 09:30:00.000000030,99965,100,99891,100,99990,100,99884,200,100001,100,99877,100,100011,100,99864,100,100027,200,,,100058,100,,,100068,100,,,100083,100,,,100165,100,,,,,,
2019-06-28 09:30:00.000000032,99965,100,99891,100,99990,100,99884,200,100001,100,99877,100,100011,100,99864,100,100027,200,,,100058,100,,,100068,100,,,100075,100,,,100083,100,,,100165,100,,
2019-06-28 09:30:00.000000034,99965,100,99891,100,99990,100,99884,200,100001,100,99877,100,100011,100,99864,100,100027,200,,,100045,100,,,100058,100,,,100068,100,,,100075,100,,,100083,100,,
2019-06-28 09:30:00.000000037,99990,100,99891,100,100001,100,99884,200,100011,100,99877,100,100027,200,99864,100,100045,100,,,100058,100,,,100068,100,,,100075,100,,,100083,100,,,100165,100,,
2019-06-28 09:30:00.000000038,99990,100,99957,100,100001,100,99934,100,100011,100,99891,100,100027,200,99884,200,100045,100,99877,100,100058,100,99864,100,100068,100,,,100075,100,,,100083,100,,,100165,100,,
2019-06-28 09:30:00.000000039,99990,100,99957,100,100001,100,99934,100,100011,100,99906,100,100027,200,99891,100,100045,100,99884,200,100058,100,99877,100,100068,100,99864,100,100075,100,,,100083,100,,,100165,100,,
2019-06-28 09:30:00.000000042,99979,100,99957,100,99990,100,99934,100,100001,100,99906,100,100011,100,99891,100,100027,200,99884,200,100045,100,99877,100,100058,100,99864,100,100068,100,99827,100,100075,100,,,100083,100,,
2019-06-28 09:30:00.000000043,99979,100,99957,100,99990,100,99934,100,100001,100,99906,100,100011,100,99891,100,100027,200,99884,200,100045,100,99877,100,100058,100,99864,100,100067,100,99827,100,100068,100,,,100075,100,,
2019-06-28 09:30:00.000000044,99979,100,99957,100,99990,100,99934,100,100001,100,99906,100,100011,100,99891,100,100027,200,99884,200,100045,100,99877,100,100058,100,99864,100,100066,100,99827,100,100067,100,,,100068,100,,
2019-06-28 09:30:00.000000047,99990,100,99957,100,100001,100,99934,100,100011,100,99908,100,100027,200,99906,100,100045,100,99891,100,100058,100,99884,200,100066,100,99877,100,100067,100,99864,100,100068,100,99827,100,100075,100,,
2019-06-28 09:30:00.000000050,99990,100,99965,100,100001,100,99957,100,100011,100,99934,100,100027,200,99908,100,100045,100,99906,100,100058,100,99891,100,100066,100,99884,200,100067,100,99877,100,100068,100,99864,100,100075,100,99827,100
2019-06-28 09:30:00.000000051,99990,100,99980,100,100001,100,99965,100,100011,100,99957,100,100027,200,99934,100,100045,100,99908,100,100058,100,99906,100,100066,100,99891,100,100067,100,99884,200,100068,100,99877,100,100075,100,99864,100
2019-06-28 09:30:00.000000053,99990,100,99980,100,100001,100,99965,100,100011,100,99957,100,100027,200,99934,100,100045,100,99908,100,100058,100,99906,100,100066,100,99891,100,100067,100,99884,200,100068,100,99877,100,100074,100,99864,100
2019-06-28 09:30:00.000000057,99990,100,99980,100,100001,100,99965,100,100011,100,99957,100,100027,200,99934,100,100045,100,99908,100,100058,100,99906,100,100066,100,99891,100,100067,100,99884,200,100068,100,99880,100,100074,100,99877,100
2019-06-28 09:30:00.000000058,99990,100,99980,100,100001,100,99965,100,100011,100,99957,100,100012,100,99934,100,100027,200,99908,100,100045,100,99906,100,100058,100,99891,100,100066,100,99884,200,100067,100,99880,100,100068,100,99877,100
2019-06-28 09:30:00.000000059,99990,100,99980,100,100001,100,99965,100,100011,100,99957,100,100012,100,99934,100,100027,200,99908,100,100045,100,99906,100,100058,100,99891,100,100066,100,99884,200,100067,100,99880,100,100068,100,99877,100
2019-06-28 09:30:00.000000061,99990,100,99980,100,100001,100,99965,100,100011,100,99957,100,100012,100,99934,100,100019,100,99908,100,100027,200,99906,100,100045,100,99891,100,100058,100,99884,200,100066,100,99880,100,100067,100,99877,100
2019-06-28 09:30:00.000000063,99990,100,99980,100,100001,100,99965,100,100011,100,99957,100,100012,100,99943,100,100019,100,99934,100,100027,200,99908,100,100045,100,99906,100,100058,100,99891,100,100066,100,99884,200,100067,100,99880,100
2019-06-28 09:30:00.000000065,100001,100,99981,100,100011,100,99980,100,100012,100,99965,100,100019,100,99957,100,100027,200,99943,100,100045,100,99941,100,100058,100,99934,100,100066,100,99908,100,100067,100,99906,100,100068,100,99891,100
2019-06-28 09:30:00.000000066,100001,100,99981,100,100011,100,99980,100,100012,100,99979,100,100019,100,99965,100,100027,200,99957,100,100045,100,99943,100,100058,100,99941,100,100066,100,99934,100,100067,100,99908,100,100068,100,99906,100
2019-06-28 09:30:00.000000069,100001,100,99981,100,100007,100,99980,100,100010,100,99979,100,100011,100,99965,100,100012,100,99957,100,100019,100,99943,100,100027,200,99941,100,100045,100,99934,100,100058,100,99908,100,100066,100,99906,100
2019-06-28 09:30:00.000000070,100001,100,99981,100,100007,100,99980,100,100010,100,99979,100,100011,100,99965,100,100012,100,99957,100,100019,100,99943,100,100027,200,99941,100,100045,100,99934,100,100058,100,99918,100,100066,100,99908,100
2019-06-28 09:30:00.000000072,100001,100,99981,100,100007,100,99980,100,100010,100,99979,100,100011,100,99965,100,100012,100,99957,100,100019,100,99943,100,100027,200,99941,100,100045,100,99936,100,100058,100,99934,100,100066,100,99918,100
2019-06-28 09:30:00.000000073,100001,100,99981,100,100007,100,99980,100,100010,100,99979,100,100011,100,99965,100,100012,100,99957,100,100019,100,99956,100,100027,200,99943,100,100045,100,99941,100,100058,100,99936,100,100066,100,99934,100
2019-06-28 09:30:00.000000076,100001,100,99981,100,100007,100,99980,100,100010,100,99979,100,100011,100,99965,100,100012,100,99957,100,100019,100,99956,100,100027,200,99949,100,100045,100,99943,100,100058,100,99941,100,100066,100,99936,100
2019-06-28 09:30:00.000000079,100001,100,99981,100,100007,100,99980,100,100010,100,99979,100,100011,100,99965,100,100012,100,99957,100,100019,100,99956,100,100027,200,99949,100,100045,100,99943,100,100058,100,99941,100,100066,100,99936,100
2019-06-28 09:30:00.000000081,100001,100,99981,100,100007,100,99980,100,100010,100,99979,100,100011,100,99965,100,100012,100,99957,100,100019,100,99956,100,100027,200,99949,100,100032,100,99943,100,100045,100,99941,100,100058,100,99936,100
2019-06-28 09:30:00.000000082,100001,100,99981,100,100007,100,99980,100,100010,100,99979,100,100011,100,99965,100,100012,100,99957,100,100019,100,99956,100,100027,200,99949,100,100032,100,99943,100,100045,100,99941,100,100058,100,99936,100
2019-06-28 09:30:00.000000083,100001,100,99981,100,100007,100,99980,100,100010,100,99979,100,100011,100,99965,100,100012,100,99957,100,100019,100,99956,100,100027,200,99949,100,100032,100,99943,100,100045,100,99941,100,100058,100,99936,100
2019-06-28 09:30:00.000000095,100001,100,99981,100,100007,100,99980,100,100010,100,99979,100,100011,100,99965,100,100012,100,99957,100,100019,100,99956,100,100027,200,99949,100,100032,100,99943,100,100045,100,99941,100,100058,100,99936,100
2019-06-28 09:30:00.000000099,100001,100,99981,100,100007,100,99980,100,100010,100,99979,100,100011,100,99965,100,100012,100,99957,100,100019,100,99956,100,100027,200,99949,100,100032,100,99943,100,100045,100,99941,100,100058,100,99936,100
2019-06-28 09:30:00.766044150,100001,100,99981,100,100007,100,99980,100,100010,100,99979,100,100011,100,99957,100,100012,100,99956,100,100019,100,99949,100,100027,200,99943,100,100032,100,99941,100,100045,100,99936,100,100058,100,99934,100
2019-06-28 09:30:01.501670474,100001,100,99981,100,100007,100,99980,100,100010,100,99979,100,100011,100,99957,100,100012,100,99956,100,100019,100,99949,100,100027,200,99943,100,100032,100,99941,100,100045,100,99936,100,100058,100,99934,100
2019-06-28 09:30:10.000000000,100001,253,99981,253,100007,253,99980,253,100010,100,99979,100,100011,100,99957,100,100012,100,99956,100,100019,100,99949,100,100027,200,99943,100,100032,100,99941,100,100045,100,99936,100,100058,100,99934,100
2019-06-28 09:30:10.709522357,100001,253,99981,253,100007,253,99980,253,100010,100,99979,100,100011,100,99957,100,100012,100,99956,100,100019,100,99949,100,100027,200,99943,100,100032,100,99941,100,100045,100,99936,100,100058,100,99934,100
2019-06-28 09:30:20.000000000,100001,161,99981,161,100007,161,99980,161,100010,161,99979,161,100011,161,99957,161,100012,161,99956,161,100019,100,99949,100,100027,200,99943,100,100032,100,99941,100,100045,100,99936,100,100058,100,99934,100
2019-06-28 09:30:26.871142056,100001,161,99981,161,100007,161,99980,161,100010,161,99979,161,100011,161,99957,161,100012,161,99956,161,100019,100,99949,100,100027,200,99943,100,100032,100,99941,100,100045,100,99936,100,100058,100,99934,100
2019-06-28 09:30:30.000000000,100001,161,99981,161,100007,161,99980,161,100010,161,99979,161,100011,161,99957,161,100012,161,99956,161,100019,100,99949,100,100027,200,99943,100,100032,100,99941,100,100045,100,99936,100,100058,100,99934,100
2019-06-28 09:30:38.442779975,100001,161,99981,161,100007,161,99980,161,100010,161,99979,161,100011,161,99957,161,100012,161,99956,161,100019,100,99949,100,100027,200,99941,100,100032,100,99936,100,100045,100,99934,100,100058,100,99924,100
2019-06-28 09:30:40.000000000,100001,406,99981,406,100007,100,99980,100,100010,100,99979,100,100011,100,99957,100,100012,100,99956,100,100019,100,99949,100,100027,200,99941,100,100032,100,99936,100,100045,100,99934,100,100058,100,99924,100
2019-06-28 09:30:50.000000000,100001,204,99981,204,100007,201,99980,201,100010,201,99979,201,100011,100,99957,100,100012,100,99956,100,100019,100,99949,100,100027,200,99941,100,100032,100,99936,100,100045,100,99934,100,100058,100,99924,100
2019-06-28 09:30:59.230021234,100001,204,99981,104,100007,201,99980,201,100010,201,99979,201,100011,100,99957,100,100012,100,99956,100,100019,100,99949,100,100027,200,99941,100,100032,100,99936,100,100045,100,99934,100,100058,100,99924,100
2019-06-28 09:31:00.000000000,100001,161,99980,161,100007,161,99979,161,100010,161,99957,161,100011,161,99956,161,100012,161,99949,161,100019,100,99941,100,100027,200,99936,100,100032,100,99934,100,100045,100,99924,100,100058,100,99918,100
2019-06-28 09:31:10.000000000,100001,406,99980,406,100007,100,99979,100,100010,100,99957,100,100011,100,99956,100,100012,100,99949,100,100019,100,99941,100,100027,200,99936,100,100032,100,99934,100,100045,100,99924,100,100058,100,99918,100
2019-06-28 09:31:20.000000000,100001,406,99980,406,100007,100,99979,100,100010,100,99957,100,100011,100,99956,100,100012,100,99949,100,100019,100,99941,100,100027,200,99936,100,100032,100,99934,100,100045,100,99924,100,100058,100,99918,100
2019-06-28 09:31:30.000000000,100001,176,99980,176,100007,176,99979,176,100010,176,99957,176,100011,176,99956,176,100012,100,99949,100,100019,100,99941,100,100027,200,99936,100,100032,100,99934,100,100045,100,99924,100,100058,100,99918,100
2019-06-28 09:31:40.000000000,100001,406,99980,406,100007,100,99979,100,100010,100,99957,100,100011,100,99956,100,100012,100,99949,100,100019,100,99941,100,100027,200,99936,100,100032,100,99934,100,100045,100,99924,100,100058,100,99918,100
2019-06-28 09:31:46.999467329,100001,406,99980,406,100007,100,99979,100,100010,100,99957,100,100011,100,99956,100,100012,100,99949,100,100019,100,99941,100,100027,200,99936,100,100032,100,99934,100,100045,100,99924,100,100058,100,99918,100
2019-06-28 09:31:50.000000000,100001,161,99980,161,100007,161,99979,161,100010,161,99957,161,100011,161,99956,161,100012,161,99949,161,100019,100,99941,100,100027,200,99936,100,100032,100,99934,100,100045,100,99924,100,100058,100,99918,100
2019-06-28 09:32:00.000000000,100001,253,99980,253,100007,253,99979,253,100010,100,99957,100,100011,100,99956,100,100012,100,99949,100,100019,100,99941,100,100027,200,99936,100,100032,100,99934,100,100045,100,99924,100,100058,100,99918,100
2019-06-28 09:32:03.829291173,100001,253,99980,253,100007,253,99979,253,100010,100,99957,100,100011,100,99956,100,100012,100,99949,100,100019,100,99941,100,100027,200,99936,100,100032,100,99934,100,100045,100,99924,100,100058,100,99918,100
2019-06-28 09:32:10.000000000,100001,204,99980,204,100007,201,99979,201,100010,201,99957,201,100011,100,99956,100,100012,100,99949,100,100019,100,99941,100,100027,200,99936,100,100032,100,99934,100,100045,100,99924,100,100058,100,99918,100
2019-06-28 09:32:15.005686573,100001,104,99980,204,100007,201,99979,201,100010,201,99957,201,100011,100,99956,100,100012,100,99949,100,100019,100,99941,100,100027,200,99936,100,100032,100,99934,100,100045,100,99924,100,100058,100,99918,100
2019-06-28 09:32:20.000000000,100007,406,99980,406,100010,100,99979,100,100011,100,99957,100,100012,100,99956,100,100019,100,99949,100,100027,200,99941,100,100032,100,99936,100,100045,100,99934,100,100058,100,99924,100,100066,100,99918,100
2019-06-28 09:32:30.000000000,100007,161,99980,161,100010,161,99979,161,100011,161,99957,161,100012,161,99956,161,100019,161,99949,161,100027,200,99941,100,100032,100,99936,100,100045,100,99934,100,100058,100,99924,100,100066,100,99918,100
2019-06-28 09:32:36.173078858,100007,161,99980,161,100010,161,99979,161,100011,161,99957,161,100012,161,99956,161,100019,161,99949,161,100027,200,99941,100,100032,100,99936,100,100045,100,99934,100,100058,100,99924,100,100066,100,99918,100
2019-06-28 09:32:40.000000000,100007,406,99980,406,100010,100,99979,100,100011,100,99957,100,100012,100,99956,100,100019,100,99949,100,100027,200,99941,100,100032,100,99936,100,100045,100,99934,100,100058,100,99924,100,100066,100,99918,100
2019-06-28 09:32:50.000000000,100007,161,99980,161,100010,161,99979,161,100011,161,99957,161,100012,161,99956,161,100019,161,99949,161,100027,200,99941,100,100032,100,99936,100,100045,100,99934,100,100058,100,99924,100,100066,100,99918,100
2019-06-28 09:33:00.000000000,100007,176,99980,176,100010,176,99979,176,100011,176,99957,176,100012,176,99956,176,100019,100,99949,100,100027,200,99941,100,100032,100,99936,100,100045,100,99934,100,100058,100,99924,100,100066,100,99918,100
2019-06-28 09:33:00.258691989,100007,76,99980,176,100010,176,99979,176,100011,176,99957,176,100012,176,99956,176,100019,100,99949,100,100027,200,99941,100,100032,100,99936,100,100045,100,99934,100,100058,100,99924,100,100066,100,99918,100
2019-06-28 09:33:10.000000000,100010,161,99980,161,100011,161,99979,161,100012,161,99957,161,100019,161,99956,161,100027,261,99949,161,100032,100,99941,100,100045,100,99936,100,100058,100,99934,100,100066,100,99924,100,100067,100,99918,100
2019-06-28 09:33:20.000000000,100010,161,99980,161,100011,161,99979,161,100012,161,99957,161,100019,161,99956,161,100027,261,99949,161,100032,100,99941,100,100045,100,99936,100,100058,100,99934,100,100066,100,99924,100,100067,100,99918,100
2019-06-28 09:33:30.000000000,100010,161,99980,161,100011,161,99979,161,100012,161,99957,161,100019,161,99956,161,100027,261,99949,161,100032,100,99941,100,100045,100,99936,100,100058,100,99934,100,100066,100,99924,100,100067,100,99918,100
2019-06-28 09:33:34.105497984,100010,61,99980,161,100011,161,99979,161,100012,161,99957,161,100019,161,99956,61,100027,261,99949,161,100032,100,99941,100,100045,100,99936,100,100058,100,99934,100,100066,100,99924,100,100067,100,99918,100
2019-06-28 09:33:40.000000000,100011,176,99980,176,100012,176,99979,176,100019,176,99957,176,100027,276,99949,176,100032,100,99941,100,100045,100,99936,100,100058,100,99934,100,100066,100,99924,100,100067,100,99918,100,100074,100,99916,100
2019-06-28 09:33:40.350650186,100011,176,100007,100,100012,176,99980,176,100019,176,99979,176,100027,276,99957,176,100032,100,99949,176,100045,100,99941,100,100058,100,99936,100,100066,100,99934,100,100067,100,99924,100,100074,100,99918,100
2019-06-28 09:33:50.000000000,100011,161,100007,161,100012,161,99980,161,100019,161,99979,161,100027,261,99957,161,100032,161,99949,161,100045,100,99941,100,100058,100,99936,100,100066,100,99934,100,100067,100,99924,100,100074,100,99918,100
2019-06-28 09:34:00.000000000,100011,204,100007,204,100012,201,99980,201,100019,201,99979,201,100027,200,99957,100,100032,100,99949,100,100045,100,99941,100,100058,100,99936,100,100066,100,99934,100,100067,100,99924,100,100074,100,99918,100
2019-06-28 09:34:00.316511828,100011,204,100007,104,100012,201,99980,201,100019,201,99979,201,100027,200,99957,100,100032,100,99949,100,100045,100,99941,100,100058,100,99936,100,100066,100,99934,100,100067,100,99924,100,100083,100,99918,100
2019-06-28 09:34:10.000000000,100011,204,99980,204,100012,201,99979,201,100019,201,99957,201,100027,200,99949,100,100032,100,99941,100,100045,100,99936,100,100058,100,99934,100,100066,100,99924,100,100067,100,99918,100,100083,100,99916,100
2019-06-28 09:34:19.312072258,100009,100,99980,204,100011,204,99979,101,100012,201,99957,201,100019,201,99949,100,100027,200,99941,100,100032,100,99936,100,100045,100,99934,100,100058,100,99924,100,100066,100,99918,100,100067,100,99916,100
2019-06-28 09:34:20.000000000,100009,406,99980,406,100011,100,99957,100,100012,100,99949,100,100019,100,99941,100,100027,200,99936,100,100032,100,99934,100,100045,100,99924,100,100058,100,99918,100,100066,100,99916,100,100067,100,99906,100
2019-06-28 09:34:24.112214150,100009,406,99980,406,100011,100,99957,100,100012,100,99949,100,100019,100,99941,100,100027,200,99936,100,100032,100,99934,100,100045,100,99924,100,100058,100,99918,100,100066,100,99916,100,100067,100,99906,100
2019-06-28 09:34:30.000000000,100009,253,99980,253,100011,253,99957,253,100012,100,99949,100,100019,100,99941,100,100027,200,99936,100,100032,100,99934,100,100045,100,99924,100,100058,100,99918,100,100066,100,99916,100,100067,100,99906,100
2019-06-28 09:34:33.890978996,100009,353,99980,253,100011,253,99957,253,100012,100,99949,100,100019,100,99941,100,100027,200,99936,100,100032,100,99934,100,100045,100,99924,100,100058,100,99918,100,100066,100,99916,100,100067,100,99906,100
2019-06-28 09:34:40.000000000,100009,276,99980,176,100011,176,99957,176,100012,176,99949,176,100019,176,99941,176,100027,200,99936,100,100032,100,99934,100,100045,100,99924,100,100058,100,99918,100,100066,100,99916,100,100067,100,99906,100
2019-06-28 09:34:45.377948156,100009,276,99980,76,100011,176,99957,176,100012,176,99949,176,100019,176,99941,176,100027,200,99936,100,100032,100,99934,100,100045,100,99924,100,100058,100,99918,100,100066,100,99916,100,100067,100,99906,100
2019-06-28 09:34:50.000000000,100009,276,99957,176,100011,176,99949,176,100012,176,99941,176,100019,176,99936,176,100027,200,99934,100,100032,100,99924,100,100045,100,99918,100,100058,100,99916,100,100066,100,99906,100,100067,100,99884,100
2019-06-28 09:34:50.236947229,100009,276,99957,76,100011,176,99949,176,100012,176,99941,176,100019,176,99936,176,100027,200,99934,100,100032,100,99924,100,100045,100,99918,100,100058,100,99916,100,100066,100,99906,100,100067,100,99884,100
2019-06-28 09:35:00.000000000,100009,304,99949,204,100011,201,99941,201,100012,201,99936,201,100019,100,99934,100,100027,200,99924,100,100032,100,99918,100,100045,100,99916,100,100058,100,99906,100,100066,100,99884,100,100067,100,99877,100
2019-06-28 09:35:10.000000000,100009,353,99949,253,100011,253,99941,253,100012,100,99936,100,100019,100,99934,100,100027,200,99924,100,100032,100,99918,100,100045,100,99916,100,100058,100,99906,100,100066,100,99884,100,100067,100,99877,100
2019-06-28 09:35:17.864295191,99980,100,99949,253,100009,353,99941,253,100011,253,99936,100,100012,100,99934,100,100019,100,99924,100,100027,200,99918,100,100032,100,99916,100,100045,100,99906,100,100058,100,99884,100,100066,100,99877,100
2019-06-28 09:35:20.000000000,99980,161,99949,161,100009,261,99941,161,100011,161,99936,161,100012,161,99934,161,100019,161,99924,161,100027,200,99918,100,100032,100,99916,100,100045,100,99906,100,100058,100,99884,100,100066,100,99877,100
2019-06-28 09:35:30.000000000,99980,161,99949,161,100009,261,99941,161,100011,161,99936,161,100012,161,99934,161,100019,161,99924,161,100027,200,99918,100,100032,100,99916,100,100045,100,99906,100,100058,100,99884,100,100066,100,99877,100
2019-06-28 09:35:37.976191606,99980,61,99949,161,100009,261,99941,161,100011,161,99936,161,100012,161,99934,161,100019,161,99924,161,100027,200,99918,100,100032,100,99916,100,100045,100,99906,100,100058,100,99884,100,100066,100,99877,100
2019-06-28 09:35:40.000000000,100009,304,99949,204,100011,201,99941,201,100012,201,99936,201,100019,100,99934,100,100027,200,99924,100,100032,100,99918,100,100045,100,99916,100,100058,100,99906,100,100066,100,99884,100,100067,100,99877,100
2019-06-28 09:35:43.824004206,100009,304,99949,104,100011,201,99941,201,100012,201,99936,201,100019,100,99934,100,100027,200,99924,100,100032,100,99918,100,100045,100,99916,100,100066,100,99906,100,100067,100,99884,100,100083,100,99877,100
2019-06-28 09:35:50.000000000,100009,506,99941,406,100011,100,99936,100,100012,100,99934,100,100019,100,99924,100,100027,200,99918,100,100032,100,99916,100,100045,100,99906,100,100066,100,99884,100,100067,100,99877,100,100083,100,99864,100
2019-06-28 09:36:00.000000000,100009,353,99941,253,100011,253,99936,253,100012,100,99934,100,100019,100,99924,100,100027,200,99918,100,100032,100,99916,100,100045,100,99906,100,100066,100,99884,100,100067,100,99877,100,100083,100,99864,100
2019-06-28 09:36:08.385427807,100009,353,99941,253,100011,253,99936,253,100012,100,99934,100,100019,100,99924,100,100027,200,99918,100,100032,100,99916,100,100045,100,99906,100,100066,100,99884,100,100067,100,99877,100,100083,100,99864,100
2019-06-28 09:36:10.000000000,100009,353,99941,253,100011,253,99936,253,100012,100,99934,100,100019,100,99924,100,100027,200,99918,100,100032,100,99916,100,100045,100,99906,100,100066,100,99884,100,100067,100,99877,100,100083,100,99864,100
2019-06-28 09:36:16.374333115,100009,353,99941,153,100011,253,99936,253,100012,100,99934,100,100019,100,99924,100,100027,200,99918,100,100032,100,99916,100,100045,100,99906,100,100066,100,99884,100,100067,100,99877,100,100083,100,99864,100
2019-06-28 09:36:20.000000000,100009,276,99936,176,100011,176,99934,176,100012,176,99924,176,100019,176,99918,176,100027,200,99916,100,100032,100,99906,100,100045,100,99884,100,100066,100,99877,100,100067,100,99864,100,100083,100,99859,100
2019-06-28 09:36:24.836231991,99949,100,99936,176,100009,176,99934,176,100011,176,99924,176,100012,176,99918,176,100019,176,99916,100,100027,200,99906,100,100032,100,99884,100,100045,100,99877,100,100066,100,99864,100,100067,100,99859,100
2019-06-28 09:36:30.000000000,99949,161,99936,161,100009,161,99934,161,100011,161,99924,161,100012,161,99918,161,100019,161,99916,161,100027,200,99906,100,100032,100,99884,100,100045,100,99877,100,100066,100,99864,100,100067,100,99859,100
2019-06-28 09:36:39.882070717,99949,161,99936,61,100009,161,99934,161,100011,61,99924,161,100012,161,99918,161,100019,161,99916,161,100027,200,99906,100,100032,100,99884,100,100045,100,99877,100,100066,100,99864,100,100067,100,99859,100
2019-06-28 09:36:40.000000000,99949,204,99934,204,100009,201,99924,201,100012,201,99918,201,100019,100,99916,100,100027,200,99906,100,100032,100,99884,100,100045,100,99877,100,100066,100,99864,100,100067,100,99859,100,100083,100,99854,100
2019-06-28 09:36:40.773998454,99949,204,99934,204,100009,101,99924,201,100012,201,99918,201,100019,100,99916,100,100027,200,99906,100,100032,100,99884,100,100045,100,99877,100,100066,100,99864,100,100067,100,99859,100,100083,100,99854,100
2019-06-28 09:36:40.802754798,99949,204,99934,204,100009,101,99924,201,100012,201,99918,201,100019,100,99916,100,100027,200,99906,100,100032,100,99884,100,100045,100,99877,100,100066,100,99864,100,100067,100,99859,100,100083,100,99854,100
2019-06-28 09:36:50.000000000,99949,204,99934,204,100012,201,99924,201,100019,201,99918,201,100027,200,99916,100,100032,100,99906,100,100045,100,99884,100,100066,100,99877,100,100067,100,99864,100,100083,100,99859,100,100088,100,99854,100
2019-06-28 09:36:52.224401232,99941,100,99934,204,99949,204,99924,201,100012,201,99918,201,100019,201,99916,100,100027,200,99906,100,100032,100,99884,100,100045,100,99877,100,100066,100,99864,100,100067,100,99859,100,100083,100,99854,100
2019-06-28 09:36:53.147139405,99941,100,99934,204,99949,204,99924,201,100012,201,99918,201,100019,201,99916,100,100027,200,99906,100,100032,100,99884,100,100045,100,99877,100,100066,100,99864,100,100067,100,99859,100,100083,100,99854,100
2019-06-28 09:36:59.372323730,99941,100,99934,204,99949,204,99924,201,100012,201,99918,201,100019,201,99916,100,100027,200,99906,100,100032,100,99884,100,100045,100,99877,100,100066,100,99864,100,100067,100,99859,100,100083,100,99827,100
2019-06-28 09:37:00.000000000,99941,161,99934,161,99949,161,99924,161,100012,161,99918,161,100019,161,99916,161,100027,261,99906,161,100032,100,99884,100,100045,100,99877,100,100066,100,99864,100,100067,100,99859,100,100083,100,99827,100
2019-06-28 09:37:03.788920952,99941,161,99934,161,99949,161,99924,161,100012,161,99918,161,100019,161,99916,161,100027,261,99906,161,100032,100,99884,100,100045,100,99877,100,100066,100,99864,100,100067,100,99859,100,100083,100,99827,100
2019-06-28 09:37:10.000000000,99941,253,99934,253,99949,253,99924,253,100012,100,99918,100,100019,100,99916,100,100027,200,99906,100,100032,100,99884,100,100045,100,99877,100,100066,100,99864,100,100067,100,99859,100,100083,100,99827,100
2019-06-28 09:37:20.000000000,99941,161,99934,161,99949,161,99924,161,100012,161,99918,161,100019,161,99916,161,100027,261,99906,161,100032,100,99884,100,100045,100,99877,100,100066,100,99864,100,100067,100,99859,100,100083,100,99827,100
2019-06-28 09:37:25.029677755,99941,161,99934,161,99949,161,99924,161,99963,100,99918,161,100012,161,99916,161,100019,161,99906,161,100027,261,99884,100,100032,100,99877,100,100045,100,99864,100,100066,100,99859,100,100067,100,99827,100
2019-06-28 09:37:28.271941106,99941,61,99934,161,99949,161,99924,161,99963,100,99918,161,100012,161,99916,161,100019,161,99906,161,100027,261,99884,100,100032,100,99877,100,100045,100,99864,100,100066,100,99859,100,100067,100,99827,100
2019-06-28 09:37:30.000000000,99949,176,99934,176,99963,176,99924,176,100012,176,99918,176,100019,176,99916,176,100027,200,99906,100,100032,100,99884,100,100045,100,99877,100,100066,100,99864,100,100067,100,99859,100,100083,100,99827,100
2019-06-28 09:37:40.000000000,99949,253,99934,253,99963,253,99924,253,100012,100,99918,100,100019,100,99916,100,100027,200,99906,100,100032,100,99884,100,100045,100,99877,100,100066,100,99864,100,100067,100,99859,100,100083,100,99827,100
2019-06-28 09:37:48.517312627,99949,253,99934,253,99963,253,99924,253,100012,100,99918,100,100019,100,99916,100,100027,200,99906,100,100032,100,99884,100,100045,100,99877,100,100066,100,99864,100,100067,100,99859,100,100083,100,99845,100
2019-06-28 09:37:50.000000000,99949,253,99934,253,99963,253,99924,253,100012,100,99918,100,100019,100,99916,100,100027,200,99906,100,100032,100,99884,100,100045,100,99877,100,100066,100,99864,100,100067,100,99859,100,100083,100,99845,100
2019-06-28 09:38:00.000000000,99949,253,99934,253,99963,253,99924,253,100012,100,99918,100,100019,100,99916,100,100027,200,99906,100,100032,100,99884,100,100045,100,99877,100,100066,100,99864,100,100067,100,99859,100,100083,100,99845,100
2019-06-28 09:38:10.000000000,99949,161,99934,161,99963,161,99924,161,100012,161,99918,161,100019,161,99916,161,100027,261,99906,161,100032,100,99884,100,100045,100,99877,100,100066,100,99864,100,100067,100,99859,100,100083,100,99845,100
2019-06-28 09:38:20.000000000,99949,406,99934,406,99963,100,99924,100,100012,100,99918,100,100019,100,99916,100,100027,200,99906,100,100032,100,99884,100,100045,100,99877,100,100066,100,99864,100,100067,100,99859,100,100083,100,99845,100
2019-06-28 09:38:30.000000000,99949,253,99934,253,99963,253,99924,253,100012,100,99918,100,100019,100,99916,100,100027,200,99906,100,100032,100,99884,100,100045,100,99877,100,100066,100,99864,100,100067,100,99859,100,100083,100,99845,100
2019-06-28 09:38:40.000000000,99949,253,99934,253,99963,253,99924,253,100012,100,99918,100,100019,100,99916,100,100027,200,99906,100,100032,100,99884,100,100045,100,99877,100,100066,100,99864,100,100067,100,99859,100,100083,100,99845,100
2019-06-28 09:38:50.000000000,99949,406,99934,406,99963,100,99924,100,100012,100,99918,100,100019,100,99916,100,100027,200,99906,100,100032,100,99884,100,100045,100,99877,100,100066,100,99864,100,100067,100,99859,100,100083,100,99845,100
2019-06-28 09:39:00.000000000,99949,161,99934,161,99963,161,99924,161,100012,161,99918,161,100019,161,99916,161,100027,261,99906,161,100032,100,99884,100,100045,100,99877,100,100066,100,99864,100,100067,100,99859,100,100083,100,99845,100
2019-06-28 09:39:10.000000000,99949,253,99934,253,99963,253,99924,253,100012,100,99918,100,100019,100,99916,100,100027,200,99906,100,100032,100,99884,100,100045,100,99877,100,100066,100,99864,100,100067,100,99859,100,100083,100,99845,100
2019-06-28 09:39:15.502418350,99949,253,99934,253,99963,253,99924,253,100012,100,99918,100,100019,100,99916,100,100027,200,99906,100,100032,100,99884,100,100045,100,99877,100,100067,100,99864,100,100083,100,99859,100,100088,100,99845,100
2019-06-28 09:39:20.000000000,99949,253,99934,253,99963,253,99924,253,100012,100,99918,100,100019,100,99916,100,100027,200,99906,100,100032,100,99884,100,100045,100,99877,100,100067,100,99864,100,100083,100,99859,100,100088,100,99845,100
2019-06-28 09:39:24.522044432,99949,153,99934,253,99963,253,99924,253,100012,100,99918,100,100019,100,99916,100,100027,200,99906,100,100032,100,99884,100,100045,100,99877,100,100067,100,99864,100,100083,100,99859,100,100088,100,99845,100
2019-06-28 09:39:29.725325283,99949,53,99934,253,99963,253,99924,253,100012,100,99918,100,100019,100,99916,100,100027,200,99906,100,100032,100,99884,100,100045,100,99877,100,100067,100,99864,100,100083,100,99859,100,100088,100,99845,100
2019-06-28 09:39:30.000000000,99963,406,99934,406,100012,100,99924,100,100019,100,99918,100,100027,200,99916,100,100032,100,99906,100,100045,100,99884,100,100067,100,99877,100,100083,100,99864,100,100088,100,99859,100,100129,100,99845,100
2019-06-28 09:39:40.000000000,99963,406,99934,406,100012,100,99924,100,100019,100,99918,100,100027,200,99916,100,100032,100,99906,100,100045,100,99884,100,100067,100,99877,100,100083,100,99864,100,100088,100,99859,100,100129,100,99845,100
2019-06-28 09:39:40.546005841,99963,406,99934,406,100012,100,99924,100,100019,100,99918,100,100027,200,99916,100,100032,100,99906,100,100045,100,99884,100,100067,100,99877,100,100083,100,99864,100,100088,100,99859,100,100122,100,99845,100
2019-06-28 09:39:50.000000000,99963,406,99934,406,100012,100,99924,100,100019,100,99918,100,100027,200,99916,100,100032,100,99906,100,100045,100,99884,100,100067,100,99877,100,100083,100,99864,100,100088,100,99859,100,100122,100,99845,100
2019-06-28 09:40:00.000000000,99963,204,99934,204,100012,201,99924,201,100019,201,99918,201,100027,200,99916,100,100032,100,99906,100,100045,100,99884,100,100067,100,99877,100,100083,100,99864,100,100088,100,99859,100,100122,100,99845,100
2019-06-28 09:40:10.000000000,99963,161,99934,161,100012,161,99924,161,100019,161,99918,161,100027,261,99916,161,100032,161,99906,161,100045,100,99884,100,100067,100,99877,100,100083,100,99864,100,100088,100,99859,100,100122,100,99845,100
2019-06-28 09:40:20.000000000,99963,176,99934,176,100012,176,99924,176,100019,176,99918,176,100027,276,99916,176,100032,100,99906,100,100045,100,99884,100,100067,100,99877,100,100083,100,99864,100,100088,100,99859,100,100122,100,99845,100
2019-06-28 09:40:30.000000000,99963,176,99934,176,100012,176,99924,176,100019,176,99918,176,100027,276,99916,176,100032,100,99906,100,100045,100,99884,100,100067,100,99877,100,100083,100,99864,100,100088,100,99859,100,100122,100,99845,100
2019-06-28 09:40:32.650454719,99963,176,99934,176,100012,176,99924,176,100019,176,99918,176,100027,276,99916,176,100032,100,99906,100,100045,100,99884,100,100067,100,99877,100,100083,100,99864,100,100088,100,99859,100,100122,100,99845,100
2019-06-28 09:40:40.000000000,99963,253,99934,253,100012,253,99924,253,100019,100,99918,100,100027,200,99916,100,100032,100,99906,100,100045,100,99884,100,100067,100,99877,100,100083,100,99864,100,100088,100,99859,100,100122,100,99845,100
2019-06-28 09:40:50.000000000,99963,176,99934,176,100012,176,99924,176,100019,176,99918,176,100027,276,99916,176,100032,100,99906,100,100045,100,99884,100,100067,100,99877,100,100083,100,99864,100,100088,100,99859,100,100122,100,99845,100
2019-06-28 09:41:00.000000000,99963,176,99934,176,100012,176,99924,176,100019,176,99918,176,100027,276,99916,176,100032,100,99906,100,100045,100,99884,100,100067,100,99877,100,100083,100,99864,100,100088,100,99859,100,100122,100,99845,100
2019-06-28 09:41:10.000000000,99963,204,99934,204,100012,201,99924,201,100019,201,99918,201,100027,200,99916,100,100032,100,99906,100,100045,100,99884,100,100067,100,99877,100,100083,100,99864,100,100088,100,99859,100,100122,100,99845,100
2019-06-28 09:41:20.000000000,99963,253,99934,253,100012,253,99924,253,100019,100,99918,100,100027,200,99916,100,100032,100,99906,100,100045,100,99884,100,100067,100,99877,100,100083,100,99864,100,100088,100,99859,100,100122,100,99845,100
2019-06-28 09:41:30.000000000,99963,176,99934,176,100012,176,99924,176,100019,176,99918,176,100027,276,99916,176,100032,100,99906,100,100045,100,99884,100,100067,100,99877,100,100083,100,99864,100,100088,100,99859,100,100122,100,99845,100
2019-06-28 09:41:40.000000000,99963,176,99934,176,100012,176,99924,176,100019,176,99918,176,100027,276,99916,176,100032,100,99906,100,100045,100,99884,100,100067,100,99877,100,100083,100,99864,100,100088,100,99859,100,100122,100,99845,100
2019-06-28 09:41:40.938232702,99963,176,99934,176,100012,176,99924,176,100019,176,99918,176,100027,276,99916,176,100032,100,99906,100,100045,100,99884,100,100067,100,99877,100,100083,100,99864,100,100088,100,99859,100,100122,100,99845,100
2019-06-28 09:41:50.000000000,99963,204,99934,204,100012,201,99924,201,100019,201,99918,201,100027,200,99916,100,100032,100,99906,100,100045,100,99884,100,100067,100,99877,100,100083,100,99864,100,100088,100,99859,100,100122,100,99845,100
2019-06-28 09:42:00.000000000,99963,253,99934,253,100012,253,99924,253,100019,100,99918,100,100027,200,99916,100,100032,100,99906,100,100045,100,99884,100,100067,100,99877,100,100083,100,99864,100,100088,100,99859,100,100122,100,99845,100
2019-06-28 09:42:01.723162523,99963,253,99949,100,100012,253,99934,253,100019,100,99924,253,100027,200,99918,100,100032,100,99916,100,100045,100,99906,100,100067,100,99884,100,100083,100,99877,100,100088,100,99864,100,100122,100,99859,100
2019-06-28 09:42:08.900117454,99963,253,99949,100,100012,253,99934,253,100019,100,99924,253,100027,200,99918,100,100032,100,99916,100,100045,100,99906,100,100067,100,99884,100,100083,100,99877,100,100088,100,99864,100,100122,100,99859,100
2019-06-28 09:42:10.000000000,99963,176,99949,176,100012,176,99934,176,100019,176,99924,176,100027,276,99918,176,100032,100,99916,100,100045,100,99906,100,100067,100,99884,100,100083,100,99877,100,100088,100,99864,100,100122,100,99859,100
2019-06-28 09:42:10.763334756,99963,176,99949,76,100012,176,99934,176,100019,176,99924,176,100027,276,99918,176,100032,100,99916,100,100045,100,99906,100,100067,100,99884,100,100083,100,99877,100,100088,100,99864,100,100122,100,99859,100
2019-06-28 09:42:20.000000000,99963,253,99934,253,100012,253,99924,253,100019,100,99918,100,100027,200,99916,100,100032,100,99906,100,100045,100,99884,100,100067,100,99877,100,100083,100,99864,100,100088,100,99859,100,100122,100,99845,100
2019-06-28 09:42:29.107699403,99963,253,99934,153,100012,253,99924,253,100019,100,99918,100,100027,200,99916,100,100032,100,99906,100,100045,100,99884,100,100067,100,99877,100,100083,100,99864,100,100088,100,99859,100,100122,100,99845,100
2019-06-28 09:42:30.000000000,99963,406,99924,406,100012,100,99918,100,100019,100,99916,100,100027,200,99906,100,100032,100,99884,100,100045,100,99877,100,100067,100,99864,100,100083,100,99859,100,100088,100,99845,100,100122,100,99827,100
2019-06-28 09:42:40.000000000,99963,161,99924,161,100012,161,99918,161,100019,161,99916,161,100027,261,99906,161,100032,161,99884,161,100045,100,99877,100,100067,100,99864,100,100083,100,99859,100,100088,100,99845,100,100122,100,99827,100
2019-06-28 09:42:50.000000000,99963,176,99924,176,100012,176,99918,176,100019,176,99916,176,100027,276,99906,176,100032,100,99884,100,100045,100,99877,100,100067,100,99864,100,100083,100,99859,100,100088,100,99845,100,100122,100,99827,100
2019-06-28 09:43:00.000000000,99963,204,99924,204,100012,201,99918,201,100019,201,99916,201,100027,200,99906,100,100032,100,99884,100,100045,100,99877,100,100067,100,99864,100,100083,100,99859,100,100088,100,99845,100,100122,100,99827,100
2019-06-28 09:43:10.000000000,99963,406,99924,406,100012,100,99918,100,100019,100,99916,100,100027,200,99906,100,100032,100,99884,100,100045,100,99877,100,100067,100,99864,100,100083,100,99859,100,100088,100,99845,100,100122,100,99827,100
2019-06-28 09:43:20.000000000,99963,176,99924,176,100012,176,99918,176,100019,176,99916,176,100027,276,99906,176,100032,100,99884,100,100045,100,99877,100,100067,100,99864,100,100083,100,99859,100,100088,100,99845,100,100122,100,99827,100
2019-06-28 09:43:22.615179669,99963,76,99924,176,100012,176,99918,176,100019,176,99916,176,100027,276,99906,176,100032,100,99884,100,100045,100,99877,100,100067,100,99864,100,100083,100,99859,100,100088,100,99845,100,100122,100,99827,100
2019-06-28 09:43:29.672703529,100012,176,99963,24,100019,176,99924,176,100027,276,99918,176,100032,100,99916,176,100045,100,99906,176,100067,100,99884,100,100083,100,99877,100,100088,100,99864,100,100122,100,99859,100,100129,100,99845,100
2019-06-28 09:43:30.000000000,100012,253,99963,177,100019,253,99924,253,100027,200,99918,100,100032,100,99916,100,100045,100,99906,100,100067,100,99884,100,100083,100,99877,100,100088,100,99864,100,100122,100,99859,100,100129,100,99845,100
2019-06-28 09:43:40.000000000,100012,253,99963,177,100019,253,99924,253,100027,200,99918,100,100032,100,99916,100,100045,100,99906,100,100067,100,99884,100,100083,100,99877,100,100088,100,99864,100,100122,100,99859,100,100129,100,99845,100
2019-06-28 09:43:44.630137511,100012,253,99963,177,100019,253,99924,253,100027,200,99918,100,100032,100,99916,100,100045,100,99906,100,100067,100,99884,100,100083,100,99877,100,100088,100,99864,100,100122,100,99859,100,100129,100,99845,100
2019-06-28 09:43:50.000000000,100012,161,99963,85,100019,161,99924,161,100027,261,99918,161,100032,161,99916,161,100045,161,99906,161,100067,100,99884,100,100083,100,99877,100,100088,100,99864,100,100122,100,99859,100,100129,100,99845,100
2019-06-28 09:43:50.605049425,100012,61,99963,85,100019,161,99924,161,100027,261,99918,61,100032,161,99916,161,100045,161,99906,161,100067,100,99884,100,100083,100,99877,100,100088,100,99864,100,100122,100,99859,100,100129,100,99845,100
2019-06-28 09:43:56.756709933,100012,61,99964,100,100019,161,99963,85,100027,261,99924,161,100032,161,99918,61,100045,161,99916,161,100067,100,99906,161,100083,100,99884,100,100088,100,99877,100,100122,100,99864,100,100129,100,99859,100
2019-06-28 09:44:00.000000000,100019,161,99964,161,100027,261,99963,85,100032,161,99924,161,100045,161,99916,161,100067,161,99906,161,100083,100,99884,100,100088,100,99877,100,100122,100,99864,100,100129,100,99859,100,100133,100,99845,100
2019-06-28 09:44:10.000000000,100019,253,99964,253,100027,353,99963,177,100032,100,99924,100,100045,100,99916,100,100067,100,99906,100,100083,100,99884,100,100088,100,99877,100,100122,100,99864,100,100129,100,99859,100,100133,100,99845,100
2019-06-28 09:44:11.970729022,100019,253,99964,353,100027,353,99963,177,100032,100,99924,100,100045,100,99916,100,100067,100,99906,100,100083,100,99884,100,100088,100,99877,100,100122,100,99859,100,100129,100,99845,100,100133,100,99827,100
2019-06-28 09:44:20.000000000,100019,161,99964,261,100027,261,99963,85,100032,161,99924,161,100045,161,99916,161,100067,161,99906,161,100083,100,99884,100,100088,100,99877,100,100122,100,99859,100,100129,100,99845,100,100133,100,99827,100
2019-06-28 09:44:30.000000000,100019,161,99964,261,100027,261,99963,85,100032,161,99924,161,100045,161,99916,161,100067,161,99906,161,100083,100,99884,100,100088,100,99877,100,100122,100,99859,100,100129,100,99845,100,100133,100,99827,100
2019-06-28 09:44:37.493358495,100019,61,99964,261,100027,261,99963,85,100032,161,99924,161,100045,161,99916,161,100067,161,99906,161,100083,100,99884,100,100122,100,99877,100,100129,100,99859,100,100133,100,99845,100,100270,100,99827,100
2019-06-28 09:44:40.000000000,100027,261,99964,261,100032,161,99963,85,100045,161,99924,161,100067,161,99916,161,100083,161,99906,161,100122,100,99884,100,100129,100,99877,100,100133,100,99859,100,100270,100,99845,100,100469,100,99827,100
2019-06-28 09:44:50.000000000,100027,304,99964,304,100032,201,99963,125,100045,201,99924,201,100067,100,99916,100,100083,100,99906,100,100122,100,99884,100,100129,100,99877,100,100133,100,99859,100,100270,100,99845,100,100469,100,99827,100
2019-06-28 09:45:00.000000000,100027,276,99964,276,100032,176,99963,100,100045,176,99924,176,100067,176,99916,176,100083,100,99906,100,100122,100,99884,100,100129,100,99877,100,100133,100,99859,100,100270,100,99845,100,100469,100,99827,100
2019-06-28 09:45:10.000000000,100027,353,99964,353,100032,253,99963,177,100045,100,99924,100,100067,100,99916,100,100083,100,99906,100,100122,100,99884,100,100129,100,99877,100,100133,100,99859,100,100270,100,99845,100,100469,100,99827,100
2019-06-28 09:45:12.255634928,100027,253,99964,353,100032,253,99963,177,100045,100,99924,100,100067,100,99916,100,100083,100,99906,100,100122,100,99884,100,100129,100,99877,100,100133,100,99859,100,100270,100,99845,100,100469,100,99827,100
2019-06-28 09:45:20.000000000,100027,253,99964,353,100032,253,99963,177,100045,100,99924,100,100067,100,99916,100,100083,100,99906,100,100122,100,99884,100,100129,100,99877,100,100133,100,99859,100,100270,100,99845,100,100469,100,99827,100
2019-06-28 09:45:23.318918375,100027,253,99964,353,100032,253,99963,177,100045,100,99924,100,100067,100,99916,100,100083,100,99906,100,100129,100,99884,100,100133,100,99877,100,100270,100,99859,100,100469,100,99845,100,100502,100,99827,100
2019-06-28 09:45:30.000000000,100027,406,99964,506,100032,100,99963,24,100045,100,99924,100,100067,100,99916,100,100083,100,99906,100,100129,100,99884,100,100133,100,99877,100,100270,100,99859,100,100469,100,99845,100,100502,100,99827,100
2019-06-28 09:45:40.000000000,100027,204,99964,304,100032,201,99963,125,100045,201,99924,201,100067,100,99916,100,100083,100,99906,100,100129,100,99884,100,100133,100,99877,100,100270,100,99859,100,100469,100,99845,100,100502,100,99827,100
2019-06-28 09:45:50.000000000,100027,406,99964,506,100032,100,99963,24,100045,100,99924,100,100067,100,99916,100,100083,100,99906,100,100129,100,99884,100,100133,100,99877,100,100270,100,99859,100,100469,100,99845,100,100502,100,99827,100
2019-06-28 09:45:56.123366012,100027,406,99964,506,100032,100,99963,24,100045,100,99924,100,100067,100,99916,100,100083,100,99906,100,100129,100,99884,100,100133,100,99877,100,100270,100,99859,100,100469,100,99845,100,100502,100,99827,100
2019-06-28 09:46:00.000000000,100027,406,99964,506,100032,100,99963,24,100045,100,99924,100,100067,100,99916,100,100083,100,99906,100,100129,100,99884,100,100133,100,99877,100,100270,100,99859,100,100469,100,99845,100,100502,100,99827,100
2019-06-28 09:46:10.000000000,100027,204,99964,304,100032,201,99963,125,100045,201,99924,201,100067,100,99916,100,100083,100,99906,100,100129,100,99884,100,100133,100,99877,100,100270,100,99859,100,100469,100,99845,100,100502,100,99827,100
2019-06-28 09:46:20.000000000,100027,204,99964,304,100032,201,99963,125,100045,201,99924,201,100067,100,99916,100,100083,100,99906,100,100129,100,99884,100,100133,100,99877,100,100270,100,99859,100,100469,100,99845,100,100502,100,99827,100
2019-06-28 09:46:30.000000000,100027,253,99964,353,100032,253,99963,177,100045,100,99924,100,100067,100,99916,100,100083,100,99906,100,100129,100,99884,100,100133,100,99877,100,100270,100,99859,100,100469,100,99845,100,100502,100,99827,100
2019-06-28 09:46:40.000000000,100027,406,99964,506,100032,100,99963,24,100045,100,99924,100,100067,100,99916,100,100083,100,99906,100,100129,100,99884,100,100133,100,99877,100,100270,100,99859,100,100469,100,99845,100,100502,100,99827,100
2019-06-28 09:46:50.000000000,100027,176,99964,276,100032,176,99963,100,100045,176,99924,176,100067,176,99916,176,100083,100,99906,100,100129,100,99884,100,100133,100,99877,100,100270,100,99859,100,100469,100,99845,100,100502,100,99827,100
2019-06-28 09:46:50.826446103,100027,76,99964,276,100032,176,99963,100,100045,176,99924,176,100067,176,99916,176,100083,100,99906,100,100129,100,99884,100,100133,100,99877,100,100270,100,99859,100,100469,100,99845,100,100502,100,99827,100
2019-06-28 09:47:00.000000000,100032,176,99964,276,100045,176,99963,100,100067,176,99924,176,100083,176,99916,176,100129,100,99906,100,100133,100,99884,100,100270,100,99877,100,100469,100,99859,100,100502,100,99845,100,100874,100,99827,100
2019-06-28 09:47:10.000000000,100032,204,99964,304,100045,201,99963,125,100067,201,99924,201,100083,100,99916,100,100129,100,99906,100,100133,100,99884,100,100270,100,99877,100,100469,100,99859,100,100502,100,99845,100,100874,100,99827,100
2019-06-28 09:47:11.723447101,100032,204,100027,100,100045,201,99964,304,100067,201,99963,125,100083,100,99924,201,100129,100,99916,100,100133,100,99906,100,100270,100,99884,100,100469,100,99877,100,100502,100,99859,100,100874,100,99845,100
2019-06-28 09:47:14.692407622,100032,104,100027,100,100045,201,99964,304,100067,201,99963,125,100083,100,99924,201,100129,100,99916,100,100133,100,99906,100,100270,100,99884,100,100469,100,99877,100,100502,100,99859,100,100874,100,99845,100
2019-06-28 09:47:20.000000000,100045,161,100027,161,100067,161,99964,261,100083,161,99963,85,100129,161,99924,161,100133,161,99916,161,100270,100,99906,100,100469,100,99884,100,100502,100,99877,100,100874,100,99859,100,101298,100,99845,100
2019-06-28 09:47:21.584239145,100045,161,100027,161,100067,161,99964,261,100083,161,99963,85,100129,161,99924,161,100133,161,99916,161,100270,100,99906,100,100469,100,99884,100,100502,100,99877,100,100874,100,99859,100,100987,100,99845,100
2019-06-28 09:47:24.261867093,100045,161,100027,161,100067,161,99964,261,100083,161,99963,85,100129,61,99924,161,100133,161,99916,161,100270,100,99906,100,100469,100,99884,100,100502,100,99877,100,100874,100,99859,100,100987,100,99845,100
2019-06-28 09:47:30.000000000,100045,253,100027,253,100067,253,99964,353,100083,100,99963,24,100133,100,99924,100,100270,100,99916,100,100469,100,99906,100,100502,100,99884,100,100874,100,99877,100,100987,100,99859,100,101144,100,99845,100
2019-06-28 09:47:40.000000000,100045,204,100027,204,100067,201,99964,301,100083,201,99963,125,100133,100,99924,100,100270,100,99916,100,100469,100,99906,100,100502,100,99884,100,100874,100,99877,100,100987,100,99859,100,101144,100,99845,100
2019-06-28 09:47:45.061433802,100045,104,100027,204,100067,201,99964,301,100083,201,99963,125,100133,100,99924,100,100270,100,99916,100,100469,100,99906,100,100502,100,99884,100,100874,100,99877,100,100987,100,99859,100,101144,100,99845,100
2019-06-28 09:47:48.328229835,100045,104,100032,100,100067,201,100027,204,100083,201,99964,301,100133,100,99963,125,100270,100,99924,100,100469,100,99916,100,100502,100,99906,100,100874,100,99884,100,100987,100,99877,100,101144,100,99859,100
2019-06-28 09:47:50.000000000,100067,204,100032,204,100083,201,100027,201,100133,201,99964,301,100270,100,99963,24,100469,100,99924,100,100502,100,99916,100,100874,100,99906,100,100987,100,99884,100,101144,100,99877,100,101298,100,99859,100
2019-06-28 09:47:56.527677619,100067,104,100032,204,100083,201,100027,201,100133,201,99964,301,100270,100,99963,24,100469,100,99924,100,100502,100,99916,100,100874,100,99906,100,100987,100,99884,100,101144,100,99877,100,101298,100,99859,100
2019-06-28 09:47:56.606156361,100067,4,100032,204,100083,201,100027,201,100133,201,99964,301,100270,100,99963,24,100469,100,99924,100,100502,100,99916,100,100874,100,99906,100,100987,100,99884,100,101144,100,99877,100,101298,100,99859,100
2019-06-28 09:48:00.000000000,100083,161,100032,161,100133,161,100027,161,100270,161,99964,261,100469,161,99963,85,100502,161,99924,161,100874,100,99916,100,100987,100,99906,100,101144,100,99884,100,101298,100,99877,100,,,99859,100
2019-06-28 09:48:05.653883619,100083,161,100032,161,100133,161,100027,161,100270,161,99964,261,100469,161,99963,85,100502,161,99924,161,100782,100,99916,100,100874,100,99906,100,100987,100,99884,100,101144,100,99877,100,101298,100,99859,100
2019-06-28 09:48:10.000000000,100083,161,100032,161,100133,161,100027,161,100270,161,99964,261,100469,161,99963,85,100502,161,99924,161,100782,100,99916,100,100874,100,99906,100,100987,100,99884,100,101144,100,99877,100,101298,100,99859,100
2019-06-28 09:48:16.348280092,100083,161,100067,100,100133,161,100032,161,100270,161,100027,161,100469,161,99964,261,100502,161,99963,85,100782,100,99924,161,100874,100,99916,100,100987,100,99906,100,101144,100,99884,100,101298,100,99877,100
2019-06-28 09:48:20.000000000,100083,161,100067,161,100133,161,100032,161,100270,161,100027,161,100469,161,99964,261,100502,161,99963,85,100782,100,99924,100,100874,100,99916,100,100987,100,99906,100,101144,100,99884,100,101298,100,99877,100
2019-06-28 09:48:30.000000000,100083,406,100067,406,100133,100,100032,100,100270,100,100027,100,100469,100,99964,200,100502,100,99963,24,100782,100,99924,100,100874,100,99916,100,100987,100,99906,100,101144,100,99884,100,101298,100,99877,100
2019-06-28 09:48:40.000000000,100083,406,100067,406,100133,100,100032,100,100270,100,100027,100,100469,100,99964,200,100502,100,99963,24,100782,100,99924,100,100874,100,99916,100,100987,100,99906,100,101144,100,99884,100,101298,100,99877,100
2019-06-28 09:48:50.000000000,100083,161,100067,161,100133,161,100032,161,100270,161,100027,161,100469,161,99964,261,100502,161,99963,85,100782,100,99924,100,100874,100,99916,100,100987,100,99906,100,101144,100,99884,100,101298,100,99877,100
2019-06-28 09:48:50.907780164,100083,61,100067,161,100133,161,100032,161,100270,161,100027,161,100469,161,99964,261,100502,161,99963,85,100782,100,99924,100,100874,100,99916,100,100987,100,99906,100,101144,100,99884,100,101298,100,99877,100
2019-06-28 09:48:53.000353016,100083,61,100067,161,100133,161,100032,161,100270,161,100027,61,100469,161,99964,261,100502,161,99963,85,100782,100,99924,100,100874,100,99916,100,100987,100,99906,100,101144,100,99884,100,101298,100,99877,100
2019-06-28 09:49:00.000000000,100133,176,100067,176,100270,176,100032,176,100469,176,99964,276,100502,176,99963,100,100782,100,99924,100,100874,100,99916,100,100987,100,99906,100,101144,100,99884,100,101298,100,99877,100,,,99859,100
2019-06-28 09:49:07.437988810,100133,76,100067,176,100270,176,100032,176,100469,176,99964,276,100502,176,99963,100,100782,100,99924,100,100874,100,99916,100,100987,100,99906,100,101144,100,99884,100,101298,100,99877,100,,,99859,100
2019-06-28 09:49:10.000000000,100270,161,100067,161,100469,161,100032,161,100502,161,99964,261,100782,161,99963,85,100874,161,99924,161,100987,100,99916,100,101144,100,99906,100,101298,100,99884,100,,,99877,100,,,99859,100
2019-06-28 09:49:20.000000000,100270,204,100067,204,100469,201,100032,201,100502,201,99964,301,100782,100,99963,24,100874,100,99924,100,100987,100,99916,100,101144,100,99906,100,101298,100,99884,100,,,99877,100,,,99859,100
2019-06-28 09:49:30.000000000,100270,161,100067,161,100469,161,100032,161,100502,161,99964,261,100782,161,99963,85,100874,161,99924,161,100987,100,99916,100,101144,100,99906,100,101298,100,99884,100,,,99877,100,,,99859,100
2019-06-28 09:49:37.065043029,100270,161,100067,161,100469,161,100032,161,100502,161,99964,261,100782,161,99963,85,100874,161,99924,161,100987,100,99906,100,101144,100,99884,100,101156,100,99877,100,101298,100,99859,100,,,99845,100
2019-06-28 09:49:40.000000000,100270,406,100067,406,100469,100,100032,100,100502,100,99964,200,100782,100,99963,24,100874,100,99924,100,100987,100,99906,100,101144,100,99884,100,101156,100,99877,100,101298,100,99859,100,,,99845,100
2019-06-28 09:49:46.543874372,100270,406,100067,406,100469,100,100032,100,100502,100,99964,200,100782,100,99963,24,100874,100,99924,100,100987,100,99906,100,101144,100,99884,100,101156,100,99877,100,101298,100,99859,100,101340,100,99845,100
2019-06-28 09:49:50.000000000,100270,253,100067,253,100469,253,100032,253,100502,100,99964,200,100782,100,99963,24,100874,100,99924,100,100987,100,99906,100,101144,100,99884,100,101156,100,99877,100,101298,100,99859,100,101340,100,99845,100
2019-06-28 09:49:50.810428171,100270,253,100067,253,100469,253,100032,253,100502,100,99964,200,100782,100,99963,24,100874,100,99924,100,100987,100,99906,100,101144,100,99884,100,101156,100,99859,100,101161,100,99845,100,101298,100,99827,100
2019-06-28 09:49:50.944071697,100270,253,100067,253,100469,253,100032,253,100502,100,99964,100,100782,100,99963,24,100874,100,99924,100,100987,100,99906,100,101144,100,99884,100,101156,100,99859,100,101161,100,99845,100,101298,100,99827,100
2019-06-28 09:49:52.757547333,100270,253,100083,100,100469,253,100067,253,100502,100,100032,253,100782,100,99964,100,100874,100,99963,24,100987,100,99924,100,101144,100,99906,100,101156,100,99884,100,101161,100,99859,100,101298,100,99845,100
2019-06-28 09:50:00.000000000,100270,161,100083,161,100469,161,100067,161,100502,161,100032,161,100782,161,99964,161,100874,161,99963,85,100987,100,99924,100,101144,100,99906,100,101156,100,99884,100,101161,100,99859,100,101298,100,99845,100
2019-06-28 09:50:03.530300914,100270,61,100083,161,100469,161,100067,161,100502,161,100032,161,100782,161,99964,161,100874,161,99963,85,100987,100,99924,100,101144,100,99906,100,101156,100,99884,100,101161,100,99859,100,101298,100,99845,100
2019-06-28 09:50:10.000000000,100469,176,100083,176,100502,176,100067,176,100782,176,100032,176,100874,176,99964,176,100987,100,99963,24,101144,100,99924,100,101156,100,99906,100,101161,100,99884,100,101298,100,99859,100,101340,100,99845,100
2019-06-28 09:50:18.346226235,100469,176,100083,176,100502,176,100067,176,100782,176,100032,176,100826,100,99964,176,100874,176,99963,24,100987,100,99924,100,101144,100,99906,100,101156,100,99884,100,101161,100,99859,100,101298,100,99845,100
2019-06-28 09:50:20.000000000,100469,161,100083,161,100502,161,100067,161,100782,161,100032,161,100826,161,99964,161,100874,161,99963,85,100987,100,99924,100,101144,100,99906,100,101156,100,99884,100,101161,100,99859,100,101298,100,99845,100
2019-06-28 09:50:30.000000000,100469,161,100083,161,100502,161,100067,161,100782,161,100032,161,100826,161,99964,161,100874,161,99963,85,100987,100,99924,100,101144,100,99906,100,101156,100,99884,100,101161,100,99859,100,101298,100,99845,100
2019-06-28 09:50:31.955739547,100469,161,100083,161,100502,161,100067,61,100782,161,100032,161,100826,161,99964,161,100874,161,99963,85,100987,100,99924,100,101144,100,99906,100,101156,100,99884,100,101161,100,99859,100,101298,100,99845,100
2019-06-28 09:50:40.000000000,100469,161,100083,161,100502,161,100032,161,100782,161,99964,161,100826,161,99963,85,100874,161,99924,161,100987,100,99906,100,101144,100,99884,100,101156,100,99859,100,101161,100,99845,100,101298,100,99827,100
2019-06-28 09:50:41.724617587,100469,161,100083,161,100502,161,100032,161,100553,100,99964,161,100782,161,99963,85,100826,161,99924,161,100874,161,99906,100,100987,100,99884,100,101144,100,99859,100,101156,100,99845,100,101161,100,99827,100
2019-06-28 09:50:46.652642933,100469,161,100083,161,100502,161,100032,161,100553,100,99964,161,100617,100,99963,85,100782,161,99924,161,100826,161,99906,100,100874,161,99884,100,100987,100,99859,100,101144,100,99845,100,101156,100,99827,100
2019-06-28 09:50:50.000000000,100469,204,100083,204,100502,201,100032,201,100553,201,99964,201,100617,100,99963,24,100782,100,99924,100,100826,100,99906,100,100874,100,99884,100,100987,100,99859,100,101144,100,99845,100,101156,100,99827,100
2019-06-28 09:50:51.879031444,100469,204,100083,204,100502,201,100032,201,100553,201,99964,201,100617,100,99963,24,100782,100,99924,100,100826,100,99906,100,100872,100,99884,100,100874,100,99859,100,100987,100,99845,100,101144,100,99827,100
2019-06-28 09:50:55.942361080,100469,104,100083,204,100502,201,100032,201,100553,201,99964,201,100617,100,99963,24,100782,100,99924,100,100826,100,99906,100,100872,100,99884,100,100874,100,99859,100,100987,100,99845,100,101144,100,99827,100
2019-06-28 09:51:00.000000000,100502,161,100083,161,100553,161,100032,161,100617,161,99964,161,100782,161,99963,85,100826,161,99924,161,100872,100,99906,100,100874,100,99884,100,100987,100,99859,100,101144,100,99845,100,101156,100,99827,100
2019-06-28 09:51:10.000000000,100502,253,100083,253,100553,253,100032,253,100617,100,99964,100,100782,100,99963,24,100826,100,99924,100,100872,100,99906,100,100874,100,99884,100,100987,100,99859,100,101144,100,99845,100,101156,100,99827,100
2019-06-28 09:51:20.000000000,100502,176,100083,176,100553,176,100032,176,100617,176,99964,176,100782,176,99963,100,100826,100,99924,100,100872,100,99906,100,100874,100,99884,100,100987,100,99859,100,101144,100,99845,100,101156,100,99827,100
2019-06-28 09:51:30.000000000,100502,406,100083,406,100553,100,100032,100,100617,100,99964,100,100782,100,99963,24,100826,100,99924,100,100872,100,99906,100,100874,100,99884,100,100987,100,99859,100,101144,100,99845,100,101156,100,99827,100
2019-06-28 09:51:40.000000000,100502,176,100083,176,100553,176,100032,176,100617,176,99964,176,100782,176,99963,100,100826,100,99924,100,100872,100,99906,100,100874,100,99884,100,100987,100,99859,100,101144,100,99845,100,101156,100,99827,100
2019-06-28 09:51:50.000000000,100502,253,100083,253,100553,253,100032,253,100617,100,99964,100,100782,100,99963,24,100826,100,99924,100,100872,100,99906,100,100874,100,99884,100,100987,100,99859,100,101144,100,99845,100,101156,100,99827,100
2019-06-28 09:52:00.000000000,100502,406,100083,406,100553,100,100032,100,100617,100,99964,100,100782,100,99963,24,100826,100,99924,100,100872,100,99906,100,100874,100,99884,100,100987,100,99859,100,101144,100,99845,100,101156,100,99827,100
2019-06-28 09:52:02.735638203,100502,306,100083,406,100553,100,100032,100,100617,100,99964,100,100782,100,99963,24,100826,100,99924,100,100872,100,99906,100,100874,100,99884,100,100987,100,99859,100,101144,100,99845,100,101156,100,99827,100
2019-06-28 09:52:05.657009285,100502,306,100083,406,100553,100,100032,100,100617,100,99964,100,100782,100,99963,24,100826,100,99924,100,100872,100,99906,100,100874,100,99884,100,100987,100,99859,100,101144,100,99845,100,101156,100,99827,100
2019-06-28 09:52:09.804547973,100502,306,100469,100,100553,100,100083,406,100617,100,100032,100,100782,100,99964,100,100826,100,99963,24,100872,100,99924,100,100874,100,99906,100,100987,100,99884,100,101144,100,99859,100,101156,100,99845,100
2019-06-28 09:52:10.000000000,100553,161,100469,161,100617,161,100083,161,100782,161,100032,161,100826,161,99964,161,100872,161,99963,85,100874,100,99924,100,100987,100,99906,100,101144,100,99884,100,101156,100,99859,100,101161,100,99845,100
2019-06-28 09:52:10.581644321,100553,161,100469,161,100617,161,100083,161,100782,161,100032,161,100826,161,99964,161,100872,161,99963,85,100874,100,99924,100,100986,100,99906,100,100987,100,99884,100,101144,100,99859,100,101156,100,99845,100
2019-06-28 09:52:12.579580724,100553,61,100469,161,100617,161,100083,161,100782,161,100032,161,100826,161,99964,161,100872,161,99963,85,100874,100,99924,100,100986,100,99906,100,100987,100,99884,100,101144,100,99859,100,101156,100,99845,100
2019-06-28 09:52:20.000000000,100617,161,100469,161,100782,161,100083,161,100826,161,100032,161,100872,161,99964,161,100874,161,99963,85,100986,100,99924,100,100987,100,99906,100,101144,100,99884,100,101156,100,99859,100,101161,100,99845,100
2019-06-28 09:52:28.325481852,100617,161,100469,161,100782,161,100083,161,100826,161,100032,161,100872,161,99964,161,100874,161,99963,85,100974,100,99906,100,100986,100,99884,100,100987,100,99859,100,101144,100,99845,100,101156,100,99827,100
2019-06-28 09:52:30.000000000,100617,176,100469,176,100782,176,100083,176,100826,176,100032,176,100872,176,99964,176,100874,100,99963,24,100974,100,99906,100,100986,100,99884,100,100987,100,99859,100,101144,100,99845,100,101156,100,99827,100
2019-06-28 09:52:34.177324675,100617,176,100502,100,100782,176,100469,176,100826,176,100083,176,100872,176,100032,176,100874,100,99964,176,100974,100,99963,24,100986,100,99906,100,100987,100,99884,100,101144,100,99859,100,101156,100,99845,100
2019-06-28 09:52:35.844443824,100617,176,100502,100,100782,176,100469,176,100826,176,100083,176,100872,176,100032,176,100874,100,99964,176,100974,100,99963,24,100986,100,99906,100,100987,100,99884,100,101144,100,99859,100,101156,100,99845,100
2019-06-28 09:52:40.000000000,100617,204,100502,204,100782,201,100469,201,100826,201,100083,201,100872,100,100032,100,100874,100,99964,100,100974,100,99963,24,100986,100,99906,100,100987,100,99884,100,101144,100,99859,100,101156,100,99845,100
2019-06-28 09:52:50.000000000,100617,161,100502,161,100782,161,100469,161,100826,161,100083,161,100872,161,100032,161,100874,161,99964,161,100974,100,99963,24,100986,100,99906,100,100987,100,99884,100,101144,100,99859,100,101156,100,99845,100
2019-06-28 09:53:00.000000000,100617,406,100502,406,100782,100,100469,100,100826,100,100083,100,100872,100,100032,100,100874,100,99964,100,100974,100,99963,24,100986,100,99906,100,100987,100,99884,100,101144,100,99859,100,101156,100,99845,100
2019-06-28 09:53:10.000000000,100617,161,100502,161,100782,161,100469,161,100826,161,100083,161,100872,161,100032,161,100874,161,99964,161,100974,100,99963,24,100986,100,99906,100,100987,100,99884,100,101144,100,99859,100,101156,100,99845,100
2019-06-28 09:53:20.000000000,100617,161,100502,161,100782,161,100469,161,100826,161,100083,161,100872,161,100032,161,100874,161,99964,161,100974,100,99963,24,100986,100,99906,100,100987,100,99884,100,101144,100,99859,100,101156,100,99845,100
2019-06-28 09:53:30.000000000,100617,253,100502,253,100782,253,100469,253,100826,100,100083,100,100872,100,100032,100,100874,100,99964,100,100974,100,99963,24,100986,100,99906,100,100987,100,99884,100,101144,100,99859,100,101156,100,99845,100
2019-06-28 09:53:40.000000000,100617,253,100502,253,100782,253,100469,253,100826,100,100083,100,100872,100,100032,100,100874,100,99964,100,100974,100,99963,24,100986,100,99906,100,100987,100,99884,100,101144,100,99859,100,101156,100,99845,100
2019-06-28 09:53:50.000000000,100617,161,100502,161,100782,161,100469,161,100826,161,100083,161,100872,161,100032,161,100874,161,99964,161,100974,100,99963,24,100986,100,99906,100,100987,100,99884,100,101144,100,99859,100,101156,100,99845,100
2019-06-28 09:54:00.000000000,100617,161,100502,161,100782,161,100469,161,100826,161,100083,161,100872,161,100032,161,100874,161,99964,161,100974,100,99963,24,100986,100,99906,100,100987,100,99884,100,101144,100,99859,100,101156,100,99845,100
2019-06-28 09:54:10.000000000,100617,161,100502,161,100782,161,100469,161,100826,161,100083,161,100872,161,100032,161,100874,161,99964,161,100974,100,99963,24,100986,100,99906,100,100987,100,99884,100,101144,100,99859,100,101156,100,99845,100
2019-06-28 09:54:20.000000000,100617,176,100502,176,100782,176,100469,176,100826,176,100083,176,100872,176,100032,176,100874,100,99964,100,100974,100,99963,24,100986,100,99906,100,100987,100,99884,100,101144,100,99859,100,101156,100,99845,100
2019-06-28 09:54:30.000000000,100617,204,100502,204,100782,201,100469,201,100826,201,100083,201,100872,100,100032,100,100874,100,99964,100,100974,100,99963,24,100986,100,99906,100,100987,100,99884,100,101144,100,99859,100,101156,100,99845,100
2019-06-28 09:54:40.000000000,100617,176,100502,176,100782,176,100469,176,100826,176,100083,176,100872,176,100032,176,100874,100,99964,100,100974,100,99963,24,100986,100,99906,100,100987,100,99884,100,101144,100,99859,100,101156,100,99845,100
2019-06-28 09:54:47.355816218,100617,176,100502,276,100782,176,100469,176,100826,176,100083,176,100872,176,100032,176,100874,100,99963,24,100974,100,99906,100,100986,100,99884,100,100987,100,99859,100,101144,100,99845,100,101156,100,99827,100
2019-06-28 09:54:50.000000000,100617,204,100502,304,100782,201,100469,201,100826,201,100083,201,100872,100,100032,100,100874,100,99963,24,100974,100,99906,100,100986,100,99884,100,100987,100,99859,100,101144,100,99845,100,101156,100,99827,100
2019-06-28 09:55:00.000000000,100617,253,100502,353,100782,253,100469,253,100826,100,100083,100,100872,100,100032,100,100874,100,99963,24,100974,100,99906,100,100986,100,99884,100,100987,100,99859,100,101144,100,99845,100,101156,100,99827,100
2019-06-28 09:55:04.538113555,100617,253,100502,253,100782,253,100469,253,100826,100,100083,100,100872,100,100032,100,100874,100,99963,24,100974,100,99906,100,100986,100,99884,100,100987,100,99859,100,101144,100,99845,100,101156,100,99827,100
2019-06-28 09:55:10.000000000,100617,161,100502,161,100782,161,100469,161,100826,161,100083,161,100872,161,100032,161,100874,161,99963,85,100974,100,99906,100,100986,100,99884,100,100987,100,99859,100,101144,100,99845,100,101156,100,99827,100
2019-06-28 09:55:20.000000000,100617,253,100502,253,100782,253,100469,253,100826,100,100083,100,100872,100,100032,100,100874,100,99963,24,100974,100,99906,100,100986,100,99884,100,100987,100,99859,100,101144,100,99845,100,101156,100,99827,100
2019-06-28 09:55:20.206723745,100617,153,100580,100,100782,253,100502,253,100826,100,100469,253,100872,100,100083,100,100874,100,100032,100,100974,100,99963,24,100986,100,99906,100,100987,100,99884,100,101144,100,99859,100,101156,100,99845,100
2019-06-28 09:55:30.000000000,100782,204,100580,204,100826,201,100502,201,100872,201,100469,201,100874,100,100083,100,100974,100,100032,100,100986,100,99963,24,100987,100,99906,100,101144,100,99884,100,101156,100,99859,100,101161,100,99845,100
2019-06-28 09:55:36.067805486,100782,204,100580,204,100826,201,100503,100,100872,201,100502,201,100874,100,100469,201,100974,100,100032,100,100986,100,99963,24,100987,100,99906,100,101144,100,99884,100,101156,100,99859,100,101161,100,99845,100
2019-06-28 09:55:40.000000000,100782,406,100580,406,100826,100,100503,100,100872,100,100502,100,100874,100,100469,100,100974,100,100032,100,100986,100,99963,24,100987,100,99906,100,101144,100,99884,100,101156,100,99859,100,101161,100,99845,100
2019-06-28 09:55:45.934990753,100782,406,100580,406,100826,100,100503,100,100872,100,100502,100,100874,100,100469,100,100974,100,100468,100,100986,100,100032,100,100987,100,99963,24,101144,100,99906,100,101156,100,99884,100,101161,100,99859,100
2019-06-28 09:55:50.000000000,100782,176,100580,176,100826,176,100503,176,100872,176,100502,176,100874,176,100469,176,100974,100,100468,100,100986,100,100032,100,100987,100,99963,24,101144,100,99906,100,101156,100,99884,100,101161,100,99859,100
2019-06-28 09:55:53.008702744,100782,176,100580,176,100826,176,100503,76,100872,176,100502,176,100874,176,100469,176,100974,100,100468,100,100986,100,100032,100,100987,100,99963,24,101144,100,99906,100,101156,100,99884,100,101161,100,99859,100
2019-06-28 09:55:53.158658975,100782,176,100580,176,100826,176,100503,176,100872,176,100502,176,100874,176,100469,176,100974,100,100468,100,100986,100,100032,100,100987,100,99963,24,101144,100,99906,100,101156,100,99884,100,101161,100,99859,100
2019-06-28 09:56:00.000000000,100782,204,100580,204,100826,201,100503,201,100872,201,100502,201,100874,100,100469,100,100974,100,100468,100,100986,100,100032,100,100987,100,99963,24,101144,100,99906,100,101156,100,99884,100,101161,100,99859,100
2019-06-28 09:56:01.337867715,100782,204,100580,204,100826,201,100503,201,100872,201,100502,201,100874,100,100469,100,100974,100,100468,100,100986,100,100303,100,100987,100,100032,100,101144,100,99963,24,101156,100,99906,100,101161,100,99884,100
2019-06-28 09:56:05.296898521,100782,204,100580,104,100826,201,100503,201,100872,201,100502,201,100874,100,100469,100,100974,100,100468,100,100986,100,100303,100,100987,100,99963,24,101144,100,99906,100,101156,100,99884,100,101161,100,99859,100
2019-06-28 09:56:06.836070338,100782,204,100580,104,100826,201,100503,201,100872,201,100502,201,100874,100,100469,100,100974,100,100468,100,100986,100,100461,100,100987,100,100303,100,101144,100,99963,24,101156,100,99906,100,101161,100,99884,100
2019-06-28 09:56:10.000000000,100782,406,100503,406,100826,100,100502,100,100872,100,100469,100,100874,100,100468,100,100974,100,100461,100,100986,100,100303,100,100987,100,99963,24,101144,100,99906,100,101156,100,99884,100,101161,100,99859,100
2019-06-28 09:56:15.589374582,100782,406,100503,406,100826,100,100502,100,100872,100,100469,100,100874,100,100468,100,100974,100,100461,100,100986,100,100303,100,100987,100,100239,100,101144,100,99963,24,101156,100,99906,100,101161,100,99884,100
2019-06-28 09:56:20.000000000,100782,176,100503,176,100826,176,100502,176,100872,176,100469,176,100874,176,100468,176,100974,100,100461,100,100986,100,100303,100,100987,100,100239,100,101144,100,99963,24,101156,100,99906,100,101161,100,99884,100
2019-06-28 09:56:30.000000000,100782,204,100503,204,100826,201,100502,201,100872,201,100469,201,100874,100,100468,100,100974,100,100461,100,100986,100,100303,100,100987,100,100239,100,101144,100,99963,24,101156,100,99906,100,101161,100,99884,100
2019-06-28 09:56:40.000000000,100782,161,100503,161,100826,161,100502,161,100872,161,100469,161,100874,161,100468,161,100974,161,100461,161,100986,100,100303,100,100987,100,100239,100,101144,100,99963,24,101156,100,99906,100,101161,100,99884,100
2019-06-28 09:56:46.237269091,100782,161,100503,161,100826,161,100502,161,100872,161,100469,161,100874,161,100468,161,100974,161,100461,161,100986,100,100303,100,100987,100,100259,100,101144,100,100239,100,101156,100,99963,24,101161,100,99906,100
2019-06-28 09:56:50.000000000,100782,161,100503,161,100826,161,100502,161,100872,161,100469,161,100874,161,100468,161,100974,161,100461,161,100986,100,100303,100,100987,100,100259,100,101144,100,100239,100,101156,100,99963,24,101161,100,99906,100
2019-06-28 09:57:00.000000000,100782,176,100503,176,100826,176,100502,176,100872,176,100469,176,100874,176,100468,176,100974,100,100461,100,100986,100,100303,100,100987,100,100259,100,101144,100,100239,100,101156,100,99963,24,101161,100,99906,100
2019-06-28 09:57:02.413570710,100782,176,100606,100,100826,176,100503,176,100872,176,100502,176,100874,176,100469,176,100974,100,100468,176,100986,100,100461,100,100987,100,100303,100,101144,100,100259,100,101156,100,100239,100,101161,100,99963,24
2019-06-28 09:57:10.000000000,100782,161,100606,161,100826,161,100503,161,100872,161,100502,161,100874,161,100469,161,100974,161,100468,161,100986,100,100461,100,100987,100,100303,100,101144,100,100259,100,101156,100,100239,100,101161,100,99963,24
2019-06-28 09:57:20.000000000,100782,406,100606,406,100826,100,100503,100,100872,100,100502,100,100874,100,100469,100,100974,100,100468,100,100986,100,100461,100,100987,100,100303,100,101144,100,100259,100,101156,100,100239,100,101161,100,99963,24
2019-06-28 09:57:24.021315877,100661,100,100606,406,100782,406,100503,100,100826,100,100502,100,100872,100,100469,100,100874,100,100468,100,100974,100,100461,100,100986,100,100303,100,100987,100,100259,100,101144,100,100239,100,101156,100,99963,24
2019-06-28 09:57:30.000000000,100661,204,100606,204,100782,201,100503,201,100826,201,100502,201,100872,100,100469,100,100874,100,100468,100,100974,100,100461,100,100986,100,100303,100,100987,100,100259,100,101144,100,100239,100,101156,100,99963,24
2019-06-28 09:57:32.689730726,100661,204,100606,204,100782,201,100503,201,100826,201,100502,201,100872,100,100469,100,100874,100,100468,100,100974,100,100461,100,100986,100,100303,200,100987,100,100259,100,101144,100,100239,100,101156,100,99963,24
2019-06-28 09:57:40.000000000,100661,253,100606,253,100782,253,100503,253,100826,100,100502,100,100872,100,100469,100,100874,100,100468,100,100974,100,100461,100,100986,100,100303,200,100987,100,100259,100,101144,100,100239,100,101156,100,99963,24
2019-06-28 09:57:50.000000000,100661,204,100606,204,100782,201,100503,201,100826,201,100502,201,100872,100,100469,100,100874,100,100468,100,100974,100,100461,100,100986,100,100303,200,100987,100,100259,100,101144,100,100239,100,101156,100,99963,24
2019-06-28 09:58:00.000000000,100661,176,100606,176,100782,176,100503,176,100826,176,100502,176,100872,176,100469,176,100874,100,100468,100,100974,100,100461,100,100986,100,100303,200,100987,100,100259,100,101144,100,100239,100,101156,100,99963,24
2019-06-28 09:58:08.501433877,100661,176,100606,176,100782,176,100503,176,100826,176,100502,176,100872,176,100469,176,100874,100,100468,100,100974,100,100461,100,100986,100,100303,200,100987,100,100259,100,101144,100,100239,100,101156,100,99963,24
2019-06-28 09:58:10.000000000,100661,204,100606,204,100782,201,100503,201,100826,201,100502,201,100872,100,100469,100,100874,100,100468,100,100974,100,100461,100,100986,100,100303,200,100987,100,100259,100,101144,100,100239,100,101156,100,99963,24
2019-06-28 09:58:11.691476457,100661,204,100606,104,100782,201,100503,201,100826,201,100502,201,100872,100,100469,100,100874,100,100468,100,100974,100,100461,100,100986,100,100303,200,100987,100,100259,100,101156,100,100239,100,101167,100,99963,24
2019-06-28 09:58:13.619057630,100661,204,100606,104,100782,201,100503,201,100826,201,100502,201,100872,100,100469,100,100874,100,100468,100,100974,100,100461,100,100986,100,100303,200,100987,100,100259,100,101156,100,100239,100,101167,100,99963,24
2019-06-28 09:58:16.083588536,100661,204,100606,4,100782,201,100503,201,100826,201,100502,201,100872,100,100469,100,100874,100,100468,100,100974,100,100461,100,100986,100,100303,100,100987,100,100259,100,101156,100,100239,100,101167,100,99963,24
2019-06-28 09:58:20.000000000,100661,204,100503,204,100782,201,100502,201,100826,201,100469,201,100872,100,100468,100,100874,100,100461,100,100974,100,100303,100,100986,100,100259,100,100987,100,100239,100,101156,100,99963,24,101167,100,99906,100
2019-06-28 09:58:20.253246395,100661,204,100503,104,100782,201,100502,201,100826,201,100469,201,100872,100,100468,100,100874,100,100461,100,100974,100,100303,100,100986,100,100259,100,100987,100,100239,100,101156,100,99963,24,101167,100,99906,100
2019-06-28 09:58:21.501894965,100661,204,100503,104,100782,201,100502,201,100826,201,100469,201,100872,100,100468,100,100874,100,100461,100,100974,100,100303,100,100986,100,100259,100,100987,100,100239,100,101156,100,99963,24,101167,100,99906,100
2019-06-28 09:58:30.000000000,100661,161,100502,161,100782,161,100469,161,100826,161,100468,161,100872,161,100461,161,100874,161,100303,161,100974,100,100259,100,100986,100,100239,100,100987,100,99963,24,101156,100,99906,100,101167,100,99884,100
2019-06-28 09:58:33.011471289,100661,161,100502,61,100782,161,100469,161,100826,161,100468,161,100872,161,100461,161,100874,161,100303,161,100974,100,100259,100,100986,100,100239,100,100987,100,99963,24,101156,100,99906,100,101167,100,99884,100
2019-06-28 09:58:40.000000000,100661,161,100469,161,100782,161,100468,161,100826,161,100461,161,100872,161,100303,161,100874,161,100259,161,100974,100,100239,100,100986,100,99963,24,100987,100,99906,100,101156,100,99884,100,101167,100,99859,100
2019-06-28 09:58:45.990760299,100661,161,100469,61,100782,161,100468,161,100826,161,100461,161,100872,161,100303,161,100874,161,100259,161,100974,100,100239,100,100986,100,99963,24,100987,100,99906,100,101156,100,99884,100,101167,100,99859,100
2019-06-28 09:58:50.000000000,100661,176,100468,176,100782,176,100461,176,100826,176,100303,176,100872,176,100259,176,100874,100,100239,100,100974,100,99963,24,100986,100,99906,100,100987,100,99884,100,101156,100,99859,100,101167,100,99845,100
2019-06-28 09:58:50.215818154,100502,100,100468,176,100661,176,100461,176,100782,176,100303,176,100826,176,100259,176,100872,176,100239,100,100874,100,99963,24,100974,100,99906,100,100986,100,99884,100,100987,100,99859,100,101156,100,99845,100
2019-06-28 09:59:00.000000000,100502,204,100468,204,100661,201,100461,201,100782,201,100303,201,100826,100,100259,100,100872,100,100239,100,100874,100,99963,24,100974,100,99906,100,100986,100,99884,100,100987,100,99859,100,101156,100,99845,100
2019-06-28 09:59:05.410402583,100502,204,100468,204,100661,201,100461,201,100782,201,100303,201,100826,100,100259,100,100872,100,100239,100,100874,100,99963,24,100986,100,99906,100,100987,100,99884,100,101156,100,99859,100,101167,100,99845,100
2019-06-28 09:59:09.255154213,100502,304,100468,204,100661,201,100461,201,100782,201,100303,201,100826,100,100259,100,100872,100,100239,100,100874,100,99963,24,100986,100,99906,100,100987,100,99884,100,101156,100,99859,100,101167,100,99845,100
2019-06-28 09:59:10.000000000,100502,506,100468,406,100661,100,100461,100,100782,100,100303,100,100826,100,100259,100,100872,100,100239,100,100874,100,99963,24,100986,100,99906,100,100987,100,99884,100,101156,100,99859,100,101167,100,99845,100
2019-06-28 09:59:20.000000000,100502,506,100468,406,100661,100,100461,100,100782,100,100303,100,100826,100,100259,100,100872,100,100239,100,100874,100,99963,24,100986,100,99906,100,100987,100,99884,100,101156,100,99859,100,101167,100,99845,100
2019-06-28 09:59:23.874470672,100502,506,100468,406,100661,100,100461,100,100782,100,100303,100,100826,100,100259,100,100872,100,100239,100,100874,100,99963,24,100986,100,99906,100,100987,100,99884,100,101156,100,99859,100,101167,100,99845,100
2019-06-28 09:59:30.000000000,100502,353,100468,253,100661,253,100461,253,100782,100,100303,100,100826,100,100259,100,100872,100,100239,100,100874,100,99963,24,100986,100,99906,100,100987,100,99884,100,101156,100,99859,100,101167,100,99845,100
2019-06-28 09:59:31.766805638,100502,353,100468,153,100661,253,100461,253,100782,100,100303,100,100826,100,100259,100,100872,100,100239,100,100874,100,99906,100,100986,100,99884,100,100987,100,99859,100,101156,100,99845,100,101167,100,99826,100
2019-06-28 09:59:33.687282181,100502,353,100468,153,100661,253,100461,253,100782,100,100303,100,100826,100,100259,100,100872,100,100239,100,100874,100,99906,100,100986,100,99884,100,100987,100,99859,100,101156,100,99845,100,101167,100,99826,100
2019-06-28 09:59:40.000000000,100502,506,100461,406,100661,100,100303,100,100782,100,100259,100,100826,100,100239,100,100872,100,99906,100,100874,100,99884,100,100986,100,99859,100,100987,100,99845,100,101156,100,99826,100,101167,100,99753,100
2019-06-28 09:59:43.266298756,100502,506,100461,306,100661,100,100303,100,100782,100,100259,100,100826,100,100239,100,100872,100,99906,100,100874,100,99884,100,100986,100,99859,100,100987,100,99845,100,101156,100,99826,100,101167,100,99753,100
2019-06-28 09:59:50.000000000,100502,506,100303,406,100661,100,100259,100,100782,100,100239,100,100826,100,99906,100,100872,100,99884,100,100874,100,99859,100,100986,100,99845,100,100987,100,99826,100,101156,100,99753,100,101167,100,99686,100
2019-06-28 09:59:59.264046315,100502,506,100303,406,100661,100,100259,100,100782,100,100239,100,100826,100,99906,100,100872,100,99884,100,100874,100,99859,100,100986,100,99845,100,100987,100,99826,100,101156,100,99753,100,101167,100,99686,100
2019-06-28 10:00:00.000000000,100502,304,100303,204,100661,201,100259,201,100782,201,100239,201,100826,100,99906,100,100872,100,99884,100,100874,100,99859,100,100986,100,99845,100,100987,100,99826,100,101156,100,99753,100,101167,100,99686,100
2019-06-28 10:00:10.000000000,100502,261,100303,161,100661,161,100259,161,100782,161,100239,161,100826,161,99906,161,100872,161,99884,161,100874,100,99859,100,100986,100,99845,100,100987,100,99826,100,101156,100,99753,100,101167,100,99686,100
2019-06-28 10:00:20.000000000,100502,304,100303,204,100661,201,100259,201,100782,201,100239,201,100826,100,99906,100,100872,100,99884,100,100874,100,99859,100,100986,100,99845,100,100987,100,99826,100,101156,100,99753,100,101167,100,99686,100
2019-06-28 10:00:20.405230480,100468,100,100303,204,100502,304,100259,201,100661,201,100239,201,100782,201,99906,100,100826,100,99884,100,100872,100,99859,100,100874,100,99845,100,100986,100,99826,100,100987,100,99753,100,101156,100,99686,100
2019-06-28 10:00:27.393369358,100468,100,100303,104,100502,304,100259,201,100661,201,100239,201,100782,201,99906,100,100826,100,99884,100,100872,100,99859,100,100874,100,99845,100,100986,100,99826,100,100987,100,99753,100,101156,100,99686,100
2019-06-28 10:00:27.501935247,100461,100,100303,104,100468,100,100259,201,100502,304,100239,201,100661,201,99906,100,100782,201,99884,100,100826,100,99859,100,100872,100,99845,100,100874,100,99826,100,100986,100,99753,100,100987,100,99686,100
2019-06-28 10:00:29.411454633,100461,200,100303,104,100468,100,100259,201,100502,304,100239,201,100661,201,99906,100,100782,201,99884,100,100826,100,99859,100,100872,100,99845,100,100874,100,99826,100,100986,100,99753,100,100987,100,99686,100
2019-06-28 10:00:30.000000000,100461,506,100259,406,100468,100,100239,100,100502,200,99906,100,100661,100,99884,100,100782,100,99859,100,100826,100,99845,100,100872,100,99826,100,100874,100,99753,100,100986,100,99686,100,100987,100,99552,100
2019-06-28 10:00:33.334759143,100461,506,100259,406,100468,100,100239,100,100502,200,99906,100,100661,100,99884,100,100782,100,99859,100,100826,100,99845,100,100872,100,99826,100,100874,100,99753,100,100986,100,99676,100,100987,100,99552,100
2019-06-28 10:00:40.000000000,100461,304,100259,204,100468,201,100239,201,100502,301,99906,201,100661,100,99884,100,100782,100,99859,100,100826,100,99845,100,100872,100,99826,100,100874,100,99753,100,100986,100,99676,100,100987,100,99552,100
2019-06-28 10:00:45.283668347,100461,304,100259,104,100468,201,100239,201,100502,301,99906,201,100661,100,99884,100,100782,100,99859,100,100826,100,99845,100,100872,100,99826,100,100874,100,99753,100,100986,100,99676,100,100987,100,99552,100
2019-06-28 10:00:45.476769886,100461,304,100259,4,100468,201,100239,201,100502,301,99906,201,100782,100,99884,100,100826,100,99859,100,100872,100,99845,100,100874,100,99826,100,100986,100,99753,100,100987,100,99676,100,101156,100,99552,100
2019-06-28 10:00:50.000000000,100461,276,100239,176,100468,176,99906,176,100502,276,99884,176,100782,176,99859,176,100826,100,99845,100,100872,100,99826,100,100874,100,99753,100,100986,100,99676,100,100987,100,99552,100,101156,100,99526,100
2019-06-28 10:00:50.280969055,100461,276,100239,76,100468,176,99906,176,100502,276,99884,176,100782,176,99859,176,100826,100,99845,100,100872,100,99826,100,100874,100,99753,100,100986,100,99676,100,100987,100,99552,100,101156,100,99526,100
2019-06-28 10:00:52.880841575,100239,24,99906,176,100461,276,99884,176,100468,176,99859,176,100502,276,99845,100,100782,176,99826,100,100826,100,99753,100,100872,100,99676,100,100874,100,99552,100,100986,100,99526,100,100987,100,99466,100
2019-06-28 10:01:00.000000000,100239,100,99906,176,100461,276,99884,176,100468,176,99859,176,100502,276,99845,176,100782,100,99826,100,100826,100,99753,100,100872,100,99676,100,100874,100,99552,100,100986,100,99526,100,100987,100,99466,100
2019-06-28 10:01:03.032724464,100239,100,99906,76,100461,276,99884,176,100468,176,99859,176,100502,276,99845,176,100782,100,99826,100,100826,100,99753,100,100872,100,99676,100,100874,100,99552,100,100986,100,99526,100,100987,100,99466,100
2019-06-28 10:01:10.000000000,100239,177,99884,253,100461,353,99859,253,100468,100,99845,100,100502,200,99826,100,100782,100,99753,100,100826,100,99676,100,100872,100,99552,100,100874,100,99526,100,100986,100,99466,100,100987,100,99409,100
2019-06-28 10:01:11.999564886,100239,177,99884,253,100461,353,99859,153,100468,100,99845,100,100502,200,99826,100,100782,100,99753,100,100826,100,99676,100,100872,100,99552,100,100874,100,99526,100,100986,100,99466,100,100987,100,99409,100
2019-06-28 10:01:20.000000000,100239,128,99884,204,100461,301,99845,201,100468,201,99826,201,100502,200,99753,100,100782,100,99676,100,100826,100,99552,100,100872,100,99526,100,100874,100,99466,100,100986,100,99409,100,100987,100,99289,100
2019-06-28 10:01:23.025215393,100239,128,99884,104,100461,301,99845,201,100468,201,99826,101,100502,200,99753,100,100782,100,99676,100,100826,100,99552,100,100872,100,99526,100,100874,100,99466,100,100986,100,99409,100,100987,100,99289,100
2019-06-28 10:01:30.000000000,100239,128,99845,204,100461,301,99753,201,100468,201,99676,201,100502,200,99552,100,100782,100,99526,100,100826,100,99466,100,100872,100,99409,100,100874,100,99289,100,100986,100,99231,100,100987,100,,
2019-06-28 10:01:37.394843414,100239,128,99845,104,100461,301,99753,201,100468,201,99676,201,100502,200,99552,100,100782,100,99526,100,100826,100,99466,100,100872,100,99409,100,100874,100,99289,100,100986,100,99231,100,100987,100,,
2019-06-28 10:01:40.000000000,100239,330,99753,406,100461,200,99676,100,100468,100,99552,100,100502,200,99526,100,100782,100,99466,100,100826,100,99409,100,100872,100,99289,100,100874,100,99231,100,100986,100,,,100987,100,,
2019-06-28 10:01:50.000000000,100239,177,99753,253,100461,353,99676,253,100468,100,99552,100,100502,200,99526,100,100782,100,99466,100,100826,100,99409,100,100872,100,99289,100,100874,100,99231,100,100986,100,,,100987,100,,
2019-06-28 10:02:00.000000000,100239,177,99753,253,100461,353,99676,253,100468,100,99552,100,100502,200,99526,100,100782,100,99466,100,100826,100,99409,100,100872,100,99289,100,100874,100,99231,100,100986,100,,,100987,100,,
2019-06-28 10:02:10.000000000,100239,177,99753,253,100461,353,99676,253,100468,100,99552,100,100502,200,99526,100,100782,100,99466,100,100826,100,99409,100,100872,100,99289,100,100874,100,99231,100,100986,100,,,100987,100,,
2019-06-28 10:02:12.155796564,100239,177,99753,153,100461,353,99676,253,100468,100,99552,100,100502,200,99526,100,100782,100,99466,100,100826,100,99409,100,100872,100,99289,100,100874,100,99231,100,100986,100,,,100987,100,,
2019-06-28 10:02:19.967303438,100239,177,99753,153,100461,353,99676,253,100468,100,99552,100,100502,200,99526,100,100782,100,99466,100,100826,100,99409,100,100872,100,99289,100,100874,100,99231,100,100986,100,99180,100,100987,100,,
2019-06-28 10:02:20.000000000,100239,128,99676,204,100461,301,99552,201,100468,201,99526,201,100502,200,99466,100,100782,100,99409,100,100826,100,99289,100,100872,100,99231,100,100874,100,99180,100,100986,100,,,100987,100,,
2019-06-28 10:02:30.000000000,100239,177,99676,253,100461,353,99552,253,100468,100,99526,100,100502,200,99466,100,100782,100,99409,100,100826,100,99289,100,100872,100,99231,100,100874,100,99180,100,100986,100,,,100987,100,,
2019-06-28 10:02:40.000000000,100239,100,99676,176,100461,276,99552,176,100468,176,99526,176,100502,276,99466,176,100782,100,99409,100,100826,100,99289,100,100872,100,99231,100,100874,100,99180,100,100986,100,,,100987,100,,
2019-06-28 10:02:46.036223455,99845,100,99676,176,100239,100,99552,176,100461,276,99526,176,100468,176,99466,176,100502,276,99409,100,100782,100,99289,100,100826,100,99231,100,100872,100,99180,100,100874,100,,,100986,100,,
2019-06-28 10:02:50.000000000,99845,253,99676,253,100239,177,99552,253,100461,200,99526,100,100468,100,99466,100,100502,200,99409,100,100782,100,99289,100,100826,100,99231,100,100872,100,99180,100,100874,100,,,100986,100,,
2019-06-28 10:02:59.249399666,99845,253,99676,253,100239,177,99552,253,100461,200,99466,100,100468,100,99409,100,100502,200,99289,100,100782,100,99231,100,100826,100,99180,100,100872,100,99164,100,100874,100,,,100986,100,,
2019-06-28 10:03:00.000000000,99845,253,99676,253,100239,177,99552,253,100461,200,99466,100,100468,100,99409,100,100502,200,99289,100,100782,100,99231,100,100826,100,99180,100,100872,100,99164,100,100874,100,,,100986,100,,
2019-06-28 10:03:00.144073567,99845,253,99676,153,100239,177,99552,253,100461,200,99466,100,100468,100,99409,100,100502,200,99289,100,100782,100,99231,100,100826,100,99180,100,100872,100,99164,100,100874,100,,,100986,100,,
2019-06-28 10:03:10.000000000,99845,253,99552,253,100239,177,99466,253,100461,200,99409,100,100468,100,99289,100,100502,200,99231,100,100782,100,99180,100,100826,100,99164,100,100872,100,,,100874,100,,,100986,100,,
2019-06-28 10:03:17.670877105,99845,253,99552,253,100239,177,99466,253,100461,200,99409,100,100468,100,99289,100,100502,200,99231,100,100782,100,99226,100,100826,100,99180,100,100872,100,99164,100,100874,100,,,100986,100,,
2019-06-28 10:03:17.847533796,99753,100,99552,253,99845,253,99466,253,100239,177,99409,100,100461,200,99289,100,100468,100,99231,100,100502,200,99226,100,100782,100,99180,100,100826,100,99164,100,100872,100,,,100874,100,,
2019-06-28 10:03:20.000000000,99753,161,99552,161,99845,161,99466,161,100239,85,99409,161,100461,261,99289,161,100468,161,99231,161,100502,200,99226,100,100782,100,99180,100,100826,100,99164,100,100872,100,,,100874,100,,
2019-06-28 10:03:30.000000000,99753,176,99552,176,99845,176,99466,176,100239,100,99409,176,100461,276,99289,176,100468,100,99231,100,100502,200,99226,100,100782,100,99180,100,100826,100,99164,100,100872,100,,,100874,100,,
2019-06-28 10:03:32.674074843,99753,276,99552,176,99845,176,99466,176,100239,100,99409,176,100461,276,99289,176,100468,100,99231,100,100502,200,99226,100,100782,100,99180,100,100826,100,99164,100,100872,100,,,100874,100,,
2019-06-28 10:03:36.008161994,99753,276,99552,176,99845,176,99513,100,100239,100,99466,176,100461,276,99409,176,100468,100,99289,176,100502,200,99231,100,100782,100,99226,100,100826,100,99180,100,100872,100,99164,100,100874,100,,
2019-06-28 10:03:40.000000000,99753,353,99552,253,99845,253,99513,253,100239,24,99466,100,100461,200,99409,100,100468,100,99289,100,100502,200,99231,100,100782,100,99226,100,100826,100,99180,100,100872,100,99164,100,100874,100,,
2019-06-28 10:03:40.132579115,99633,100,99552,253,99753,353,99513,253,99845,253,99466,100,100239,24,99409,100,100461,200,99289,100,100468,100,99226,100,100502,200,99180,100,100782,100,99164,100,100826,100,,,100872,100,,
2019-06-28 10:03:42.688559625,99633,100,99552,253,99753,453,99513,253,99845,253,99466,100,100239,24,99409,100,100461,200,99289,100,100468,100,99226,100,100502,200,99180,100,100782,100,99164,100,100826,100,,,100872,100,,
2019-06-28 10:03:50.000000000,99633,161,99552,161,99753,361,99513,161,99845,161,99466,161,100239,85,99409,161,100461,261,99289,161,100468,100,99226,100,100502,200,99180,100,100782,100,99164,100,100826,100,,,100872,100,,
2019-06-28 10:03:50.857257412,99633,161,99552,161,99753,361,99513,161,99845,161,99466,161,100239,85,99409,161,100461,261,99289,161,100468,100,99226,100,100502,200,99180,100,100782,100,99164,100,100826,100,99162,100,100872,100,,
2019-06-28 10:03:57.067540444,99633,161,99552,161,99753,361,99513,161,99845,161,99466,161,100239,85,99409,161,100461,261,99314,100,100468,100,99289,161,100502,200,99226,100,100782,100,99180,100,100826,100,99164,100,100872,100,99162,100
2019-06-28 10:04:00.000000000,99633,176,99552,176,99753,376,99513,176,99845,176,99466,176,100239,100,99409,176,100461,200,99314,100,100468,100,99289,100,100502,200,99226,100,100782,100,99180,100,100826,100,99164,100,100872,100,99162,100
2019-06-28 10:04:07.626188872,99633,176,99552,176,99753,376,99513,176,99845,176,99466,176,100239,100,99409,176,100461,200,99314,100,100468,100,99307,100,100502,200,99289,100,100782,100,99226,100,100826,100,99164,100,100872,100,99162,100
2019-06-28 10:04:10.000000000,99633,161,99552,161,99753,361,99513,161,99845,161,99466,161,100239,85,99409,161,100461,261,99314,161,100468,100,99307,100,100502,200,99289,100,100782,100,99226,100,100826,100,99164,100,100872,100,99162,100
2019-06-28 10:04:11.822365491,99633,61,99552,161,99753,361,99513,161,99845,161,99466,161,100239,85,99409,161,100461,261,99314,161,100468,100,99307,100,100502,200,99289,100,100782,100,99226,100,100826,100,99164,100,100872,100,99162,100
2019-06-28 10:04:20.000000000,99753,606,99552,406,99845,100,99513,100,100239,24,99466,100,100461,200,99409,100,100468,100,99314,100,100502,200,99307,100,100782,100,99289,100,100826,100,99226,100,100872,100,99164,100,100874,100,99162,100
2019-06-28 10:04:27.318226210,99753,606,99552,406,99845,100,99513,100,100239,24,99466,100,100461,200,99409,100,100468,100,99320,100,100502,200,99314,100,100782,100,99307,100,100826,100,99289,100,100872,100,99226,100,100874,100,99164,100
2019-06-28 10:04:30.000000000,99753,606,99552,406,99845,100,99513,100,100239,24,99466,100,100461,200,99409,100,100468,100,99320,100,100502,200,99314,100,100782,100,99307,100,100826,100,99289,100,100872,100,99226,100,100874,100,99164,100
2019-06-28 10:04:40.000000000,99753,376,99552,176,99845,176,99513,176,100239,100,99466,176,100461,276,99409,176,100468,100,99320,100,100502,200,99314,100,100782,100,99307,100,100826,100,99289,100,100872,100,99226,100,100874,100,99164,100
2019-06-28 10:04:50.000000000,99753,453,99552,253,99845,253,99513,253,100239,24,99466,100,100461,200,99409,100,100468,100,99320,100,100502,200,99314,100,100782,100,99307,100,100826,100,99289,100,100872,100,99226,100,100874,100,99164,100
2019-06-28 10:04:51.731663789,99632,100,99552,253,99753,453,99513,253,99845,253,99466,100,100239,24,99409,100,100461,200,99320,100,100468,100,99314,100,100502,100,99307,100,100782,100,99289,100,100826,100,99226,100,100872,100,99164,100
2019-06-28 10:05:00.000000000,99632,253,99552,253,99753,453,99513,253,99845,100,99466,100,100239,24,99409,100,100461,200,99320,100,100468,100,99314,100,100502,100,99307,100,100782,100,99289,100,100826,100,99226,100,100872,100,99164,100
2019-06-28 10:05:02.419082875,99632,253,99552,253,99660,100,99513,253,99753,453,99466,100,99845,100,99409,100,100239,24,99320,100,100461,200,99314,100,100468,100,99307,100,100502,100,99289,100,100782,100,99226,100,100826,100,99164,100
2019-06-28 10:05:10.000000000,99632,204,99552,204,99660,201,99513,201,99753,401,99466,201,99845,100,99409,100,100239,24,99320,100,100461,200,99314,100,100468,100,99307,100,100502,100,99289,100,100782,100,99226,100,100826,100,99164,100
2019-06-28 10:05:20.000000000,99632,204,99552,204,99660,201,99513,201,99753,401,99466,201,99845,100,99409,100,100239,24,99320,100,100461,200,99314,100,100468,100,99307,100,100502,100,99289,100,100782,100,99226,100,100826,100,99164,100
2019-06-28 10:05:30.000000000,99632,253,99552,253,99660,253,99513,253,99753,300,99466,100,99845,100,99409,100,100239,24,99320,100,100461,200,99314,100,100468,100,99307,100,100502,100,99289,100,100782,100,99226,100,100826,100,99164,100
2019-06-28 10:05:34.701353379,99632,253,99552,253,99660,253,99513,253,99753,300,99444,100,99845,100,99409,100,100239,24,99320,100,100461,200,99314,100,100468,100,99307,100,100502,100,99289,100,100782,100,99226,100,100826,100,99164,100
2019-06-28 10:05:40.000000000,99632,253,99552,253,99660,253,99513,253,99753,300,99444,100,99845,100,99409,100,100239,24,99320,100,100461,200,99314,100,100468,100,99307,100,100502,100,99289,100,100782,100,99226,100,100826,100,99164,100
2019-06-28 10:05:47.310337136,99632,253,99552,153,99660,253,99513,253,99753,300,99444,100,99845,100,99409,100,100239,24,99320,100,100461,200,99314,100,100468,100,99307,100,100502,100,99289,100,100782,100,99226,100,100826,100,99164,100
2019-06-28 10:05:50.000000000,99632,176,99513,176,99660,176,99444,176,99753,376,99409,176,99845,176,99320,176,100239,24,99314,100,100461,200,99307,100,100468,100,99289,100,100502,100,99226,100,100782,100,99164,100,100826,100,99162,100
2019-06-28 10:06:00.000000000,99632,204,99513,204,99660,201,99444,201,99753,401,99409,201,99845,100,99320,100,100239,24,99314,100,100461,200,99307,100,100468,100,99289,100,100502,100,99226,100,100782,100,99164,100,100826,100,99162,100
2019-06-28 10:06:01.953177036,99632,204,99513,204,99660,201,99444,201,99753,401,99409,201,99845,100,99320,100,100239,24,99314,100,100461,200,99307,100,100468,100,99289,100,100502,100,99226,100,100782,100,99186,100,100826,100,99164,100
2019-06-28 10:06:10.000000000,99632,176,99513,176,99660,176,99444,176,99753,376,99409,176,99845,176,99320,176,100239,24,99314,100,100461,200,99307,100,100468,100,99289,100,100502,100,99226,100,100782,100,99186,100,100826,100,99164,100
2019-06-28 10:06:20.000000000,99632,161,99513,161,99660,161,99444,161,99753,361,99409,161,99845,161,99320,161,100239,85,99314,161,100461,200,99307,100,100468,100,99289,100,100502,100,99226,100,100782,100,99186,100,100826,100,99164,100
2019-06-28 10:06:30.000000000,99632,176,99513,176,99660,176,99444,176,99753,376,99409,176,99845,176,99320,176,100239,24,99314,100,100461,200,99307,100,100468,100,99289,100,100502,100,99226,100,100782,100,99186,100,100826,100,99164,100
2019-06-28 10:06:40.000000000,99632,176,99513,176,99660,176,99444,176,99753,376,99409,176,99845,176,99320,176,100239,24,99314,100,100461,200,99307,100,100468,100,99289,100,100502,100,99226,100,100782,100,99186,100,100826,100,99164,100
2019-06-28 10:06:45.079459240,99632,176,99513,176,99660,176,99503,100,99753,376,99444,176,99845,176,99409,176,100239,24,99320,176,100461,200,99314,100,100468,100,99307,100,100502,100,99289,100,100782,100,99226,100,100826,100,99186,100
2019-06-28 10:06:50.000000000,99632,161,99513,161,99660,161,99503,161,99753,361,99444,161,99845,161,99409,161,100239,85,99320,161,100461,200,99314,100,100468,100,99307,100,100502,100,99289,100,100782,100,99226,100,100826,100,99186,100
2019-06-28 10:06:54.969614330,99632,161,99513,61,99660,161,99503,161,99753,361,99444,161,99845,161,99409,161,100239,85,99320,161,100461,200,99314,100,100468,100,99307,100,100502,100,99289,100,100782,100,99226,100,100826,100,99186,100
2019-06-28 10:06:55.549501588,99513,39,99503,161,99632,161,99444,161,99660,161,99409,161,99753,361,99320,161,99845,161,99314,100,100239,85,99307,100,100461,200,99289,100,100468,100,99226,100,100502,100,99186,100,100782,100,99164,100
