,ask_price_1,ask_size_1,bid_price_1,bid_size_1,ask_price_2,ask_size_2,bid_price_2,bid_size_2,ask_price_3,ask_size_3,bid_price_3,bid_size_3,ask_price_4,ask_size_4,bid_price_4,bid_size_4,ask_price_5,ask_size_5,bid_price_5,bid_size_5,ask_price_6,ask_size_6,bid_price_6,bid_size_6,ask_price_7,ask_size_7,bid_price_7,bid_size_7,ask_price_8,ask_size_8,bid_price_8,bid_size_8,ask_price_9,ask_size_9,bid_price_9,bid_size_9,ask_price_10,ask_size_10,bid_price_10,bid_size_10
2019-06-28 09:30:00.000000001,,,99920,100,,,,,,,,,,,,,,,,,,,,,,,,,,,,,,,,,,,,
2019-06-28 09:30:00.000000007,,,99920,100,,,99860,100,,,,,,,,,,,,,,,,,,,,,,,,,,,,,,,,
2019-06-28 09:30:00.000000010,,,99926,100,,,99920,100,,,99860,100,,,,,,,,,,,,,,,,,,,,,,,,,,,,
2019-06-28 09:30:00.000000016,99983,100,99926,100,,,99920,100,,,99860,100,,,,,,,,,,,,,,,,,,,,,,,,,,,,
2019-06-28 09:30:00.000000017,99983,100,99926,100,,,99920,100,,,99860,100,,,99779,100,,,,,,,,,,,,,,,,,,,,,,,,
2019-06-28 09:30:00.000000018,99983,100,99926,100,100058,100,99920,100,,,99860,100,,,99779,100,,,,,,,,,,,,,,,,,,,,,,,,
2019-06-28 09:30:00.000000020,99983,100,99926,100,100024,100,99920,100,100058,100,99860,100,,,99779,100,,,,,,,,,,,,,,,,,,,,,,,,
2019-06-28 09:30:00.000000025,99983,100,99926,100,100019,100,99920,100,100024,100,99860,100,100058,100,99833,100,,,99779,100,,,,,,,,,,,,,,,,,,,,
2019-06-28 09:30:00.000000028,99983,100,99926,100,100019,100,99920,100,100024,100,99860,100,100031,100,99833,100,100058,100,99779,100,,,,,,,,,,,,,,,,,,,,
2019-06-28 09:30:00.000000029,99983,100,99926,100,100019,100,99920,100,100024,100,99860,100,100031,100,99841,100,100058,100,99833,100,100123,100,99779,100,,,,,,,,,,,,,,,,
2019-06-28 09:30:00.000000032,99983,100,99926,100,100019,100,99920,100,100024,100,99860,100,100031,100,99841,100,100058,100,99833,100,100094,100,99779,100,100123,100,,,,,,,,,,,,,,
2019-06-28 09:30:00.000000033,99983,100,99926,100,100019,100,99920,100,100024,100,99860,100,100031,100,99841,100,100058,100,99833,100,100094,100,99779,100,100103,100,,,100123,100,,,,,,,,,,
2019-06-28 09:30:00.000000034,100019,100,99926,100,100024,100,99920,100,100031,100,99860,100,100058,100,99841,100,100094,100,99833,100,100103,100,99779,100,100123,100,,,,,,,,,,,,,,
2019-06-28 09:30:00.000000035,99980,100,99926,100,100019,100,99920,100,100024,100,99860,100,100031,100,99841,100,100058,100,99833,100,100094,100,99779,100,100097,100,,,100103,100,,,100123,100,,,,,,
2019-06-28 09:30:00.000000036,99980,100,99926,100,100019,100,99920,100,100024,100,99860,100,100031,100,99841,100,100058,100,99833,100,100061,100,99779,100,100094,100,,,100097,100,,,100103,100,,,100123,100,,
2019-06-28 09:30:00.000000038,100019,100,99941,100,100023,100,99926,100,100024,100,99920,100,100031,100,99860,100,100058,100,99841,100,100061,100,99833,100,100094,100,99779,100,100097,100,,,100103,100,,,100123,100,,
2019-06-28 09:30:00.000000039,100019,100,99941,100,100023,100,99926,100,100024,100,99920,100,100031,100,99860,100,100058,100,99844,100,100061,100,99841,100,100094,100,99833,100,100097,100,99779,100,100103,100,,,100123,100,,
2019-06-28 09:30:00.000000040,100019,100,99980,100,100023,100,99941,100,100024,100,99926,100,100031,100,99920,100,100058,100,99860,100,100061,100,99844,100,100094,100,99841,100,100097,100,99833,100,100103,100,99779,100,100123,100,,
2019-06-28 09:30:00.000000043,100019,100,99980,100,100023,100,99941,200,100024,100,99926,100,100031,100,99920,100,100058,100,99860,100,100061,100,99844,100,100094,100,99841,100,100097,100,99833,100,100103,100,99779,100,100123,100,,
2019-06-28 09:30:00.000000046,100019,100,99941,200,100023,100,99926,100,100024,100,99920,100,100031,100,99860,100,100058,100,99844,100,100061,100,99841,100,100094,100,99833,100,100097,100,99779,100,100103,100,,,100123,100,,
2019-06-28 09:30:00.000000053,99964,100,99941,200,100019,100,99926,100,100023,100,99920,100,100024,100,99860,100,100031,100,99844,100,100058,100,99841,100,100061,100,99833,100,100094,100,99779,100,100097,100,,,100103,100,,
2019-06-28 09:30:00.000000054,99964,100,99941,200,100019,100,99926,100,100023,100,99920,100,100024,100,99860,100,100031,100,99844,100,100058,100,99841,100,100061,100,99833,100,100094,100,99779,100,100097,100,,,100103,100,,
2019-06-28 09:30:00.000000056,100019,100,99941,200,100023,100,99926,100,100024,100,99920,100,100031,100,99860,100,100058,100,99844,100,100061,100,99841,100,100094,100,99833,100,100097,100,99779,100,100103,100,,,100123,100,,
2019-06-28 09:30:00.000000057,100019,100,99941,100,100023,100,99926,100,100024,100,99920,100,100031,100,99860,100,100058,100,99844,100,100060,100,99841,100,100061,100,99833,100,100094,100,99779,100,100097,100,,,100103,100,,
2019-06-28 09:30:00.000000058,99980,100,99941,100,100019,100,99926,100,100023,100,99920,100,100024,100,99860,100,100031,100,99844,100,100058,100,99841,100,100060,100,99833,100,100061,100,99779,100,100065,100,,,100094,100,,
2019-06-28 09:30:00.000000059,100023,100,99941,100,100024,100,99926,100,100031,100,99920,100,100052,100,99860,100,100058,100,99844,100,100060,100,99841,100,100061,100,99833,100,100065,100,99779,100,100094,100,,,100097,100,,
2019-06-28 09:30:00.000000060,100023,100,99941,100,100024,100,99926,100,100031,100,99920,100,100052,100,99882,100,100058,100,99860,100,100060,100,99844,100,100061,100,99841,100,100065,100,99833,100,100094,100,99779,100,100097,100,,
2019-06-28 09:30:00.000000062,100023,100,99980,100,100024,100,99941,100,100031,100,99926,100,100052,100,99920,100,100058,100,99892,100,100060,100,99882,100,100061,100,99860,100,100065,100,99844,100,100094,100,99841,100,100097,100,99833,100
2019-06-28 09:30:00.000000063,100023,100,99980,100,100024,100,99941,100,100031,100,99926,100,100052,100,99920,100,100058,100,99909,100,100060,100,99892,100,100061,100,99882,100,100065,100,99860,100,100094,100,99844,100,100097,100,99841,100
2019-06-28 09:30:00.000000064,100005,100,99980,100,100023,100,99941,100,100024,100,99926,100,100031,100,99920,100,100052,100,99914,100,100058,100,99909,100,100060,100,99892,100,100061,100,99882,100,100065,100,99860,100,100094,100,99844,100
2019-06-28 09:30:00.000000065,100005,100,99941,100,100023,100,99926,100,100024,100,99920,100,100031,100,99914,100,100052,100,99909,100,100058,100,99892,100,100060,100,99882,100,100061,100,99860,100,100065,100,99844,100,100094,100,99841,100
2019-06-28 09:30:00.000000069,100004,100,99941,100,100005,100,99926,100,100023,100,99920,100,100024,100,99914,100,100031,100,99909,100,100052,100,99892,100,100058,100,99882,100,100060,100,99860,100,100061,100,99844,100,100065,100,99841,100
2019-06-28 09:30:00.000000070,100004,100,99941,100,100005,100,99926,100,100023,100,99920,100,100024,100,99914,100,100031,100,99909,100,100052,100,99892,100,100058,100,99882,100,100060,100,99860,100,100061,100,99844,100,100065,100,99841,100
2019-06-28 09:30:00.000000072,100005,100,99941,100,100023,100,99926,100,100024,100,99920,100,100031,100,99914,100,100052,100,99909,100,100058,100,99892,100,100060,100,99882,100,100061,100,99860,100,100063,100,99844,100,100065,100,99841,100
2019-06-28 09:30:00.000000073,99971,100,99941,100,100005,100,99926,100,100023,100,99920,100,100024,100,99914,100,100031,100,99909,100,100052,100,99892,100,100058,100,99882,100,100060,100,99860,100,100061,100,99844,100,100063,100,99841,100
2019-06-28 09:30:00.000000080,99971,100,99941,100,100005,100,99926,100,100023,100,99920,100,100024,100,99914,100,100031,100,99909,100,100052,100,99892,100,100058,100,99882,100,100060,100,99860,100,100061,100,99844,100,100063,100,99841,100
2019-06-28 09:30:00.000000083,99971,100,99941,100,100004,100,99926,100,100005,100,99920,100,100023,100,99914,100,100024,100,99909,100,100031,100,99892,100,100052,100,99882,100,100058,100,99860,100,100060,100,99844,100,100061,100,99841,100
2019-06-28 09:30:00.000000084,99971,100,99941,100,99972,100,99926,100,100004,100,99920,100,100005,100,99914,100,100023,100,99909,100,100024,100,99892,100,100031,100,99882,100,100052,100,99860,100,100058,100,99844,100,100060,100,99841,100
2019-06-28 09:30:00.000000086,99972,100,99941,200,100004,100,99926,100,100005,100,99920,100,100023,100,99914,100,100024,100,99909,100,100031,100,99892,100,100052,100,99882,100,100058,100,99860,100,100060,100,99844,100,100061,100,99841,100
2019-06-28 09:30:00.000000087,99972,100,99941,200,100004,100,99926,100,100005,100,99920,100,100023,100,99914,100,100024,100,99909,100,100031,100,99892,100,100052,100,99882,100,100058,100,99860,100,100060,100,99844,100,100061,100,99841,100
2019-06-28 09:30:00.000000088,99972,100,99941,200,100004,100,99926,100,100005,100,99920,100,100023,100,99914,100,100024,100,99909,100,100031,100,99892,100,100052,100,99882,100,100058,100,99860,100,100060,100,99844,100,100061,100,99841,100
2019-06-28 09:30:00.000000089,99972,100,99941,200,100004,100,99926,100,100005,100,99920,100,100023,100,99914,100,100024,100,99909,100,100031,100,99892,100,100052,100,99882,100,100058,100,99860,100,100060,100,99844,100,100061,100,99841,100
2019-06-28 09:30:00.000000090,99972,100,99971,100,100004,100,99954,100,100005,100,99941,200,100023,100,99926,100,100024,100,99920,100,100031,100,99914,100,100052,100,99909,100,100058,100,99892,100,100060,100,99882,100,100061,100,99860,100
2019-06-28 09:30:00.000000095,99993,100,99971,100,100004,100,99954,100,100005,100,99941,200,100023,100,99926,100,100024,100,99920,100,100031,100,99914,100,100052,100,99909,100,100058,100,99892,100,100060,100,99882,100,100061,100,99860,100
2019-06-28 09:30:00.000000098,99993,100,99972,100,100004,100,99971,100,100005,100,99954,100,100023,100,99941,200,100024,100,99926,100,100031,100,99920,100,100052,100,99914,100,100058,100,99909,100,100060,100,99892,100,100061,100,99882,100
2019-06-28 09:30:00.000000099,99985,100,99972,100,99993,100,99971,100,100004,100,99954,100,100005,100,99941,200,100023,100,99926,100,100024,100,99920,100,100031,100,99914,100,100052,100,99909,100,100058,100,99892,100,100060,100,99882,100
2019-06-28 09:30:10.000000000,99985,230,99972,230,99993,226,99971,226,100004,226,99954,226,100005,100,99941,200,100023,100,99926,100,100024,100,99920,100,100031,100,99914,100,100052,100,99909,100,100058,100,99892,100,100060,100,99882,100
2019-06-28 09:30:11.138224694,99985,230,99972,230,99993,226,99971,226,100004,226,99954,226,100005,100,99941,200,100023,100,99926,100,100024,100,99920,100,100031,100,99914,100,100052,100,99909,100,100058,100,99892,100,100060,100,99882,100
2019-06-28 09:30:19.477415510,99985,130,99972,230,99993,226,99971,226,100004,226,99954,226,100005,100,99941,200,100023,100,99926,100,100024,100,99920,100,100031,100,99914,100,100052,100,99909,100,100058,100,99892,100,100060,100,99882,100
2019-06-28 09:30:20.000000000,99993,196,99972,196,100004,196,99971,196,100005,196,99954,196,100023,196,99941,296,100024,100,99926,100,100031,100,99920,100,100052,100,99914,100,100058,100,99909,100,100060,100,99892,100,100061,100,99882,100
2019-06-28 09:30:23.462180595,99993,96,99972,196,100004,196,99971,196,100005,196,99954,196,100023,196,99941,296,100024,100,99926,100,100031,100,99920,100,100052,100,99914,100,100058,100,99892,100,100060,100,99882,100,100061,100,99860,100
2019-06-28 09:30:30.000000000,100004,176,99972,176,100005,176,99971,176,100023,176,99954,176,100024,176,99941,276,100031,176,99926,176,100052,100,99920,100,100058,100,99914,100,100060,100,99892,100,100061,100,99882,100,100063,100,99860,100
2019-06-28 09:30:40.000000000,100004,291,99972,291,100005,291,99971,291,100023,100,99954,100,100024,100,99941,200,100031,100,99926,100,100052,100,99920,100,100058,100,99914,100,100060,100,99892,100,100061,100,99882,100,100063,100,99860,100
2019-06-28 09:30:41.758150051,100004,291,99972,291,100005,291,99971,291,100023,100,99954,100,100024,100,99941,100,100031,100,99926,100,100052,100,99920,100,100058,100,99914,100,100060,100,99892,100,100061,100,99882,100,100063,100,99860,100
2019-06-28 09:30:43.375510085,100004,191,99972,291,100005,291,99971,291,100023,100,99954,100,100024,100,99941,100,100031,100,99920,100,100052,100,99914,100,100058,100,99892,100,100060,100,99882,100,100061,100,99860,100,100063,100,99844,100
2019-06-28 09:30:50.000000000,100005,196,99972,196,100023,196,99971,196,100024,196,99954,196,100031,196,99941,196,100052,100,99920,100,100058,100,99914,100,100060,100,99892,100,100061,100,99882,100,100063,100,99860,100,100091,100,99844,100
2019-06-28 09:31:00.000000000,100005,291,99972,291,100023,291,99971,291,100024,100,99954,100,100031,100,99941,100,100052,100,99920,100,100058,100,99914,100,100060,100,99892,100,100061,100,99882,100,100063,100,99860,100,100091,100,99844,100
2019-06-28 09:31:10.000000000,100005,176,99972,176,100023,176,99971,176,100024,176,99954,176,100031,176,99941,176,100052,176,99920,176,100058,100,99914,100,100060,100,99892,100,100061,100,99882,100,100063,100,99860,100,100091,100,99844,100
2019-06-28 09:31:10.980217265,100005,176,99993,100,100023,176,99972,176,100024,176,99971,176,100031,176,99954,176,100052,176,99941,176,100058,100,99920,176,100060,100,99914,100,100061,100,99892,100,100063,100,99882,100,100091,100,99860,100
2019-06-28 09:31:14.238339948,100005,176,99993,100,100023,176,99972,176,100024,176,99971,176,100031,176,99954,176,100052,176,99941,176,100058,100,99920,176,100060,100,99914,100,100061,100,99892,100,100063,100,99882,100,100091,100,99860,100
2019-06-28 09:31:15.664508873,100005,176,99993,200,100023,176,99972,76,100024,176,99971,176,100031,176,99954,176,100052,176,99941,176,100058,100,99920,176,100060,100,99914,100,100061,100,99892,100,100063,100,99882,100,100091,100,99860,100
2019-06-28 09:31:20.000000000,100005,230,99993,330,100023,226,99971,226,100024,226,99954,226,100031,100,99941,100,100052,100,99920,100,100058,100,99914,100,100060,100,99892,100,100061,100,99882,100,100063,100,99860,100,100091,100,99844,100
2019-06-28 09:31:30.000000000,100005,482,99993,582,100023,100,99971,100,100024,100,99954,100,100031,100,99941,100,100052,100,99920,100,100058,100,99914,100,100060,100,99892,100,100061,100,99882,100,100063,100,99860,100,100091,100,99844,100
2019-06-28 09:31:40.000000000,100005,291,99993,391,100023,291,99971,291,100024,100,99954,100,100031,100,99941,100,100052,100,99920,100,100058,100,99914,100,100060,100,99892,100,100061,100,99882,100,100063,100,99860,100,100091,100,99844,100
2019-06-28 09:31:50.000000000,100005,482,99993,582,100023,100,99971,100,100024,100,99954,100,100031,100,99941,100,100052,100,99920,100,100058,100,99914,100,100060,100,99892,100,100061,100,99882,100,100063,100,99860,100,100091,100,99844,100
2019-06-28 09:32:00.000000000,100005,196,99993,296,100023,196,99971,196,100024,196,99954,196,100031,196,99941,196,100052,100,99920,100,100058,100,99914,100,100060,100,99892,100,100061,100,99882,100,100063,100,99860,100,100091,100,99844,100
2019-06-28 09:32:10.000000000,100005,230,99993,330,100023,226,99971,226,100024,226,99954,226,100031,100,99941,100,100052,100,99920,100,100058,100,99914,100,100060,100,99892,100,100061,100,99882,100,100063,100,99860,100,100091,100,99844,100
2019-06-28 09:32:20.000000000,100005,196,99993,296,100023,196,99971,196,100024,196,99954,196,100031,196,99941,196,100052,100,99920,100,100058,100,99914,100,100060,100,99892,100,100061,100,99882,100,100063,100,99860,100,100091,100,99844,100
2019-06-28 09:32:25.962571902,100005,96,99993,296,100023,196,99971,196,100024,196,99954,196,100031,196,99941,196,100052,100,99920,100,100058,100,99914,100,100060,100,99892,100,100061,100,99882,100,100063,100,99844,100,100091,100,99841,100
2019-06-28 09:32:30.000000000,100023,230,99993,330,100024,226,99971,226,100031,226,99954,226,100052,100,99941,100,100058,100,99920,100,100060,100,99914,100,100061,100,99892,100,100063,100,99882,100,100091,100,99844,100,100094,100,99841,100
2019-06-28 09:32:40.000000000,100023,176,99993,276,100024,176,99971,176,100031,176,99954,176,100052,176,99941,176,100058,176,99920,176,100060,100,99914,100,100061,100,99892,100,100063,100,99882,100,100091,100,99844,100,100094,100,99841,100
2019-06-28 09:32:50.000000000,100023,291,99993,391,100024,291,99971,291,100031,100,99954,100,100052,100,99941,100,100058,100,99920,100,100060,100,99914,100,100061,100,99892,100,100063,100,99882,100,100091,100,99844,100,100094,100,99841,100
2019-06-28 09:32:52.121467576,100023,291,100004,100,100024,291,99993,391,100031,100,99971,291,100052,100,99954,100,100058,100,99941,100,100060,100,99920,100,100061,100,99914,100,100063,100,99892,100,100091,100,99882,100,100094,100,99844,100
2019-06-28 09:33:00.000000000,100023,482,100004,482,100024,100,99993,200,100031,100,99971,100,100052,100,99954,100,100058,100,99941,100,100060,100,99920,100,100061,100,99914,100,100063,100,99892,100,100091,100,99882,100,100094,100,99844,100
2019-06-28 09:33:03.743512808,100023,382,100004,482,100024,100,99993,200,100031,100,99971,100,100052,100,99954,100,100058,100,99941,100,100060,100,99920,100,100061,100,99914,100,100063,100,99892,100,100091,100,99882,100,100094,100,99844,100
2019-06-28 09:33:04.895383860,100023,382,100005,100,100024,100,100004,482,100031,100,99993,200,100052,100,99971,100,100058,100,99954,100,100060,100,99941,100,100061,100,99920,100,100063,100,99914,100,100091,100,99892,100,100094,100,99882,100
2019-06-28 09:33:10.000000000,100024,176,100005,176,100031,176,100004,176,100052,176,99993,276,100058,176,99971,176,100060,176,99954,176,100061,100,99941,100,100063,100,99920,100,100091,100,99914,100,100094,100,99892,100,100097,100,99882,100
2019-06-28 09:33:20.000000000,100024,230,100005,230,100031,226,100004,226,100052,226,99993,326,100058,100,99971,100,100060,100,99954,100,100061,100,99941,100,100063,100,99920,100,100091,100,99914,100,100094,100,99892,100,100097,100,99882,100
2019-06-28 09:33:30.000000000,100024,196,100005,196,100031,196,100004,196,100052,196,99993,296,100058,196,99971,196,100060,100,99954,100,100061,100,99941,100,100063,100,99920,100,100091,100,99914,100,100094,100,99892,100,100097,100,99882,100
2019-06-28 09:33:40.000000000,100024,176,100005,176,100031,176,100004,176,100052,176,99993,276,100058,176,99971,176,100060,176,99954,176,100061,100,99941,100,100063,100,99920,100,100091,100,99914,100,100094,100,99892,100,100097,100,99882,100
2019-06-28 09:33:44.003433779,100024,176,100005,276,100031,176,100004,176,100052,176,99993,276,100058,176,99971,176,100060,176,99954,176,100061,100,99941,100,100063,100,99920,100,100091,100,99914,100,100094,100,99892,100,100097,100,99882,100
2019-06-28 09:33:50.000000000,100024,196,100005,296,100031,196,100004,196,100052,196,99993,296,100058,196,99971,196,100060,100,99954,100,100061,100,99941,100,100063,100,99920,100,100091,100,99914,100,100094,100,99892,100,100097,100,99882,100
2019-06-28 09:33:55.518024755,100024,196,100005,196,100031,196,100004,196,100052,196,99993,296,100058,196,99971,196,100060,100,99954,100,100061,100,99941,100,100063,100,99920,100,100091,100,99914,100,100094,100,99892,100,100097,100,99882,100
2019-06-28 09:34:00.000000000,100024,291,100005,291,100031,291,100004,291,100052,100,99993,200,100058,100,99971,100,100060,100,99954,100,100061,100,99941,100,100063,100,99920,100,100091,100,99914,100,100094,100,99892,100,100097,100,99882,100
2019-06-28 09:34:06.573109612,100024,291,100005,391,100031,291,100004,291,100052,100,99993,200,100058,100,99971,100,100060,100,99954,100,100061,100,99941,100,100063,100,99920,100,100091,100,99914,100,100094,100,99892,100,100097,100,99882,100
2019-06-28 09:34:10.000000000,100024,482,100005,582,100031,100,100004,100,100052,100,99993,200,100058,100,99971,100,100060,100,99954,100,100061,100,99941,100,100063,100,99920,100,100091,100,99914,100,100094,100,99892,100,100097,100,99882,100
2019-06-28 09:34:18.977417154,100024,382,100005,582,100031,100,100004,100,100052,100,99993,200,100058,100,99971,100,100060,100,99954,100,100061,100,99941,100,100063,100,99920,100,100091,100,99914,100,100094,100,99892,100,100097,100,99882,100
2019-06-28 09:34:19.320070198,100024,382,100005,582,100031,100,100004,100,100052,100,99993,200,100058,100,99971,100,100060,100,99954,100,100061,100,99941,100,100063,100,99920,100,100091,100,99914,100,100094,100,99882,100,100097,100,99844,100
2019-06-28 09:34:20.000000000,100031,291,100005,391,100052,291,100004,291,100058,100,99993,200,100060,100,99971,100,100061,100,99954,100,100063,100,99941,100,100091,100,99920,100,100094,100,99914,100,100097,100,99882,100,100103,100,99844,100
2019-06-28 09:34:26.624176500,100031,291,100023,100,100052,291,100005,391,100058,100,100004,291,100060,100,99993,200,100061,100,99971,100,100063,100,99954,100,100091,100,99941,100,100094,100,99920,100,100097,100,99914,100,100103,100,99882,100
2019-06-28 09:34:30.000000000,100031,482,100023,482,100052,100,100005,200,100058,100,100004,100,100060,100,99993,200,100061,100,99971,100,100063,100,99954,100,100091,100,99941,100,100094,100,99920,100,100097,100,99914,100,100103,100,99882,100
2019-06-28 09:34:40.000000000,100031,291,100023,291,100052,291,100005,391,100058,100,100004,100,100060,100,99993,200,100061,100,99971,100,100063,100,99954,100,100091,100,99941,100,100094,100,99920,100,100097,100,99914,100,100103,100,99882,100
2019-06-28 09:34:50.000000000,100031,176,100023,176,100052,176,100005,276,100058,176,100004,176,100060,176,99993,276,100061,176,99971,176,100063,100,99954,100,100091,100,99941,100,100094,100,99920,100,100097,100,99914,100,100103,100,99882,100
2019-06-28 09:35:00.000000000,100031,230,100023,230,100052,226,100005,326,100058,226,100004,226,100060,100,99993,200,100061,100,99971,100,100063,100,99954,100,100091,100,99941,100,100094,100,99920,100,100097,100,99914,100,100103,100,99882,100
2019-06-28 09:35:02.944506124,100031,230,100023,230,100052,226,100005,326,100058,226,100004,226,100060,100,99993,200,100061,100,99971,100,100063,100,99954,100,100091,100,99941,100,100094,100,99920,100,100103,100,99914,100,100114,100,99882,100
2019-06-28 09:35:10.000000000,100031,230,100023,230,100052,226,100005,326,100058,226,100004,226,100060,100,99993,200,100061,100,99971,100,100063,100,99954,100,100091,100,99941,100,100094,100,99920,100,100103,100,99914,100,100114,100,99882,100
2019-06-28 09:35:18.571241219,100031,230,100023,130,100052,226,100005,326,100058,226,100004,226,100060,100,99993,200,100061,100,99971,100,100063,100,99954,100,100091,100,99941,100,100094,100,99920,100,100103,100,99914,100,100114,100,99882,100
2019-06-28 09:35:20.000000000,100031,291,100005,391,100052,291,100004,291,100058,100,99993,200,100060,100,99971,100,100061,100,99954,100,100063,100,99941,100,100091,100,99920,100,100094,100,99914,100,100103,100,99882,100,100114,100,99844,100
2019-06-28 09:35:20.147493229,100031,291,100005,391,100052,291,100004,291,100058,100,99993,200,100060,100,99971,100,100061,100,99954,100,100063,100,99941,100,100091,100,99920,100,100094,100,99914,100,100103,100,99882,100,100114,100,99850,100
2019-06-28 09:35:30.000000000,100031,176,100005,276,100052,176,100004,176,100058,176,99993,276,100060,176,99971,176,100061,176,99954,176,100063,100,99941,100,100091,100,99920,100,100094,100,99914,100,100103,100,99882,100,100114,100,99850,100
2019-06-28 09:35:39.190978052,100031,176,100005,176,100052,176,100004,176,100058,176,99993,276,100060,176,99971,176,100061,176,99954,176,100063,100,99941,100,100091,100,99920,100,100094,100,99914,100,100103,100,99882,100,100114,100,99850,100
2019-06-28 09:35:40.000000000,100031,176,100005,176,100052,176,100004,176,100058,176,99993,276,100060,176,99971,176,100061,176,99954,176,100063,100,99941,100,100091,100,99920,100,100094,100,99914,100,100103,100,99882,100,100114,100,99850,100
2019-06-28 09:35:48.097368884,100031,176,100005,76,100052,176,100004,176,100058,176,99993,276,100060,176,99971,176,100061,176,99954,176,100063,100,99941,100,100091,100,99920,100,100094,100,99914,100,100103,100,99882,100,100114,100,99850,100
2019-06-28 09:35:50.000000000,100031,176,100004,176,100052,176,99993,276,100058,176,99971,176,100060,176,99954,176,100061,176,99941,176,100063,100,99920,100,100091,100,99914,100,100094,100,99882,100,100103,100,99850,100,100114,100,99844,100
2019-06-28 09:35:52.188025160,100005,100,100004,176,100031,176,99993,176,100052,176,99971,176,100058,176,99954,176,100060,176,99941,176,100061,176,99920,100,100063,100,99914,100,100091,100,99882,100,100094,100,99850,100,100103,100,99844,100
2019-06-28 09:35:54.939274371,100005,100,100004,76,100031,176,99993,176,100052,176,99971,176,100058,176,99954,176,100060,176,99941,176,100061,176,99920,100,100063,100,99914,100,100091,100,99882,100,100094,100,99844,100,100103,100,99841,100
2019-06-28 09:36:00.000000000,100005,176,99993,176,100031,176,99971,176,100052,176,99954,176,100058,176,99941,176,100060,176,99920,176,100061,100,99914,100,100063,100,99882,100,100091,100,99844,100,100094,100,99841,100,100103,100,99833,100
2019-06-28 09:36:01.393565225,100005,176,99993,176,100031,176,99971,176,100052,176,99954,176,100058,176,99941,176,100060,176,99920,176,100061,100,99914,100,100063,100,99882,100,100091,100,99844,100,100094,100,99841,100,100103,100,99833,100
2019-06-28 09:36:03.726055284,100005,176,99993,176,100031,176,99971,176,100052,176,99954,76,100058,176,99941,176,100060,176,99920,176,100061,100,99914,100,100063,100,99882,100,100091,100,99844,100,100094,100,99841,100,100103,100,99833,100
2019-06-28 09:36:10.000000000,100005,230,99993,230,100031,226,99971,226,100052,226,99941,226,100058,100,99920,100,100060,100,99914,100,100061,100,99882,100,100063,100,99844,100,100091,100,99841,100,100094,100,99833,100,100103,100,99778,100
2019-06-28 09:36:20.000000000,100005,482,99993,482,100031,100,99971,100,100052,100,99941,100,100058,100,99920,100,100060,100,99914,100,100061,100,99882,100,100063,100,99844,100,100091,100,99841,100,100094,100,99833,100,100103,100,99778,100
2019-06-28 09:36:22.268097689,100005,482,99993,482,100031,100,99971,100,100052,100,99920,100,100058,100,99914,100,100060,100,99882,100,100061,100,99844,100,100063,100,99841,100,100091,100,99833,100,100094,100,99778,100,100103,100,99690,100
2019-06-28 09:36:30.000000000,100005,196,99993,196,100031,196,99971,196,100052,196,99920,196,100058,196,99914,196,100060,100,99882,100,100061,100,99844,100,100063,100,99841,100,100091,100,99833,100,100094,100,99778,100,100103,100,99690,100
2019-06-28 09:36:30.793383364,100005,96,99993,196,100031,196,99971,196,100052,196,99920,196,100058,196,99914,196,100060,100,99882,100,100061,100,99844,100,100063,100,99841,100,100091,100,99833,100,100103,100,99778,100,100115,100,99690,100
2019-06-28 09:36:37.612490378,100031,196,100005,4,100052,196,99993,196,100058,196,99971,196,100060,100,99920,196,100061,100,99914,196,100063,100,99882,100,100091,100,99844,100,100103,100,99841,100,100115,100,99833,100,100116,100,99778,100
2019-06-28 09:36:40.000000000,100031,291,100005,195,100052,291,99993,291,100058,100,99971,100,100060,100,99920,100,100061,100,99914,100,100063,100,99882,100,100091,100,99844,100,100103,100,99841,100,100115,100,99833,100,100116,100,99778,100
2019-06-28 09:36:42.042018685,100031,191,100005,195,100052,291,99993,291,100058,100,99971,100,100060,100,99920,100,100061,100,99914,100,100063,100,99882,100,100091,100,99844,100,100103,100,99841,100,100115,100,99833,100,100116,100,99778,100
2019-06-28 09:36:43.157599484,100031,191,100005,195,100052,291,99993,291,100058,100,99971,100,100060,100,99920,100,100061,100,99914,100,100063,100,99882,100,100091,100,99844,100,100103,100,99841,100,100115,100,99833,100,100116,100,99778,100
2019-06-28 09:36:50.000000000,100052,196,100005,100,100058,196,99993,196,100060,196,99971,196,100061,196,99920,196,100063,100,99914,100,100091,100,99882,100,100103,100,99844,100,100115,100,99841,100,100116,100,99833,100,100123,100,99778,100
2019-06-28 09:36:53.301098211,100052,196,100013,100,100058,196,100005,100,100060,196,99993,196,100061,196,99971,196,100063,100,99920,196,100091,100,99914,100,100103,100,99882,100,100115,100,99844,100,100116,100,99841,100,100123,100,99833,100
2019-06-28 09:36:56.144516269,100052,196,100013,100,100058,196,100005,100,100060,196,99993,196,100061,196,99971,196,100063,100,99920,196,100091,100,99914,100,100103,100,99882,100,100115,100,99844,100,100116,100,99841,100,100123,100,99833,100
2019-06-28 09:37:00.000000000,100052,482,100013,482,100058,100,100005,4,100060,100,99993,100,100061,100,99971,100,100063,100,99920,100,100091,100,99914,100,100103,100,99882,100,100115,100,99844,100,100116,100,99841,100,100123,100,99833,100
2019-06-28 09:37:10.000000000,100052,176,100013,176,100058,176,100005,80,100060,176,99993,176,100061,176,99971,176,100063,176,99920,176,100091,100,99914,100,100103,100,99882,100,100115,100,99844,100,100116,100,99841,100,100123,100,99833,100
2019-06-28 09:37:20.000000000,100052,196,100013,196,100058,196,100005,100,100060,196,99993,196,100061,196,99971,196,100063,100,99920,100,100091,100,99914,100,100103,100,99882,100,100115,100,99844,100,100116,100,99841,100,100123,100,99833,100
2019-06-28 09:37:30.000000000,100052,230,100013,230,100058,226,100005,130,100060,226,99993,226,100061,100,99971,100,100063,100,99920,100,100091,100,99914,100,100103,100,99882,100,100115,100,99844,100,100116,100,99841,100,100123,100,99833,100
2019-06-28 09:37:40.000000000,100052,176,100013,176,100058,176,100005,80,100060,176,99993,176,100061,176,99971,176,100063,176,99920,176,100091,100,99914,100,100103,100,99882,100,100115,100,99844,100,100116,100,99841,100,100123,100,99833,100
2019-06-28 09:37:50.000000000,100052,291,100013,291,100058,291,100005,195,100060,100,99993,100,100061,100,99971,100,100063,100,99920,100,100091,100,99914,100,100103,100,99882,100,100115,100,99844,100,100116,100,99841,100,100123,100,99833,100
2019-06-28 09:37:57.588677183,100052,191,100013,291,100058,291,100005,195,100060,100,99993,100,100061,100,99971,100,100063,100,99920,100,100091,100,99914,100,100103,100,99882,100,100115,100,99844,100,100116,100,99841,100,100123,100,99833,100
2019-06-28 09:38:00.000000000,100058,291,100013,291,100060,291,100005,195,100061,100,99993,100,100063,100,99971,100,100091,100,99920,100,100103,100,99914,100,100115,100,99882,100,100116,100,99844,100,100123,100,99841,100,100172,100,99833,100
2019-06-28 09:38:01.487261896,100058,291,100031,100,100060,291,100013,291,100061,100,100005,195,100063,100,99993,100,100091,100,99971,100,100103,100,99920,100,100115,100,99914,100,100116,100,99882,100,100123,100,99844,100,100172,100,99841,100
2019-06-28 09:38:03.548315224,100058,291,100031,200,100060,291,100013,291,100061,100,100005,195,100063,100,99993,100,100091,100,99971,100,100103,100,99920,100,100115,100,99914,100,100116,100,99882,100,100123,100,99844,100,100172,100,99841,100
2019-06-28 09:38:08.274799905,100058,291,100031,200,100060,291,100013,291,100061,100,100005,195,100063,100,99971,100,100091,100,99920,100,100103,100,99914,100,100115,100,99882,100,100116,100,99844,100,100123,100,99841,100,100172,100,99833,100
2019-06-28 09:38:10.000000000,100058,176,100031,276,100060,176,100013,176,100061,176,100005,80,100063,176,99971,176,100091,176,99920,176,100103,100,99914,100,100115,100,99882,100,100116,100,99844,100,100123,100,99841,100,100172,100,99833,100
2019-06-28 09:38:20.000000000,100058,176,100031,276,100060,176,100013,176,100061,176,100005,80,100063,176,99971,176,100091,176,99920,176,100103,100,99914,100,100115,100,99882,100,100116,100,99844,100,100123,100,99841,100,100172,100,99833,100
2019-06-28 09:38:30.000000000,100058,291,100031,391,100060,291,100013,291,100061,100,100005,4,100063,100,99971,100,100091,100,99920,100,100103,100,99914,100,100115,100,99882,100,100116,100,99844,100,100123,100,99841,100,100172,100,99833,100
2019-06-28 09:38:32.665648668,100058,291,100031,291,100060,291,100013,291,100061,100,100005,4,100063,100,99971,100,100091,100,99920,100,100115,100,99914,100,100116,100,99882,100,100123,100,99844,100,100172,100,99841,100,100184,100,99833,100
2019-06-28 09:38:33.829481530,100058,291,100031,291,100060,291,100013,291,100061,100,100005,4,100063,100,99971,100,100091,100,99920,100,100115,100,99914,100,100116,100,99882,100,100123,100,99868,100,100172,100,99844,100,100184,100,99841,100
2019-06-28 09:38:36.559754084,100058,291,100031,291,100060,291,100013,291,100061,100,100005,4,100063,100,99971,100,100091,100,99920,100,100115,100,99914,100,100116,100,99882,100,100123,100,99868,100,100172,100,99846,100,100184,100,99844,100
2019-06-28 09:38:40.000000000,100058,482,100031,482,100060,100,100013,100,100061,100,100005,4,100063,100,99971,100,100091,100,99920,100,100115,100,99914,100,100116,100,99882,100,100123,100,99868,100,100172,100,99846,100,100184,100,99844,100
2019-06-28 09:38:48.087666736,100058,482,100031,482,100060,100,100013,100,100061,100,100005,4,100063,100,99971,100,100091,100,99920,100,100115,100,99914,100,100116,100,99882,100,100123,100,99868,100,100172,100,99846,100,100184,100,99844,100
2019-06-28 09:38:48.800667492,100058,482,100031,482,100060,100,100013,100,100061,100,100005,4,100063,100,99971,100,100091,100,99920,100,100115,100,99914,100,100116,100,99882,100,100123,100,99868,100,100172,100,99846,100,100184,100,99844,100
2019-06-28 09:38:49.997929361,100058,482,100031,382,100060,100,100013,100,100061,100,100005,4,100063,100,99971,100,100091,100,99920,100,100115,100,99914,100,100116,100,99882,100,100123,100,99868,100,100172,100,99846,100,100184,100,99844,100
2019-06-28 09:38:50.000000000,100058,176,100013,176,100060,176,100005,80,100061,176,99971,176,100063,176,99920,176,100091,176,99914,176,100115,100,99882,100,100116,100,99868,100,100123,100,99846,100,100172,100,99844,100,100184,100,99841,100
2019-06-28 09:39:00.000000000,100058,291,100013,291,100060,291,100005,195,100061,100,99971,100,100063,100,99920,100,100091,100,99914,100,100115,100,99882,100,100116,100,99868,100,100123,100,99846,100,100172,100,99844,100,100184,100,99841,100
2019-06-28 09:39:01.617718017,100058,291,100013,191,100060,291,100005,195,100061,100,99971,100,100063,100,99920,100,100091,100,99914,100,100115,100,99882,100,100116,100,99868,100,100123,100,99846,100,100172,100,99844,100,100184,100,99841,100
2019-06-28 09:39:10.000000000,100058,230,100005,134,100060,226,99971,226,100061,226,99920,226,100063,100,99914,100,100091,100,99882,100,100115,100,99868,100,100116,100,99846,100,100123,100,99844,100,100172,100,99841,100,100184,100,99690,100
2019-06-28 09:39:20.000000000,100058,291,100005,195,100060,291,99971,291,100061,100,99920,100,100063,100,99914,100,100091,100,99882,100,100115,100,99868,100,100116,100,99846,100,100123,100,99844,100,100172,100,99841,100,100184,100,99690,100
2019-06-28 09:39:27.383348234,100058,291,100005,195,100060,291,99971,291,100061,100,99920,100,100063,100,99914,100,100091,100,99882,100,100115,100,99846,100,100116,100,99844,100,100123,100,99841,100,100172,100,99690,100,100184,100,99662,100
2019-06-28 09:39:30.000000000,100058,291,100005,195,100060,291,99971,291,100061,100,99920,100,100063,100,99914,100,100091,100,99882,100,100115,100,99846,100,100116,100,99844,100,100123,100,99841,100,100172,100,99690,100,100184,100,99662,100
2019-06-28 09:39:40.000000000,100058,482,100005,386,100060,100,99971,100,100061,100,99920,100,100063,100,99914,100,100091,100,99882,100,100115,100,99846,100,100116,100,99844,100,100123,100,99841,100,100172,100,99690,100,100184,100,99662,100
2019-06-28 09:39:42.742790745,100058,482,100005,386,100060,100,99971,100,100061,100,99920,100,100063,100,99914,100,100091,100,99882,100,100115,100,99846,100,100116,100,99844,100,100123,100,99841,100,100172,100,99690,100,100184,100,99662,100
2019-06-28 09:39:50.000000000,100058,291,100005,195,100060,291,99971,291,100061,100,99920,100,100063,100,99914,100,100091,100,99882,100,100115,100,99846,100,100116,100,99844,100,100123,100,99841,100,100172,100,99690,100,100184,100,99662,100
2019-06-28 09:40:00.000000000,100058,291,100005,195,100060,291,99971,291,100061,100,99920,100,100063,100,99914,100,100091,100,99882,100,100115,100,99846,100,100116,100,99844,100,100123,100,99841,100,100172,100,99690,100,100184,100,99662,100
2019-06-28 09:40:04.243098466,100031,100,100005,195,100058,291,99971,291,100060,291,99914,100,100061,100,99882,100,100063,100,99846,100,100091,100,99844,100,100115,100,99841,100,100116,100,99690,100,100123,100,99662,100,100172,100,99451,100
2019-06-28 09:40:10.000000000,100031,230,100005,134,100058,226,99971,226,100060,226,99914,226,100061,100,99882,100,100063,100,99846,100,100091,100,99844,100,100115,100,99841,100,100116,100,99690,100,100123,100,99662,100,100172,100,99451,100
2019-06-28 09:40:14.400223587,100031,230,100005,134,100058,226,99971,226,100060,226,99914,226,100061,100,99882,100,100063,100,99846,100,100091,100,99844,100,100115,100,99841,100,100116,100,99690,100,100123,100,99662,100,100172,100,99451,100
2019-06-28 09:40:20.000000000,100031,291,100005,195,100058,291,99971,291,100060,100,99914,100,100061,100,99882,100,100063,100,99846,100,100091,100,99844,100,100115,100,99841,100,100116,100,99690,100,100123,100,99662,100,100172,100,99451,100
2019-06-28 09:40:30.000000000,100031,482,100005,386,100058,100,99971,100,100060,100,99914,100,100061,100,99882,100,100063,100,99846,100,100091,100,99844,100,100115,100,99841,100,100116,100,99690,100,100123,100,99662,100,100172,100,99451,100
2019-06-28 09:40:30.870179901,100031,582,100005,386,100058,100,99971,100,100060,100,99914,100,100061,100,99882,100,100063,100,99846,100,100091,100,99844,100,100115,100,99841,100,100116,100,99690,100,100123,100,99662,100,100172,100,99451,100
2019-06-28 09:40:40.000000000,100031,391,100005,195,100058,291,99971,291,100060,100,99914,100,100061,100,99882,100,100063,100,99846,100,100091,100,99844,100,100115,100,99841,100,100116,100,99690,100,100123,100,99662,100,100172,100,99451,100
2019-06-28 09:40:50.000000000,100031,330,100005,134,100058,226,99971,226,100060,226,99914,226,100061,100,99882,100,100063,100,99846,100,100091,100,99844,100,100115,100,99841,100,100116,100,99690,100,100123,100,99662,100,100172,100,99451,100
2019-06-28 09:40:50.202187978,100031,330,100005,134,100058,226,99971,226,100060,226,99914,226,100061,100,99882,100,100063,100,99846,100,100091,100,99844,100,100115,100,99841,100,100116,100,99690,100,100123,100,99662,100,100172,100,99451,100
2019-06-28 09:41:00.000000000,100031,582,100005,386,100058,100,99971,100,100060,100,99914,100,100061,100,99882,100,100063,100,99846,100,100091,100,99844,100,100115,100,99841,100,100116,100,99690,100,100123,100,99662,100,100172,100,99451,100
2019-06-28 09:41:10.000000000,100031,296,100005,100,100058,196,99971,196,100060,196,99914,196,100061,196,99882,196,100063,100,99846,100,100091,100,99844,100,100115,100,99841,100,100116,100,99690,100,100123,100,99662,100,100172,100,99451,100
2019-06-28 09:41:20.000000000,100031,391,100005,195,100058,291,99971,291,100060,100,99914,100,100061,100,99882,100,100063,100,99846,100,100091,100,99844,100,100115,100,99841,100,100116,100,99690,100,100123,100,99662,100,100172,100,99451,100
2019-06-28 09:41:30.000000000,100031,276,100005,80,100058,176,99971,176,100060,176,99914,176,100061,176,99882,176,100063,176,99846,176,100091,100,99844,100,100115,100,99841,100,100116,100,99690,100,100123,100,99662,100,100172,100,99451,100
2019-06-28 09:41:40.000000000,100031,330,100005,134,100058,226,99971,226,100060,226,99914,226,100061,100,99882,100,100063,100,99846,100,100091,100,99844,100,100115,100,99841,100,100116,100,99690,100,100123,100,99662,100,100172,100,99451,100
2019-06-28 09:41:43.621862293,100031,330,100005,134,100058,226,99971,226,100060,226,99914,226,100061,100,99882,100,100063,100,99846,100,100091,100,99844,100,100115,100,99841,100,100116,100,99690,100,100123,100,99662,100,100172,100,99451,100
2019-06-28 09:41:50.000000000,100031,391,100005,195,100058,291,99971,291,100060,100,99914,100,100061,100,99882,100,100063,100,99846,100,100091,100,99844,100,100115,100,99841,100,100116,100,99690,100,100123,100,99662,100,100172,100,99451,100
2019-06-28 09:42:00.000000000,100031,391,100005,195,100058,291,99971,291,100060,100,99914,100,100061,100,99882,100,100063,100,99846,100,100091,100,99844,100,100115,100,99841,100,100116,100,99690,100,100123,100,99662,100,100172,100,99451,100
2019-06-28 09:42:10.000000000,100031,276,100005,80,100058,176,99971,176,100060,176,99914,176,100061,176,99882,176,100063,176,99846,176,100091,100,99844,100,100115,100,99841,100,100116,100,99690,100,100123,100,99662,100,100172,100,99451,100
2019-06-28 09:42:17.996603881,100031,176,100005,80,100058,176,99971,176,100060,176,99914,176,100061,176,99882,176,100063,176,99846,176,100091,100,99844,100,100115,100,99841,100,100116,100,99690,100,100123,100,99662,100,100172,100,99451,100
2019-06-28 09:42:20.000000000,100031,196,100005,100,100058,196,99971,196,100060,196,99914,196,100061,196,99882,196,100063,100,99846,100,100091,100,99844,100,100115,100,99841,100,100116,100,99690,100,100123,100,99662,100,100172,100,99451,100
2019-06-28 09:42:30.000000000,100031,196,100005,100,100058,196,99971,196,100060,196,99914,196,100061,196,99882,196,100063,100,99846,100,100091,100,99844,100,100115,100,99841,100,100116,100,99690,100,100123,100,99662,100,100172,100,99451,100
2019-06-28 09:42:40.000000000,100031,176,100005,80,100058,176,99971,176,100060,176,99914,176,100061,176,99882,176,100063,176,99846,176,100091,100,99844,100,100115,100,99841,100,100116,100,99690,100,100123,100,99662,100,100172,100,99451,100
2019-06-28 09:42:50.000000000,100031,230,100005,134,100058,226,99971,226,100060,226,99914,226,100061,100,99882,100,100063,100,99846,100,100091,100,99844,100,100115,100,99841,100,100116,100,99690,100,100123,100,99662,100,100172,100,99451,100
2019-06-28 09:43:00.000000000,100031,230,100005,134,100058,226,99971,226,100060,226,99914,226,100061,100,99882,100,100063,100,99846,100,100091,100,99844,100,100115,100,99841,100,100116,100,99690,100,100123,100,99662,100,100172,100,99451,100
2019-06-28 09:43:02.845940229,100031,230,100005,134,100058,226,99971,226,100060,226,99914,226,100061,100,99882,100,100063,100,99846,100,100091,100,99844,100,100115,100,99841,100,100116,100,99690,100,100123,100,99662,100,100172,100,99451,100
2019-06-28 09:43:08.279231979,100031,230,100014,100,100058,226,100005,134,100060,226,99971,226,100063,100,99914,226,100091,100,99882,100,100115,100,99846,100,100116,100,99844,100,100123,100,99841,100,100172,100,99690,100,100184,100,99662,100
2019-06-28 09:43:10.000000000,100031,196,100014,196,100058,196,100005,100,100060,196,99971,196,100063,196,99914,196,100091,100,99882,100,100115,100,99846,100,100116,100,99844,100,100123,100,99841,100,100172,100,99690,100,100184,100,99662,100
2019-06-28 09:43:20.000000000,100031,176,100014,176,100058,176,100005,80,100060,176,99971,176,100063,176,99914,176,100091,176,99882,176,100115,100,99846,100,100116,100,99844,100,100123,100,99841,100,100172,100,99690,100,100184,100,99662,100
2019-06-28 09:43:30.000000000,100031,196,100014,196,100058,196,100005,100,100060,196,99971,196,100063,196,99914,196,100091,100,99882,100,100115,100,99846,100,100116,100,99844,100,100123,100,99841,100,100172,100,99690,100,100184,100,99662,100
2019-06-28 09:43:40.000000000,100031,291,100014,291,100058,291,100005,195,100060,100,99971,100,100063,100,99914,100,100091,100,99882,100,100115,100,99846,100,100116,100,99844,100,100123,100,99841,100,100172,100,99690,100,100184,100,99662,100
2019-06-28 09:43:50.000000000,100031,291,100014,291,100058,291,100005,195,100060,100,99971,100,100063,100,99914,100,100091,100,99882,100,100115,100,99846,100,100116,100,99844,100,100123,100,99841,100,100172,100,99690,100,100184,100,99662,100
2019-06-28 09:44:00.000000000,100031,482,100014,482,100058,100,100005,4,100060,100,99971,100,100063,100,99914,100,100091,100,99882,100,100115,100,99846,100,100116,100,99844,100,100123,100,99841,100,100172,100,99690,100,100184,100,99662,100
2019-06-28 09:44:05.210766837,100031,382,100014,482,100058,100,100005,4,100060,100,99971,100,100063,100,99914,100,100091,100,99882,100,100115,100,99846,100,100116,100,99844,100,100123,100,99690,100,100172,100,99662,100,100184,100,99451,100
2019-06-28 09:44:10.000000000,100058,230,100014,230,100060,226,100005,130,100063,226,99971,226,100091,100,99914,100,100115,100,99882,100,100116,100,99846,100,100123,100,99844,100,100172,100,99690,100,100184,100,99662,100,100185,100,99451,100
2019-06-28 09:44:19.355398332,100058,230,100031,100,100060,226,100014,230,100063,226,100005,130,100091,100,99971,226,100115,100,99914,100,100116,100,99882,100,100123,100,99846,100,100172,100,99844,100,100184,100,99690,100,100185,100,99662,100
2019-06-28 09:44:20.000000000,100058,196,100031,196,100060,196,100014,196,100063,196,100005,100,100091,196,99971,196,100115,100,99914,100,100116,100,99882,100,100123,100,99846,100,100172,100,99844,100,100184,100,99690,100,100185,100,99662,100
2019-06-28 09:44:24.755478820,100058,196,100031,296,100060,196,100014,196,100063,196,100005,100,100091,196,99971,196,100115,100,99914,100,100116,100,99882,100,100123,100,99846,100,100172,100,99844,100,100184,100,99690,100,100185,100,99662,100
2019-06-28 09:44:30.000000000,100058,230,100031,330,100060,226,100014,226,100063,226,100005,130,100091,100,99971,100,100115,100,99914,100,100116,100,99882,100,100123,100,99846,100,100172,100,99844,100,100184,100,99690,100,100185,100,99662,100
2019-06-28 09:44:34.555119080,100058,230,100031,330,100060,226,100014,226,100063,226,100005,130,100091,100,99971,100,100115,100,99914,100,100116,100,99882,100,100123,100,99846,100,100172,100,99844,100,100184,100,99690,100,100185,100,99662,100
2019-06-28 09:44:39.206911556,100058,230,100031,330,100060,226,100014,226,100063,126,100005,130,100091,100,99971,100,100115,100,99914,100,100116,100,99882,100,100123,100,99846,100,100172,100,99844,100,100184,100,99690,100,100185,100,99662,100
2019-06-28 09:44:40.000000000,100058,230,100031,330,100060,226,100014,226,100091,226,100005,130,100115,100,99971,100,100116,100,99914,100,100123,100,99882,100,100172,100,99846,100,100184,100,99844,100,100185,100,99690,100,100188,100,99662,100
2019-06-28 09:44:42.324996023,100058,230,100031,330,100060,226,100014,226,100091,226,100005,130,100115,100,99971,100,100116,100,99914,100,100123,100,99882,100,100172,100,99846,100,100184,100,99844,100,100185,100,99690,100,100188,100,99662,100
2019-06-28 09:44:43.676371068,100058,230,100031,430,100060,226,100014,226,100091,226,100005,130,100115,100,99914,100,100116,100,99882,100,100123,100,99846,100,100172,100,99844,100,100184,100,99690,100,100185,100,99662,100,100188,100,99451,100
2019-06-28 09:44:44.527897169,100058,230,100031,530,100060,226,100014,226,100091,226,100005,130,100115,100,99914,100,100116,100,99882,100,100123,100,99846,100,100172,100,99844,100,100184,100,99690,100,100185,100,99662,100,100188,100,99451,100
2019-06-28 09:44:50.000000000,100058,230,100031,530,100060,226,100014,226,100091,226,100005,130,100115,100,99914,100,100116,100,99882,100,100123,100,99846,100,100172,100,99844,100,100184,100,99690,100,100185,100,99662,100,100188,100,99451,100
2019-06-28 09:44:53.202952807,100058,230,100031,530,100060,226,100014,226,100091,226,100005,130,100115,100,99914,100,100116,100,99882,100,100123,100,99846,100,100172,100,99844,100,100184,100,99690,100,100185,100,99662,100,100188,100,99451,100
2019-06-28 09:44:55.694751797,100058,130,100031,530,100060,226,100014,226,100091,226,100005,130,100115,100,99914,100,100116,100,99882,100,100123,100,99846,100,100172,100,99844,100,100184,100,99690,100,100185,100,99662,100,100188,100,99451,100
2019-06-28 09:45:00.000000000,100060,176,100031,476,100091,176,100014,176,100115,176,100005,80,100116,176,99914,176,100123,176,99882,176,100172,100,99846,100,100184,100,99844,100,100185,100,99690,100,100188,100,99662,100,100196,100,99451,100
2019-06-28 09:45:01.913586338,100060,176,100032,100,100091,176,100031,476,100115,176,100014,176,100116,176,100005,80,100123,176,99914,176,100172,100,99882,176,100184,100,99846,100,100185,100,99844,100,100188,100,99690,100,100196,100,99662,100
2019-06-28 09:45:10.000000000,100060,482,100032,482,100091,100,100031,400,100115,100,100014,100,100116,100,100005,4,100123,100,99914,100,100172,100,99882,100,100184,100,99846,100,100185,100,99844,100,100188,100,99690,100,100196,100,99662,100
2019-06-28 09:45:18.428510453,100060,482,100032,482,100091,100,100031,400,100115,100,100014,100,100116,100,100005,4,100123,100,99914,100,100172,100,99882,100,100184,100,99846,100,100185,100,99844,100,100188,100,99690,100,100196,100,99662,100
2019-06-28 09:45:20.000000000,100060,291,100032,291,100091,291,100031,591,100115,100,100014,100,100116,100,100005,4,100123,100,99914,100,100172,100,99882,100,100184,100,99846,100,100185,100,99844,100,100188,100,99690,100,100196,100,99662,100
2019-06-28 09:45:30.000000000,100060,291,100032,291,100091,291,100031,591,100115,100,100014,100,100116,100,100005,4,100123,100,99914,100,100172,100,99882,100,100184,100,99846,100,100185,100,99844,100,100188,100,99690,100,100196,100,99662,100
2019-06-28 09:45:40.000000000,100060,176,100032,176,100091,176,100031,476,100115,176,100014,176,100116,176,100005,80,100123,176,99914,176,100172,100,99882,100,100184,100,99846,100,100185,100,99844,100,100188,100,99690,100,100196,100,99662,100
2019-06-28 09:45:42.018626650,100060,76,100032,176,100091,176,100031,476,100115,176,100014,176,100116,176,100005,80,100123,176,99914,176,100172,100,99882,100,100184,100,99846,100,100185,100,99844,100,100188,100,99690,100,100196,100,99662,100
2019-06-28 09:45:50.000000000,100091,482,100032,482,100115,100,100031,400,100116,100,100014,100,100123,100,100005,4,100172,100,99914,100,100184,100,99882,100,100185,100,99846,100,100188,100,99844,100,100196,100,99690,100,100197,100,99662,100
2019-06-28 09:46:00.000000000,100091,482,100032,482,100115,100,100031,400,100116,100,100014,100,100123,100,100005,4,100172,100,99914,100,100184,100,99882,100,100185,100,99846,100,100188,100,99844,100,100196,100,99690,100,100197,100,99662,100
2019-06-28 09:46:05.112548010,100091,482,100032,482,100115,100,100031,400,100116,100,100014,100,100117,100,100005,4,100123,100,99882,100,100172,100,99846,100,100184,100,99844,100,100185,100,99690,100,100188,100,99662,100,100196,100,99451,100
2019-06-28 09:46:10.000000000,100091,176,100032,176,100115,176,100031,476,100116,176,100014,176,100117,176,100005,80,100123,176,99882,176,100172,100,99846,100,100184,100,99844,100,100185,100,99690,100,100188,100,99662,100,100196,100,99451,100
2019-06-28 09:46:20.000000000,100091,176,100032,176,100115,176,100031,476,100116,176,100014,176,100117,176,100005,80,100123,176,99882,176,100172,100,99846,100,100184,100,99844,100,100185,100,99690,100,100188,100,99662,100,100196,100,99451,100
2019-06-28 09:46:30.000000000,100091,291,100032,291,100115,291,100031,591,100116,100,100014,100,100117,100,100005,4,100123,100,99882,100,100172,100,99846,100,100184,100,99844,100,100185,100,99690,100,100188,100,99662,100,100196,100,99451,100
2019-06-28 09:46:39.433089925,100091,291,100032,191,100115,291,100031,591,100116,100,100014,100,100117,100,100005,4,100123,100,99882,100,100172,100,99846,100,100184,100,99844,100,100185,100,99690,100,100188,100,99662,100,100196,100,99451,100
2019-06-28 09:46:40.000000000,100091,230,100031,530,100115,226,100014,226,100116,226,100005,130,100117,100,99882,100,100123,100,99846,100,100172,100,99844,100,100184,100,99690,100,100185,100,99662,100,100188,100,99451,100,100196,100,99449,100
2019-06-28 09:46:50.000000000,100091,291,100031,591,100115,291,100014,291,100116,100,100005,4,100117,100,99882,100,100123,100,99846,100,100172,100,99844,100,100184,100,99690,100,100185,100,99662,100,100188,100,99451,100,100196,100,99449,100
2019-06-28 09:47:00.000000000,100091,196,100031,496,100115,196,100014,196,100116,196,100005,100,100117,196,99882,196,100123,100,99846,100,100172,100,99844,100,100184,100,99690,100,100185,100,99662,100,100188,100,99451,100,100196,100,99449,100
2019-06-28 09:47:08.650394774,100091,96,100031,496,100115,196,100014,196,100116,196,100005,100,100117,196,99882,196,100123,100,99846,100,100172,100,99844,100,100185,100,99690,100,100188,100,99662,100,100196,100,99451,100,100197,100,99449,100
2019-06-28 09:47:10.000000000,100115,482,100031,782,100116,100,100014,100,100117,100,100005,4,100123,100,99882,100,100172,100,99846,100,100185,100,99844,100,100188,100,99690,100,100196,100,99662,100,100197,100,99451,100,100267,100,99449,100
2019-06-28 09:47:10.432895124,100115,482,100033,100,100116,100,100031,782,100117,100,100014,100,100123,100,100005,4,100172,100,99882,100,100185,100,99846,100,100188,100,99844,100,100196,100,99690,100,100197,100,99662,100,100267,100,99451,100
2019-06-28 09:47:19.418362559,100115,382,100033,100,100116,100,100031,782,100117,100,100014,100,100123,100,100005,4,100172,100,99882,100,100185,100,99846,100,100188,100,99844,100,100196,100,99690,100,100197,100,99662,100,100267,100,99451,100
2019-06-28 09:47:20.000000000,100116,291,100033,291,100117,291,100031,591,100123,100,100014,100,100172,100,100005,4,100185,100,99882,100,100188,100,99846,100,100196,100,99844,100,100197,100,99690,100,100267,100,99662,100,100373,100,99451,100
2019-06-28 09:47:26.848216540,100116,191,100033,291,100117,291,100031,591,100123,100,100014,100,100172,100,100005,4,100185,100,99846,100,100188,100,99844,100,100196,100,99690,100,100197,100,99662,100,100267,100,99451,100,100373,100,99449,100
2019-06-28 09:47:30.000000000,100117,176,100033,176,100123,176,100031,476,100172,176,100014,176,100185,176,100005,80,100188,176,99846,176,100196,100,99844,100,100197,100,99690,100,100267,100,99662,100,100373,100,99451,100,100413,100,99449,100
2019-06-28 09:47:36.076244305,100117,76,100033,176,100123,176,100031,476,100172,176,100014,176,100185,176,100005,80,100188,176,99846,176,100196,100,99844,100,100197,100,99690,100,100267,100,99662,100,100373,100,99451,100,100413,100,99449,100
2019-06-28 09:47:37.907270753,100117,76,100033,176,100123,176,100031,476,100172,176,100014,176,100185,176,100005,80,100188,176,99846,176,100196,100,99844,100,100197,100,99690,100,100267,100,99662,100,100373,100,99451,100,100413,100,99449,100
2019-06-28 09:47:40.000000000,100123,230,100033,230,100172,226,100031,526,100185,226,100014,226,100188,100,100005,4,100196,100,99846,100,100197,100,99844,100,100267,100,99690,100,100373,100,99662,100,100413,100,99451,100,100436,100,99449,100
2019-06-28 09:47:50.000000000,100123,196,100033,196,100172,196,100031,496,100185,196,100014,196,100188,196,100005,100,100196,100,99846,100,100197,100,99844,100,100267,100,99690,100,100373,100,99662,100,100413,100,99451,100,100436,100,99449,100
2019-06-28 09:48:00.000000000,100123,176,100033,176,100172,176,100031,476,100185,176,100014,176,100188,176,100005,80,100196,176,99846,176,100197,100,99844,100,100267,100,99690,100,100373,100,99662,100,100413,100,99451,100,100436,100,99449,100
2019-06-28 09:48:10.000000000,100123,230,100033,230,100172,226,100031,526,100185,226,100014,226,100188,100,100005,4,100196,100,99846,100,100197,100,99844,100,100267,100,99690,100,100373,100,99662,100,100413,100,99451,100,100436,100,99449,100
2019-06-28 09:48:20.000000000,100123,196,100033,196,100172,196,100031,496,100185,196,100014,196,100188,196,100005,100,100196,100,99846,100,100197,100,99844,100,100267,100,99690,100,100373,100,99662,100,100413,100,99451,100,100436,100,99449,100
2019-06-28 09:48:30.000000000,100123,176,100033,176,100172,176,100031,476,100185,176,100014,176,100188,176,100005,80,100196,176,99846,176,100197,100,99844,100,100267,100,99690,100,100373,100,99662,100,100413,100,99451,100,100436,100,99449,100
2019-06-28 09:48:38.079204150,100123,176,100033,176,100172,176,100031,376,100185,176,100014,176,100188,176,100005,80,100196,176,99846,176,100197,100,99844,100,100267,100,99690,100,100373,100,99662,100,100413,100,99451,100,100436,100,99449,100
2019-06-28 09:48:40.000000000,100123,196,100033,196,100172,196,100031,396,100185,196,100014,196,100188,196,100005,100,100196,100,99846,100,100197,100,99844,100,100267,100,99690,100,100373,100,99662,100,100413,100,99451,100,100436,100,99449,100
2019-06-28 09:48:50.000000000,100123,176,100033,176,100172,176,100031,376,100185,176,100014,176,100188,176,100005,80,100196,176,99846,176,100197,100,99844,100,100267,100,99690,100,100373,100,99662,100,100413,100,99451,100,100436,100,99449,100
2019-06-28 09:48:58.922225547,100123,76,100033,176,100172,176,100031,376,100185,176,100014,176,100188,176,100005,80,100196,176,99846,176,100197,100,99844,100,100267,100,99690,100,100373,100,99662,100,100413,100,99451,100,100436,100,99449,100
2019-06-28 09:49:00.000000000,100172,291,100033,291,100185,291,100031,491,100188,100,100014,100,100196,100,100005,4,100197,100,99846,100,100267,100,99844,100,100373,100,99690,100,100413,100,99662,100,100436,100,99451,100,100623,100,99449,100
2019-06-28 09:49:10.000000000,100172,291,100033,291,100185,291,100031,491,100188,100,100014,100,100196,100,100005,4,100197,100,99846,100,100267,100,99844,100,100373,100,99690,100,100413,100,99662,100,100436,100,99451,100,100623,100,99449,100
2019-06-28 09:49:19.950351175,100172,291,100033,291,100185,291,100031,491,100188,100,100014,100,100196,100,100005,4,100197,100,99846,100,100267,100,99844,100,100373,100,99690,100,100413,100,99662,100,100436,100,99451,100,100623,100,99260,100
2019-06-28 09:49:20.000000000,100172,482,100033,482,100185,100,100031,300,100188,100,100014,100,100196,100,100005,4,100197,100,99846,100,100267,100,99844,100,100373,100,99690,100,100413,100,99662,100,100436,100,99451,100,100623,100,99260,100
2019-06-28 09:49:30.000000000,100172,176,100033,176,100185,176,100031,376,100188,176,100014,176,100196,176,100005,80,100197,176,99846,176,100267,100,99844,100,100373,100,99690,100,100413,100,99662,100,100436,100,99451,100,100623,100,99260,100
2019-06-28 09:49:40.000000000,100172,291,100033,291,100185,291,100031,491,100188,100,100014,100,100196,100,100005,4,100197,100,99846,100,100267,100,99844,100,100373,100,99690,100,100413,100,99662,100,100436,100,99451,100,100623,100,99260,100
2019-06-28 09:49:50.000000000,100172,230,100033,230,100185,226,100031,426,100188,226,100014,226,100196,100,100005,4,100197,100,99846,100,100267,100,99844,100,100373,100,99690,100,100413,100,99662,100,100436,100,99451,100,100623,100,99260,100
2019-06-28 09:50:00.000000000,100172,230,100033,230,100185,226,100031,426,100188,226,100014,226,100196,100,100005,4,100197,100,99846,100,100267,100,99844,100,100373,100,99690,100,100413,100,99662,100,100436,100,99451,100,100623,100,99260,100
2019-06-28 09:50:03.754109415,100172,130,100033,230,100185,226,100031,426,100188,226,100014,226,100196,100,100005,4,100197,100,99846,100,100267,100,99844,100,100373,100,99690,100,100413,100,99451,100,100436,100,99260,100,100623,100,99236,100
2019-06-28 09:50:10.000000000,100185,196,100033,196,100188,196,100031,396,100196,196,100014,196,100197,196,100005,100,100267,100,99846,100,100373,100,99844,100,100413,100,99690,100,100436,100,99451,100,100623,100,99260,100,100654,100,99236,100
2019-06-28 09:50:10.058158408,100185,96,100033,196,100188,196,100031,396,100196,196,100014,196,100197,196,100005,100,100267,100,99846,100,100373,100,99844,100,100413,100,99690,100,100436,100,99451,100,100623,100,99260,100,100654,100,99236,100
2019-06-28 09:50:20.000000000,100188,196,100033,196,100196,196,100031,396,100197,196,100014,196,100267,196,100005,100,100373,100,99846,100,100413,100,99844,100,100436,100,99690,100,100623,100,99451,100,100654,100,99260,100,100655,100,99236,100
2019-06-28 09:50:30.000000000,100188,291,100033,291,100196,291,100031,491,100197,100,100014,100,100267,100,100005,4,100373,100,99846,100,100413,100,99844,100,100436,100,99690,100,100623,100,99451,100,100654,100,99260,100,100655,100,99236,100
2019-06-28 09:50:38.110778734,100188,191,100033,291,100196,291,100031,491,100197,100,100014,100,100267,100,100005,4,100373,100,99846,100,100413,100,99844,100,100436,100,99690,100,100623,100,99451,100,100654,100,99260,100,100655,100,99236,100
2019-06-28 09:50:40.000000000,100196,176,100033,176,100197,176,100031,376,100267,176,100014,176,100373,176,100005,80,100413,176,99846,176,100436,100,99844,100,100623,100,99690,100,100654,100,99451,100,100655,100,99260,100,100687,100,99236,100
2019-06-28 09:50:45.059898629,100196,176,100033,176,100197,176,100031,376,100267,176,100014,176,100373,176,100005,80,100413,176,99846,176,100436,100,99844,100,100654,100,99690,100,100655,100,99451,100,100687,100,99260,100,101204,100,99236,100
2019-06-28 09:50:50.000000000,100196,482,100033,482,100197,100,100031,300,100267,100,100014,100,100373,100,100005,4,100413,100,99846,100,100436,100,99844,100,100654,100,99690,100,100655,100,99451,100,100687,100,99260,100,101204,100,99236,100
2019-06-28 09:50:53.273546804,100196,382,100033,482,100197,100,100031,300,100267,100,100014,100,100373,100,100005,4,100436,100,99846,100,100654,100,99844,100,100655,100,99690,100,100687,100,99451,100,101204,100,99260,100,101299,100,99236,100
2019-06-28 09:51:00.000000000,100197,482,100033,482,100267,100,100031,300,100373,100,100014,100,100436,100,100005,4,100654,100,99846,100,100655,100,99844,100,100687,100,99690,100,101204,100,99451,100,101299,100,99260,100,,,99236,100
2019-06-28 09:51:09.286655776,100197,482,100188,100,100267,100,100033,482,100373,100,100031,300,100436,100,100014,100,100654,100,100005,4,100655,100,99846,100,100687,100,99844,100,101204,100,99690,100,101299,100,99451,100,,,99260,100
2019-06-28 09:51:10.000000000,100197,196,100188,196,100267,196,100033,196,100373,196,100031,396,100436,196,100014,196,100654,100,100005,4,100655,100,99846,100,100687,100,99844,100,101204,100,99690,100,101299,100,99451,100,,,99260,100
2019-06-28 09:51:10.906980524,100197,196,100188,296,100267,196,100033,196,100373,196,100031,396,100436,196,100014,196,100654,100,100005,4,100655,100,99846,100,100687,100,99844,100,101204,100,99690,100,101299,100,99451,100,,,99260,100
2019-06-28 09:51:20.000000000,100197,291,100188,391,100267,291,100033,291,100373,100,100031,300,100436,100,100014,100,100654,100,100005,4,100655,100,99846,100,100687,100,99844,100,101204,100,99690,100,101299,100,99451,100,,,99260,100
2019-06-28 09:51:30.000000000,100197,291,100188,391,100267,291,100033,291,100373,100,100031,300,100436,100,100014,100,100654,100,100005,4,100655,100,99846,100,100687,100,99844,100,101204,100,99690,100,101299,100,99451,100,,,99260,100
2019-06-28 09:51:32.046486663,100197,291,100188,391,100267,291,100033,291,100373,100,100031,300,100436,100,100014,100,100654,100,100005,4,100655,100,99846,100,100687,100,99844,100,101075,100,99690,100,101204,100,99451,100,101299,100,99260,100
2019-06-28 09:51:37.384263614,100197,191,100188,391,100267,291,100033,291,100373,100,100031,300,100436,100,100014,100,100654,100,100005,4,100655,100,99846,100,100687,100,99844,100,101075,100,99690,100,101204,100,99451,100,101299,100,99260,100
2019-06-28 09:51:40.000000000,100267,196,100188,296,100373,196,100033,196,100436,196,100031,396,100654,196,100014,196,100655,100,100005,4,100687,100,99846,100,101075,100,99844,100,101204,100,99690,100,101299,100,99451,100,,,99260,100
2019-06-28 09:51:48.609656006,100267,96,100188,296,100373,196,100033,196,100436,196,100031,396,100654,196,100014,196,100655,100,100005,4,100687,100,99846,100,101075,100,99844,100,101204,100,99690,100,101299,100,99451,100,,,99236,100
2019-06-28 09:51:50.000000000,100373,196,100188,296,100436,196,100033,196,100654,196,100031,396,100655,196,100014,196,100687,100,100005,4,101075,100,99846,100,101204,100,99844,100,101299,100,99690,100,,,99451,100,,,99236,100
2019-06-28 09:51:52.622870067,100373,96,100188,296,100436,196,100033,196,100654,196,100031,396,100655,196,100014,196,100687,100,100005,4,101075,100,99846,100,101204,100,99844,100,101299,100,99690,100,,,99451,100,,,99236,100
2019-06-28 09:51:59.064321400,100436,196,100373,4,100654,196,100188,296,100655,196,100033,196,100687,100,100031,396,101075,100,100014,196,101204,100,100005,4,101299,100,99846,100,,,99844,100,,,99690,100,,,99451,100
2019-06-28 09:52:00.000000000,100436,482,100373,386,100654,100,100188,200,100655,100,100033,100,100687,100,100031,300,101075,100,100014,100,101204,100,100005,4,101299,100,99846,100,,,99844,100,,,99690,100,,,99451,100
2019-06-28 09:52:10.000000000,100436,176,100373,80,100654,176,100188,276,100655,176,100033,176,100687,176,100031,376,101075,176,100014,176,101204,100,100005,4,101299,100,99846,100,,,99844,100,,,99690,100,,,99451,100
2019-06-28 09:52:20.000000000,100436,196,100373,100,100654,196,100188,296,100655,196,100033,196,100687,196,100031,396,101075,100,100014,100,101204,100,100005,4,101299,100,99846,100,,,99844,100,,,99690,100,,,99451,100
2019-06-28 09:52:30.000000000,100436,482,100373,386,100654,100,100188,200,100655,100,100033,100,100687,100,100031,300,101075,100,100014,100,101204,100,100005,4,101299,100,99846,100,,,99844,100,,,99690,100,,,99451,100
2019-06-28 09:52:30.474154828,100436,482,100373,386,100654,100,100188,200,100655,100,100033,100,100687,100,100031,300,101024,100,100014,100,101075,100,100005,4,101204,100,99846,100,101299,100,99844,100,,,99690,100,,,99451,100
2019-06-28 09:52:40.000000000,100436,291,100373,195,100654,291,100188,391,100655,100,100033,100,100687,100,100031,300,101024,100,100014,100,101075,100,100005,4,101204,100,99846,100,101299,100,99844,100,,,99690,100,,,99451,100
2019-06-28 09:52:50.000000000,100436,196,100373,100,100654,196,100188,296,100655,196,100033,196,100687,196,100031,396,101024,100,100014,100,101075,100,100005,4,101204,100,99846,100,101299,100,99844,100,,,99690,100,,,99451,100
2019-06-28 09:52:59.271189267,100436,196,100373,200,100654,196,100188,296,100655,196,100033,196,100687,196,100031,396,101024,100,100014,100,101075,100,100005,4,101204,100,99846,100,101299,100,99844,100,,,99690,100,,,99451,100
2019-06-28 09:53:00.000000000,100436,176,100373,180,100654,176,100188,276,100655,176,100033,176,100687,176,100031,376,101024,176,100014,176,101075,100,100005,4,101204,100,99846,100,101299,100,99844,100,,,99690,100,,,99451,100
2019-06-28 09:53:10.000000000,100436,176,100373,180,100654,176,100188,276,100655,176,100033,176,100687,176,100031,376,101024,176,100014,176,101075,100,100005,4,101204,100,99846,100,101299,100,99844,100,,,99690,100,,,99451,100
2019-06-28 09:53:18.877517206,100436,176,100373,180,100654,176,100188,276,100655,176,100033,176,100687,176,100031,376,100942,100,100014,176,101024,176,100005,4,101075,100,99846,100,101204,100,99844,100,101299,100,99690,100,,,99451,100
2019-06-28 09:53:20.000000000,100436,196,100373,200,100654,196,100188,296,100655,196,100033,196,100687,196,100031,396,100942,100,100014,100,101024,100,100005,4,101075,100,99846,100,101204,100,99844,100,101299,100,99690,100,,,99451,100
2019-06-28 09:53:30.000000000,100436,196,100373,200,100654,196,100188,296,100655,196,100033,196,100687,196,100031,396,100942,100,100014,100,101024,100,100005,4,101075,100,99846,100,101204,100,99844,100,101299,100,99690,100,,,99451,100
2019-06-28 09:53:38.704281805,100436,196,100411,100,100654,196,100373,200,100655,196,100188,296,100687,196,100033,196,100942,100,100031,396,101024,100,100014,100,101075,100,100005,4,101204,100,99846,100,101299,100,99844,100,,,99690,100
2019-06-28 09:53:40.000000000,100436,176,100411,176,100654,176,100373,180,100655,176,100188,276,100687,176,100033,176,100942,176,100031,376,101024,100,100014,100,101075,100,100005,4,101204,100,99846,100,101299,100,99844,100,,,99690,100
2019-06-28 09:53:42.837322299,100436,176,100411,176,100654,176,100373,180,100655,176,100188,276,100687,176,100033,176,100858,100,100031,376,100942,176,100014,100,101024,100,100005,4,101075,100,99846,100,101204,100,99844,100,101299,100,99690,100
2019-06-28 09:53:42.897524858,100436,176,100411,176,100654,176,100373,180,100655,176,100188,276,100687,176,100033,176,100785,100,100031,376,100858,100,100014,100,100942,176,100005,4,101024,100,99846,100,101075,100,99844,100,101299,100,99690,100
2019-06-28 09:53:50.000000000,100436,291,100411,291,100654,291,100373,295,100655,100,100188,200,100687,100,100033,100,100785,100,100031,300,100858,100,100014,100,100942,100,100005,4,101024,100,99846,100,101075,100,99844,100,101299,100,99690,100
2019-06-28 09:53:58.042218063,100436,291,100411,191,100654,291,100373,295,100655,100,100188,200,100687,100,100033,100,100785,100,100031,300,100858,100,100014,100,100942,100,100005,4,100988,100,99846,100,101024,100,99844,100,101075,100,99690,100
2019-06-28 09:54:00.000000000,100436,230,100373,234,100654,226,100188,326,100655,226,100033,226,100687,100,100031,300,100785,100,100014,100,100858,100,100005,4,100942,100,99846,100,100988,100,99844,100,101024,100,99690,100,101075,100,99451,100
2019-06-28 09:54:06.096448995,100436,230,100373,234,100654,226,100188,326,100655,226,100033,226,100687,100,100031,300,100785,100,100014,100,100858,100,100005,4,100923,100,99846,100,100942,100,99844,100,100988,100,99690,100,101024,100,99451,100
2019-06-28 09:54:10.000000000,100436,176,100373,180,100654,176,100188,276,100655,176,100033,176,100687,176,100031,376,100785,176,100014,176,100858,100,100005,4,100923,100,99846,100,100942,100,99844,100,100988,100,99690,100,101024,100,99451,100
2019-06-28 09:54:14.922805314,100436,176,100373,180,100654,176,100188,276,100655,176,100033,176,100687,176,100031,376,100785,76,100014,176,100858,100,100005,4,100869,100,99846,100,100923,100,99844,100,100942,100,99690,100,100988,100,99451,100
2019-06-28 09:54:20.000000000,100436,176,100373,180,100654,176,100188,276,100655,176,100033,176,100687,176,100031,376,100858,176,100014,176,100869,100,100005,4,100923,100,99846,100,100942,100,99844,100,100988,100,99690,100,101024,100,99451,100
2019-06-28 09:54:30.000000000,100436,291,100373,295,100654,291,100188,391,100655,100,100033,100,100687,100,100031,300,100858,100,100014,100,100869,100,100005,4,100923,100,99846,100,100942,100,99844,100,100988,100,99690,100,101024,100,99451,100
2019-06-28 09:54:33.899158796,100436,291,100373,295,100654,291,100208,100,100655,100,100188,391,100687,100,100033,100,100858,100,100031,300,100869,100,100014,100,100923,100,100005,4,100942,100,99846,100,100988,100,99844,100,101024,100,99690,100
2019-06-28 09:54:34.353437395,100436,291,100373,295,100515,100,100208,100,100654,291,100188,391,100655,100,100033,100,100687,100,100031,300,100858,100,100014,100,100869,100,100005,4,100923,100,99846,100,100942,100,99844,100,100988,100,99690,100
2019-06-28 09:54:40.000000000,100436,291,100373,295,100515,291,100208,291,100654,100,100188,200,100655,100,100033,100,100687,100,100031,300,100858,100,100014,100,100869,100,100005,4,100923,100,99846,100,100942,100,99844,100,100988,100,99690,100
2019-06-28 09:54:44.909177491,100436,291,100373,295,100515,291,100293,100,100654,100,100208,291,100655,100,100188,200,100687,100,100033,100,100858,100,100031,300,100869,100,100014,100,100923,100,100005,4,100942,100,99846,100,100988,100,99844,100
2019-06-28 09:54:45.099155821,100436,191,100373,295,100515,291,100293,100,100654,100,100208,291,100655,100,100188,200,100687,100,100033,100,100858,100,100031,300,100869,100,100014,100,100923,100,100005,4,100942,100,99846,100,100988,100,99844,100
2019-06-28 09:54:50.000000000,100515,230,100373,234,100654,226,100293,226,100655,226,100208,226,100687,100,100188,200,100858,100,100033,100,100869,100,100031,300,100923,100,100014,100,100942,100,100005,4,100988,100,99846,100,101024,100,99844,100
2019-06-28 09:55:00.000000000,100515,482,100373,486,100654,100,100293,100,100655,100,100208,100,100687,100,100188,200,100858,100,100033,100,100869,100,100031,300,100923,100,100014,100,100942,100,100005,4,100988,100,99846,100,101024,100,99844,100
2019-06-28 09:55:10.000000000,100515,291,100373,295,100654,291,100293,291,100655,100,100208,100,100687,100,100188,200,100858,100,100033,100,100869,100,100031,300,100923,100,100014,100,100942,100,100005,4,100988,100,99846,100,101024,100,99844,100
2019-06-28 09:55:14.210768661,100515,191,100373,295,100654,291,100293,291,100655,100,100208,100,100687,100,100188,200,100858,100,100033,100,100869,100,100031,300,100923,100,100014,100,100942,100,100005,4,100988,100,99846,100,101024,100,99844,100
2019-06-28 09:55:18.767573513,100515,191,100436,100,100654,291,100373,295,100655,100,100293,291,100687,100,100208,100,100858,100,100188,200,100869,100,100033,100,100923,100,100031,300,100942,100,100014,100,100988,100,100005,4,101024,100,99846,100
2019-06-28 09:55:20.000000000,100654,196,100436,196,100655,196,100373,200,100687,196,100293,196,100858,196,100208,196,100869,100,100188,200,100923,100,100033,100,100942,100,100031,300,100988,100,100014,100,101024,100,100005,4,101075,100,99846,100
2019-06-28 09:55:30.000000000,100654,291,100436,291,100655,291,100373,295,100687,100,100293,100,100858,100,100208,100,100869,100,100188,200,100923,100,100033,100,100942,100,100031,300,100988,100,100014,100,101024,100,100005,4,101075,100,99846,100
2019-06-28 09:55:36.827690879,100654,191,100436,291,100655,291,100373,295,100687,100,100293,100,100858,100,100208,100,100869,100,100188,200,100923,100,100033,100,100988,100,100031,300,101024,100,100014,100,101075,100,100005,4,,,99846,100
2019-06-28 09:55:40.000000000,100655,482,100436,482,100687,100,100373,104,100858,100,100293,100,100869,100,100208,100,100923,100,100188,200,100988,100,100033,100,101024,100,100031,300,101075,100,100014,100,,,100005,4,,,99846,100
2019-06-28 09:55:50.000000000,100655,482,100436,482,100687,100,100373,104,100858,100,100293,100,100869,100,100208,100,100923,100,100188,200,100988,100,100033,100,101024,100,100031,300,101075,100,100014,100,,,100005,4,,,99846,100
2019-06-28 09:56:00.000000000,100655,196,100436,196,100687,196,100373,200,100858,196,100293,196,100869,196,100208,196,100923,100,100188,200,100988,100,100033,100,101024,100,100031,300,101075,100,100014,100,,,100005,4,,,99846,100
2019-06-28 09:56:10.000000000,100655,196,100436,196,100687,196,100373,200,100858,196,100293,196,100869,196,100208,196,100923,100,100188,200,100988,100,100033,100,101024,100,100031,300,101075,100,100014,100,,,100005,4,,,99846,100
2019-06-28 09:56:13.738332872,100655,96,100436,196,100687,196,100373,200,100858,196,100293,196,100869,196,100208,196,100923,100,100188,200,100988,100,100033,100,101024,100,100031,300,101075,100,100014,100,,,100005,4,,,99846,100
2019-06-28 09:56:19.169499547,100655,96,100436,196,100687,196,100373,200,100858,196,100293,196,100869,196,100208,196,100923,100,100188,200,100988,100,100033,100,101024,100,100031,300,101075,100,100014,100,101263,100,100005,4,,,99846,100
2019-06-28 09:56:20.000000000,100687,230,100436,230,100858,226,100373,230,100869,226,100293,226,100923,100,100208,100,100988,100,100188,200,101024,100,100033,100,101075,100,100031,300,101263,100,100014,100,,,100005,4,,,99846,100
2019-06-28 09:56:30.000000000,100687,230,100436,230,100858,226,100373,230,100869,226,100293,226,100923,100,100208,100,100988,100,100188,200,101024,100,100033,100,101075,100,100031,300,101263,100,100014,100,,,100005,4,,,99846,100
2019-06-28 09:56:36.071083028,100687,230,100654,100,100858,226,100436,230,100869,226,100373,230,100923,100,100293,226,100988,100,100208,100,101024,100,100188,200,101075,100,100033,100,101263,100,100031,300,,,100014,100,,,100005,4
2019-06-28 09:56:40.000000000,100687,176,100654,176,100858,176,100436,176,100869,176,100373,180,100923,176,100293,176,100988,176,100208,176,101024,100,100188,200,101075,100,100033,100,101263,100,100031,300,,,100014,100,,,100005,4
2019-06-28 09:56:50.000000000,100687,176,100654,176,100858,176,100436,176,100869,176,100373,180,100923,176,100293,176,100988,176,100208,176,101024,100,100188,200,101075,100,100033,100,101263,100,100031,300,,,100014,100,,,100005,4
2019-06-28 09:56:53.155539108,100687,76,100654,176,100858,176,100436,176,100869,176,100373,180,100923,176,100293,176,100988,176,100208,176,101024,100,100188,200,101075,100,100033,100,101263,100,100031,300,,,100014,100,,,100005,4
2019-06-28 09:57:00.000000000,100858,176,100654,176,100869,176,100436,176,100923,176,100373,180,100988,176,100293,176,101024,176,100208,176,101075,100,100188,200,101263,100,100033,100,,,100031,300,,,100014,100,,,100005,4
2019-06-28 09:57:10.000000000,100858,176,100654,176,100869,176,100436,176,100923,176,100373,180,100988,176,100293,176,101024,176,100208,176,101075,100,100188,200,101263,100,100033,100,,,100031,300,,,100014,100,,,100005,4
2019-06-28 09:57:14.716509498,100858,76,100654,176,100869,176,100436,176,100923,176,100373,180,100988,176,100293,176,101024,176,100208,176,101075,100,100188,200,101263,100,100033,100,,,100031,300,,,100014,100,,,100005,4
2019-06-28 09:57:20.000000000,100869,176,100654,176,100923,176,100436,176,100988,176,100373,180,101024,176,100293,176,101075,176,100208,176,101263,100,100188,200,,,100033,100,,,100031,300,,,100014,100,,,100005,4
2019-06-28 09:57:22.028787818,100869,76,100654,176,100923,176,100436,176,100988,176,100373,180,101024,176,100293,176,101075,176,100208,176,101263,100,100188,200,,,100033,100,,,100031,300,,,100014,100,,,100005,4
2019-06-28 09:57:30.000000000,100923,196,100654,196,100988,196,100436,196,101024,196,100373,200,101075,196,100293,196,101263,100,100208,100,,,100188,200,,,100033,100,,,100031,300,,,100014,100,,,100005,4
2019-06-28 09:57:40.000000000,100923,196,100654,196,100988,196,100436,196,101024,196,100373,200,101075,196,100293,196,101263,100,100208,100,,,100188,200,,,100033,100,,,100031,300,,,100014,100,,,100005,4
2019-06-28 09:57:42.761518496,100923,96,100654,196,100988,196,100436,196,101024,196,100373,200,101075,196,100293,196,101263,100,100208,100,,,100188,200,,,100033,100,,,100031,300,,,100014,100,,,100005,4
2019-06-28 09:57:46.842614953,100923,96,100869,100,100988,196,100654,196,101024,196,100436,196,101075,196,100373,200,101263,100,100293,196,,,100208,100,,,100188,200,,,100033,100,,,100031,300,,,100014,100
2019-06-28 09:57:50.000000000,100988,291,100869,291,101024,291,100654,291,101075,100,100436,100,101263,100,100373,104,,,100293,100,,,100208,100,,,100188,200,,,100033,100,,,100031,300,,,100014,100
2019-06-28 09:57:54.283359786,100988,291,100869,391,101024,291,100654,291,101075,100,100436,100,101263,100,100373,104,,,100293,100,,,100208,100,,,100188,200,,,100033,100,,,100031,200,,,100014,100
2019-06-28 09:57:54.382732225,100988,291,100869,491,101024,291,100654,291,101075,100,100436,100,101263,100,100373,104,,,100293,100,,,100208,100,,,100188,200,,,100033,100,,,100031,200,,,100014,100
2019-06-28 09:58:00.000000000,100988,482,100869,682,101024,100,100654,100,101075,100,100436,100,101263,100,100373,104,,,100293,100,,,100208,100,,,100188,200,,,100033,100,,,100031,200,,,100014,100
2019-06-28 09:58:10.000000000,100988,482,100869,682,101024,100,100654,100,101075,100,100436,100,101263,100,100373,104,,,100293,100,,,100208,100,,,100188,200,,,100033,100,,,100031,200,,,100014,100
2019-06-28 09:58:12.835314106,100988,482,100869,682,101024,100,100654,100,101075,100,100436,100,101263,100,100373,104,101294,100,100293,100,,,100208,100,,,100188,200,,,100033,100,,,100031,200,,,100014,100
2019-06-28 09:58:20.000000000,100988,482,100869,682,101024,100,100654,100,101075,100,100436,100,101263,100,100373,104,101294,100,100293,100,,,100208,100,,,100188,200,,,100033,100,,,100031,200,,,100014,100
2019-06-28 09:58:30.000000000,100988,230,100869,430,101024,226,100654,226,101075,226,100436,226,101263,100,100373,104,101294,100,100293,100,,,100208,100,,,100188,200,,,100033,100,,,100031,200,,,100014,100
2019-06-28 09:58:40.000000000,100988,230,100869,430,101024,226,100654,226,101075,226,100436,226,101263,100,100373,104,101294,100,100293,100,,,100208,100,,,100188,200,,,100033,100,,,100031,200,,,100014,100
2019-06-28 09:58:50.000000000,100988,176,100869,376,101024,176,100654,176,101075,176,100436,176,101263,176,100373,180,101294,176,100293,176,,,100208,100,,,100188,200,,,100033,100,,,100031,200,,,100014,100
2019-06-28 09:58:51.727241606,100988,176,100869,376,101024,176,100654,176,101075,176,100436,176,101263,176,100373,180,101294,176,100293,176,101549,100,100208,100,,,100188,200,,,100033,100,,,100031,200,,,100014,100
2019-06-28 09:58:57.664312596,100988,76,100869,376,101024,176,100654,176,101075,176,100436,176,101263,176,100373,180,101294,176,100293,176,,,100208,100,,,100188,200,,,100033,100,,,100031,200,,,100014,100
2019-06-28 09:59:00.000000000,101024,196,100869,396,101075,196,100654,196,101263,196,100436,196,101294,196,100373,200,,,100293,100,,,100208,100,,,100188,200,,,100033,100,,,100031,200,,,100014,100
2019-06-28 09:59:06.604591217,101024,196,100869,396,101075,196,100654,196,101263,196,100436,196,101294,196,100373,200,101334,100,100293,100,,,100208,100,,,100188,200,,,100033,100,,,100031,200,,,100014,100
2019-06-28 09:59:10.000000000,101024,196,100869,396,101075,196,100654,196,101263,196,100436,196,101294,196,100373,200,101334,100,100293,100,,,100208,100,,,100188,200,,,100033,100,,,100031,200,,,100014,100
2019-06-28 09:59:17.944760210,101024,196,100869,396,101075,196,100654,196,101203,100,100436,196,101263,196,100373,200,101294,96,100293,100,101334,100,100208,100,,,100188,200,,,100033,100,,,100031,200,,,100014,100
2019-06-28 09:59:20.000000000,101024,196,100869,396,101075,196,100654,196,101203,196,100436,196,101263,196,100373,200,101334,100,100293,100,,,100208,100,,,100188,200,,,100033,100,,,100031,200,,,100014,100
2019-06-28 09:59:22.583944703,101024,196,100869,396,101075,196,100654,196,101203,196,100436,196,101263,196,100373,200,101334,100,100293,100,101729,100,100208,100,,,100188,200,,,100033,100,,,100031,200,,,100014,100
2019-06-28 09:59:27.401779723,101024,196,100869,396,101075,196,100654,196,101203,196,100436,96,101263,196,100373,200,101334,100,100293,100,101729,100,100208,100,,,100188,200,,,100033,100,,,100031,200,,,100014,100
2019-06-28 09:59:30.000000000,101024,196,100869,396,101075,196,100654,196,101203,196,100373,200,101263,196,100293,196,101334,100,100208,100,101729,100,100188,200,,,100033,100,,,100031,200,,,100014,100,,,100005,4
2019-06-28 09:59:40.000000000,101024,482,100869,682,101075,100,100654,100,101203,100,100373,104,101263,100,100293,100,101334,100,100208,100,101729,100,100188,200,,,100033,100,,,100031,200,,,100014,100,,,100005,4
2019-06-28 09:59:45.702741295,101024,382,100869,682,101075,100,100654,100,101203,100,100373,104,101263,100,100208,100,101334,100,100188,200,101729,100,100033,100,,,100031,200,,,100014,100,,,100005,4,,,99846,100
2019-06-28 09:59:50.000000000,101075,482,100869,682,101203,100,100654,100,101263,100,100373,104,101334,100,100208,100,101729,100,100188,200,,,100033,100,,,100031,200,,,100014,100,,,100005,4,,,99846,100
2019-06-28 10:00:00.000000000,101075,230,100869,430,101203,226,100654,226,101263,226,100373,230,101334,100,100208,100,101729,100,100188,200,,,100033,100,,,100031,200,,,100014,100,,,100005,4,,,99846,100
2019-06-28 10:00:07.527183922,101075,230,100988,100,101203,226,100869,430,101263,226,100654,226,101334,100,100373,230,101729,100,100208,100,,,100188,200,,,100033,100,,,100031,200,,,100014,100,,,100005,4
2019-06-28 10:00:10.000000000,101075,176,100988,176,101203,176,100869,376,101263,176,100654,176,101334,176,100373,180,101729,176,100208,176,,,100188,200,,,100033,100,,,100031,200,,,100014,100,,,100005,4
2019-06-28 10:00:13.044991997,101075,76,100988,176,101203,176,100869,376,101263,176,100654,176,101334,176,100373,180,101729,176,100208,176,,,100188,200,,,100033,100,,,100031,200,,,100014,100,,,100005,4
2019-06-28 10:00:15.589745292,101075,76,100988,176,101203,176,100869,376,101263,176,100654,176,101334,176,100373,180,101720,100,100208,176,101729,176,100188,200,,,100033,100,,,100031,200,,,100014,100,,,100005,4
2019-06-28 10:00:20.000000000,101203,230,100988,230,101263,226,100869,426,101334,226,100654,226,101720,100,100373,104,101729,100,100208,100,,,100188,200,,,100033,100,,,100031,200,,,100014,100,,,100005,4
2019-06-28 10:00:29.141980270,101203,230,100988,230,101263,226,100869,426,101334,226,100654,226,101591,100,100373,104,101720,100,100208,100,101729,100,100188,200,,,100033,100,,,100031,200,,,100014,100,,,100005,4
2019-06-28 10:00:30.000000000,101203,482,100988,482,101263,100,100869,300,101334,100,100654,100,101591,100,100373,104,101720,100,100208,100,101729,100,100188,200,,,100033,100,,,100031,200,,,100014,100,,,100005,4
2019-06-28 10:00:30.390499795,101203,482,100988,482,101263,100,100869,300,101334,100,100654,100,101598,100,100373,104,101720,100,100208,100,101729,100,100188,200,,,100033,100,,,100031,200,,,100014,100,,,100005,4
2019-06-28 10:00:33.710969501,101203,482,100988,482,101263,100,100869,300,101334,100,100654,100,101598,100,100373,104,101720,100,100208,100,101729,100,100188,200,101742,100,100033,100,,,100031,200,,,100014,100,,,100005,4
2019-06-28 10:00:40.000000000,101203,291,100988,291,101263,291,100869,491,101334,100,100654,100,101598,100,100373,104,101720,100,100208,100,101729,100,100188,200,101742,100,100033,100,,,100031,200,,,100014,100,,,100005,4
2019-06-28 10:00:45.359591525,101203,291,101024,100,101263,291,100988,291,101334,100,100869,491,101598,100,100654,100,101720,100,100373,104,101729,100,100208,100,101742,100,100188,200,,,100033,100,,,100031,200,,,100014,100
2019-06-28 10:00:50.000000000,101203,482,101024,482,101263,100,100988,100,101334,100,100869,300,101598,100,100654,100,101720,100,100373,104,101729,100,100208,100,101742,100,100188,200,,,100033,100,,,100031,200,,,100014,100
2019-06-28 10:00:52.232231828,101203,482,101024,482,101263,100,100988,100,101334,100,100869,300,101598,100,100654,100,101635,100,100373,104,101720,100,100208,100,101729,100,100188,200,101742,100,100033,100,,,100031,200,,,100014,100
2019-06-28 10:00:55.416673073,101203,482,101024,382,101263,100,100988,100,101334,100,100869,300,101598,100,100654,100,101635,100,100373,104,101720,100,100208,100,101729,100,100188,200,101742,100,100033,100,,,100031,200,,,100014,100
2019-06-28 10:00:57.413817300,101203,382,101024,382,101263,100,100988,100,101334,100,100869,300,101598,100,100654,100,101635,100,100373,104,101720,100,100208,100,101729,100,100188,200,101742,100,100033,100,,,100031,200,,,100014,100
2019-06-28 10:01:00.000000000,101263,176,100988,176,101334,176,100869,376,101598,176,100654,176,101635,176,100373,180,101720,176,100208,176,101729,100,100188,200,101742,100,100033,100,,,100031,200,,,100014,100,,,100005,4
2019-06-28 10:01:04.190893639,101263,176,101075,100,101334,176,100988,176,101598,176,100869,376,101635,176,100654,176,101720,176,100373,180,101729,100,100208,176,101742,100,100188,200,,,100033,100,,,100031,200,,,100014,100
2019-06-28 10:01:10.000000000,101263,230,101075,230,101334,226,100988,226,101598,226,100869,426,101635,100,100654,100,101720,100,100373,104,101729,100,100208,100,101742,100,100188,200,,,100033,100,,,100031,200,,,100014,100
2019-06-28 10:01:20.000000000,101263,291,101075,291,101334,291,100988,291,101598,100,100869,300,101635,100,100654,100,101720,100,100373,104,101729,100,100208,100,101742,100,100188,200,,,100033,100,,,100031,200,,,100014,100
2019-06-28 10:01:30.000000000,101263,482,101075,482,101334,100,100988,100,101598,100,100869,300,101635,100,100654,100,101720,100,100373,104,101729,100,100208,100,101742,100,100188,200,,,100033,100,,,100031,200,,,100014,100
2019-06-28 10:01:40.000000000,101263,291,101075,291,101334,291,100988,291,101598,100,100869,300,101635,100,100654,100,101720,100,100373,104,101729,100,100208,100,101742,100,100188,200,,,100033,100,,,100031,200,,,100014,100
2019-06-28 10:01:50.000000000,101263,176,101075,176,101334,176,100988,176,101598,176,100869,376,101635,176,100654,176,101720,176,100373,180,101729,100,100208,100,101742,100,100188,200,,,100033,100,,,100031,200,,,100014,100
2019-06-28 10:01:52.799875481,101263,176,101075,176,101334,176,100988,176,101594,100,100869,376,101598,176,100654,176,101635,176,100373,180,101720,176,100208,100,101729,100,100188,200,101742,100,100033,100,,,100031,200,,,100014,100
2019-06-28 10:02:00.000000000,101263,230,101075,230,101334,226,100988,226,101594,226,100869,426,101598,100,100654,100,101635,100,100373,104,101720,100,100208,100,101729,100,100188,200,101742,100,100033,100,,,100031,200,,,100014,100
2019-06-28 10:02:03.875989067,101263,230,101075,230,101334,226,100988,226,101534,100,100869,426,101594,226,100654,100,101598,100,100373,104,101635,100,100208,100,101720,100,100188,200,101729,100,100033,100,101742,100,100031,200,,,100014,100
2019-06-28 10:02:10.000000000,101263,176,101075,176,101334,176,100988,176,101534,176,100869,376,101594,176,100654,176,101598,176,100373,180,101635,100,100208,100,101720,100,100188,200,101729,100,100033,100,101742,100,100031,200,,,100014,100
2019-06-28 10:02:20.000000000,101263,196,101075,196,101334,196,100988,196,101534,196,100869,396,101594,196,100654,196,101598,100,100373,104,101635,100,100208,100,101720,100,100188,200,101729,100,100033,100,101742,100,100031,200,,,100014,100
2019-06-28 10:02:25.813187770,101263,196,101075,196,101334,196,100988,196,101534,196,100869,396,101594,196,100654,196,101598,100,100373,4,101635,100,100208,100,101720,100,100188,200,101729,100,100033,100,101742,100,100031,200,,,100014,100
2019-06-28 10:02:30.000000000,101263,230,101075,230,101334,226,100988,226,101534,226,100869,426,101594,100,100654,100,101598,100,100373,4,101635,100,100208,100,101720,100,100188,200,101729,100,100033,100,101742,100,100031,200,,,100014,100
2019-06-28 10:02:35.680536245,101263,230,101075,230,101334,226,100988,226,101534,226,100869,426,101573,100,100654,100,101594,100,100373,4,101598,100,100208,100,101635,100,100188,200,101720,100,100033,100,101729,100,100031,200,101742,100,100014,100
2019-06-28 10:02:40.000000000,101263,196,101075,196,101334,196,100988,196,101534,196,100869,396,101573,196,100654,196,101594,100,100373,4,101598,100,100208,100,101635,100,100188,200,101720,100,100033,100,101729,100,100031,200,101742,100,100014,100
2019-06-28 10:02:42.519854992,101263,196,101075,196,101334,196,100988,196,101534,196,100869,396,101573,196,100654,196,101594,100,100373,4,101598,100,100208,100,101635,100,100188,200,101720,100,100033,100,101729,100,100031,200,101742,100,100014,100
2019-06-28 10:02:50.000000000,101263,196,101075,196,101334,196,100988,196,101534,196,100869,396,101573,196,100654,196,101594,100,100373,4,101598,100,100208,100,101635,100,100188,200,101720,100,100033,100,101729,100,100031,200,101742,100,100014,100
2019-06-28 10:03:00.000000000,101263,196,101075,196,101334,196,100988,196,101534,196,100869,396,101573,196,100654,196,101594,100,100373,4,101598,100,100208,100,101635,100,100188,200,101720,100,100033,100,101729,100,100031,200,101742,100,100014,100
2019-06-28 10:03:10.000000000,101263,176,101075,176,101334,176,100988,176,101534,176,100869,376,101573,176,100654,176,101594,176,100373,80,101598,100,100208,100,101635,100,100188,200,101720,100,100033,100,101729,100,100031,200,101742,100,100014,100
2019-06-28 10:03:12.843201795,101263,176,101075,176,101334,176,100988,176,101364,100,100869,376,101534,176,100654,176,101573,176,100373,80,101594,176,100208,100,101598,100,100188,200,101635,100,100033,100,101720,100,100031,200,101729,100,100014,100
2019-06-28 10:03:20.000000000,101263,176,101075,176,101334,176,100988,176,101364,176,100869,376,101534,176,100654,176,101573,176,100373,80,101594,100,100208,100,101598,100,100188,200,101635,100,100033,100,101720,100,100031,200,101729,100,100014,100
2019-06-28 10:03:20.289200936,101263,176,101075,176,101334,176,100988,176,101364,176,100869,376,101534,176,100654,176,101573,176,100373,80,101594,100,100208,100,101598,100,100188,200,101635,100,100033,100,101720,100,100031,100,101729,100,100014,100
2019-06-28 10:03:22.923758738,101263,176,101075,176,101318,100,100988,176,101334,176,100869,376,101364,176,100654,176,101534,176,100373,80,101573,176,100208,100,101594,100,100188,200,101598,100,100033,100,101635,100,100031,100,101720,100,100014,100
2019-06-28 10:03:30.000000000,101263,196,101075,196,101318,196,100988,196,101334,196,100869,396,101364,196,100654,196,101534,100,100373,4,101573,100,100208,100,101594,100,100188,200,101598,100,100033,100,101635,100,100031,100,101720,100,100014,100
2019-06-28 10:03:36.935019752,101263,196,101075,196,101318,196,101061,100,101334,196,100988,196,101364,196,100869,396,101534,100,100654,196,101573,100,100373,4,101594,100,100208,100,101598,100,100188,200,101635,100,100033,100,101720,100,100031,100
2019-06-28 10:03:37.052433051,101263,196,101075,196,101318,196,101061,100,101319,100,100988,196,101334,196,100869,396,101364,196,100654,196,101534,100,100373,4,101573,100,100188,200,101594,100,100033,100,101598,100,100031,100,101635,100,100014,100
2019-06-28 10:03:40.000000000,101263,196,101075,196,101318,196,101061,196,101319,196,100988,196,101334,196,100869,396,101364,100,100654,100,101534,100,100373,4,101573,100,100188,200,101594,100,100033,100,101598,100,100031,100,101635,100,100014,100
2019-06-28 10:03:47.346916867,101263,196,101094,100,101318,196,101075,196,101319,196,101061,196,101334,196,100988,196,101364,100,100869,396,101534,100,100654,100,101573,100,100373,4,101594,100,100188,200,101598,100,100033,100,101635,100,100031,100
2019-06-28 10:03:50.000000000,101263,230,101094,230,101318,226,101075,226,101319,226,101061,226,101334,100,100988,100,101364,100,100869,300,101534,100,100654,100,101573,100,100373,4,101594,100,100188,200,101598,100,100033,100,101635,100,100031,100
2019-06-28 10:04:00.000000000,101263,230,101094,230,101318,226,101075,226,101319,226,101061,226,101334,100,100988,100,101364,100,100869,300,101534,100,100654,100,101573,100,100373,4,101594,100,100188,200,101598,100,100033,100,101635,100,100031,100
2019-06-28 10:04:10.000000000,101263,482,101094,482,101318,100,101075,100,101319,100,101061,100,101334,100,100988,100,101364,100,100869,300,101534,100,100654,100,101573,100,100373,4,101594,100,100188,200,101598,100,100033,100,101635,100,100031,100
2019-06-28 10:04:20.000000000,101263,230,101094,230,101318,226,101075,226,101319,226,101061,226,101334,100,100988,100,101364,100,100869,300,101534,100,100654,100,101573,100,100373,4,101594,100,100188,200,101598,100,100033,100,101635,100,100031,100
2019-06-28 10:04:20.873079641,101263,230,101094,130,101318,226,101075,226,101319,226,101061,226,101334,100,100988,100,101364,100,100869,300,101534,100,100373,4,101573,100,100188,200,101594,100,100033,100,101598,100,100031,100,101635,100,100014,100
2019-06-28 10:04:30.000000000,101263,482,101075,482,101318,100,101061,100,101319,100,100988,100,101334,100,100869,300,101364,100,100373,4,101534,100,100188,200,101573,100,100033,100,101594,100,100031,100,101598,100,100014,100,101635,100,100005,4
2019-06-28 10:04:40.000000000,101263,482,101075,482,101318,100,101061,100,101319,100,100988,100,101334,100,100869,300,101364,100,100373,4,101534,100,100188,200,101573,100,100033,100,101594,100,100031,100,101598,100,100014,100,101635,100,100005,4
2019-06-28 10:04:50.000000000,101263,196,101075,196,101318,196,101061,196,101319,196,100988,196,101334,196,100869,396,101364,100,100373,4,101534,100,100188,200,101573,100,100033,100,101594,100,100031,100,101598,100,100014,100,101635,100,100005,4
2019-06-28 10:04:59.463294565,101263,96,101075,196,101318,196,101061,196,101319,196,100988,196,101334,196,100869,396,101364,100,100373,4,101534,100,100188,200,101573,100,100033,100,101594,100,100031,100,101598,100,100014,100,101635,100,100005,4
2019-06-28 10:05:00.000000000,101318,196,101075,196,101319,196,101061,196,101334,196,100988,196,101364,196,100869,396,101534,100,100373,4,101573,100,100188,200,101594,100,100033,100,101598,100,100031,100,101635,100,100014,100,101720,100,100005,4
2019-06-28 10:05:03.969252559,101195,100,101075,196,101318,196,101061,196,101319,196,100988,196,101334,196,100869,396,101364,196,100373,4,101534,100,100188,200,101573,100,100033,100,101594,100,100031,100,101598,100,100014,100,101635,100,100005,4
2019-06-28 10:05:10.000000000,101195,176,101075,176,101318,176,101061,176,101319,176,100988,176,101334,176,100869,376,101364,176,100373,80,101534,100,100188,200,101573,100,100033,100,101594,100,100031,100,101598,100,100014,100,101635,100,100005,4
2019-06-28 10:05:15.846881217,101195,176,101075,176,101262,100,101061,176,101318,176,100988,176,101319,176,100869,376,101334,176,100373,80,101364,176,100188,200,101534,100,100033,100,101573,100,100031,100,101594,100,100014,100,101598,100,100005,4
2019-06-28 10:05:20.000000000,101195,196,101075,196,101262,196,101061,196,101318,196,100988,196,101319,196,100869,396,101334,100,100373,4,101364,100,100188,200,101534,100,100033,100,101573,100,100031,100,101594,100,100014,100,101598,100,100005,4
2019-06-28 10:05:30.000000000,101195,230,101075,230,101262,226,101061,226,101318,226,100988,226,101319,100,100869,300,101334,100,100373,4,101364,100,100188,200,101534,100,100033,100,101573,100,100031,100,101594,100,100014,100,101598,100,100005,4
2019-06-28 10:05:36.588599214,101195,230,101095,100,101262,226,101075,230,101318,226,101061,226,101319,100,100988,226,101334,100,100869,200,101364,100,100373,4,101534,100,100188,200,101573,100,100033,100,101594,100,100031,100,101598,100,100014,100
2019-06-28 10:05:38.384265876,101195,230,101075,230,101262,226,101061,226,101318,226,100988,226,101319,100,100869,200,101334,100,100373,4,101364,100,100188,200,101534,100,100033,100,101594,100,100031,100,101598,100,100014,100,101635,100,100005,4
2019-06-28 10:05:40.000000000,101195,230,101075,230,101262,226,101061,226,101318,226,100988,226,101319,100,100869,200,101334,100,100373,4,101364,100,100188,200,101534,100,100033,100,101594,100,100031,100,101598,100,100014,100,101635,100,100005,4
2019-06-28 10:05:43.261419929,101195,230,101075,130,101262,226,101061,226,101318,226,100988,226,101319,100,100869,200,101334,100,100188,200,101364,100,100033,100,101534,100,100031,100,101594,100,100014,100,101598,100,100005,4,101635,100,99846,100
2019-06-28 10:05:50.000000000,101195,291,101061,291,101262,291,100988,291,101318,100,100869,200,101319,100,100188,200,101334,100,100033,100,101364,100,100031,100,101534,100,100014,100,101594,100,100005,4,101598,100,99846,100,101635,100,99844,100
2019-06-28 10:06:00.000000000,101195,196,101061,196,101262,196,100988,196,101318,196,100869,296,101319,196,100188,296,101334,100,100033,100,101364,100,100031,100,101534,100,100014,100,101594,100,100005,4,101598,100,99846,100,101635,100,99844,100
2019-06-28 10:06:02.202240235,101195,196,101061,196,101262,196,100988,196,101318,196,100869,296,101319,196,100736,100,101334,100,100188,296,101364,100,100033,100,101534,100,100031,100,101594,100,100014,100,101598,100,100005,4,101635,100,99846,100
2019-06-28 10:06:10.000000000,101195,176,101061,176,101262,176,100988,176,101318,176,100869,276,101319,176,100736,176,101334,176,100188,276,101364,100,100033,100,101534,100,100031,100,101594,100,100014,100,101598,100,100005,4,101635,100,99846,100
2019-06-28 10:06:17.522451727,101095,100,101061,176,101195,176,100988,176,101262,176,100869,276,101318,176,100736,176,101319,176,100188,276,101334,176,100033,100,101364,100,100031,100,101534,100,100014,100,101594,100,100005,4,101598,100,99846,100
2019-06-28 10:06:20.000000000,101095,196,101061,196,101195,196,100988,196,101262,196,100869,296,101318,196,100736,196,101319,100,100188,200,101334,100,100033,100,101364,100,100031,100,101534,100,100014,100,101594,100,100005,4,101598,100,99846,100
2019-06-28 10:06:25.270860515,101095,196,101061,96,101195,196,100988,196,101262,196,100869,296,101318,196,100736,196,101319,100,100188,200,101334,100,100033,100,101364,100,100031,100,101534,100,100014,100,101594,100,100005,4,101598,100,99846,100
2019-06-28 10:06:30.000000000,101095,482,100988,482,101195,100,100869,200,101262,100,100736,100,101318,100,100188,200,101319,100,100033,100,101334,100,100031,100,101364,100,100014,100,101534,100,100005,4,101594,100,99846,100,101598,100,99844,100
2019-06-28 10:06:31.395657305,101075,100,100988,482,101095,482,100869,200,101195,100,100736,100,101262,100,100188,200,101318,100,100033,100,101319,100,100031,100,101334,100,100014,100,101364,100,100005,4,101534,100,99846,100,101594,100,99844,100
2019-06-28 10:06:40.000000000,101075,196,100988,196,101095,196,100869,296,101195,196,100736,196,101262,196,100188,296,101318,100,100033,100,101319,100,100031,100,101334,100,100014,100,101364,100,100005,4,101534,100,99846,100,101594,100,99844,100
2019-06-28 10:06:50.000000000,101075,196,100988,196,101095,196,100869,296,101195,196,100736,196,101262,196,100188,296,101318,100,100033,100,101319,100,100031,100,101334,100,100014,100,101364,100,100005,4,101534,100,99846,100,101594,100,99844,100
2019-06-28 10:06:59.039571456,101075,296,100988,196,101095,196,100869,196,101195,196,100736,196,101262,196,100188,296,101318,100,100033,100,101319,100,100031,100,101334,100,100014,100,101364,100,100005,4,101534,100,99846,100,101594,100,99844,100
