,ask_price_1,ask_size_1,bid_price_1,bid_size_1,ask_price_2,ask_size_2,bid_price_2,bid_size_2,ask_price_3,ask_size_3,bid_price_3,bid_size_3,ask_price_4,ask_size_4,bid_price_4,bid_size_4,ask_price_5,ask_size_5,bid_price_5,bid_size_5,ask_price_6,ask_size_6,bid_price_6,bid_size_6,ask_price_7,ask_size_7,bid_price_7,bid_size_7,ask_price_8,ask_size_8,bid_price_8,bid_size_8,ask_price_9,ask_size_9,bid_price_9,bid_size_9,ask_price_10,ask_size_10,bid_price_10,bid_size_10
2019-06-28 09:30:00.000000002,100210,100,,,,,,,,,,,,,,,,,,,,,,,,,,,,,,,,,,,,,,
2019-06-28 09:30:00.000000008,100210,100,99909,100,,,,,,,,,,,,,,,,,,,,,,,,,,,,,,,,,,,,
2019-06-28 09:30:00.000000010,100016,100,99909,100,100210,100,,,,,,,,,,,,,,,,,,,,,,,,,,,,,,,,,,
2019-06-28 09:30:00.000000014,100016,100,99939,100,100210,100,99909,100,,,,,,,,,,,,,,,,,,,,,,,,,,,,,,,,
2019-06-28 09:30:00.000000019,100016,100,99939,100,100210,100,99909,100,,,99880,100,,,,,,,,,,,,,,,,,,,,,,,,,,,,
2019-06-28 09:30:00.000000022,100016,100,99939,100,100210,100,99909,100,,,99892,100,,,99880,100,,,,,,,,,,,,,,,,,,,,,,,,
2019-06-28 09:30:00.000000023,100016,100,99939,100,100063,100,99909,100,100210,100,99892,100,,,99880,100,,,,,,,,,,,,,,,,,,,,,,,,
2019-06-28 09:30:00.000000024,100016,100,99939,100,100047,100,99909,100,100063,100,99892,100,100210,100,99880,100,,,99855,100,,,,,,,,,,,,,,,,,,,,
2019-06-28 09:30:00.000000027,100016,100,99939,100,100047,100,99909,100,100063,100,99892,100,100066,100,99880,100,100210,100,99855,100,,,,,,,,,,,,,,,,,,,,
2019-06-28 09:30:00.000000033,100016,100,99939,100,100047,100,99909,100,100063,100,99892,100,100066,100,99880,100,100077,100,99855,100,100210,100,,,,,,,,,,,,,,,,,,
2019-06-28 09:30:00.000000034,100016,100,99959,100,100047,100,99939,100,100063,100,99909,100,100066,100,99892,100,100077,100,99880,100,100210,100,99855,100,,,,,,,,,,,,,,,,
2019-06-28 09:30:00.000000035,99992,100,99959,100,100016,100,99939,100,100047,100,99909,100,100063,100,99892,100,100066,100,99880,100,100077,100,99855,100,100210,100,,,,,,,,,,,,,,
2019-06-28 09:30:00.000000036,99992,100,99959,100,100016,100,99939,100,100047,100,99909,100,100063,100,99892,100,100066,100,99880,100,100077,100,99855,100,100124,100,,,100210,100,,,,,,,,,,
2019-06-28 09:30:00.000000037,99992,100,99959,100,100016,100,99939,100,100046,100,99909,100,100047,100,99892,100,100063,100,99880,100,100066,100,99855,100,100077,100,,,100124,100,,,100210,100,,,,,,
2019-06-28 09:30:00.000000038,99992,100,99959,100,100016,100,99939,100,100046,100,99909,100,100047,100,99892,100,100063,100,99880,100,100066,100,99855,100,100077,100,99819,100,100124,100,,,100210,100,,,,,,
2019-06-28 09:30:00.000000039,99992,100,99939,100,100016,100,99909,100,100046,100,99892,100,100047,100,99880,100,100063,100,99855,100,100066,100,99819,100,100077,100,,,100124,100,,,100210,100,,,,,,
2019-06-28 09:30:00.000000040,99992,100,99965,100,100016,100,99939,100,100018,100,99909,100,100046,100,99892,100,100047,100,99880,100,100063,100,99855,100,100066,100,99819,100,100077,100,,,100124,100,,,100210,100,,
2019-06-28 09:30:00.000000042,99992,100,99965,100,100016,100,99939,100,100018,100,99909,100,100046,100,99892,100,100047,100,99880,100,100063,100,99855,100,100066,100,99819,100,100077,100,,,100124,100,,,100178,100,,
2019-06-28 09:30:00.000000043,99992,100,99965,100,100016,100,99939,100,100018,100,99938,100,100046,100,99909,100,100047,100,99892,100,100063,100,99880,100,100066,100,99855,100,100077,100,99819,100,100124,100,,,100178,100,,
2019-06-28 09:30:00.000000045,99992,100,99965,100,100016,100,99939,100,100018,100,99938,100,100046,100,99909,100,100047,100,99892,100,100063,100,99880,100,100066,200,99855,100,100077,100,99819,100,100124,100,,,100178,100,,
2019-06-28 09:30:00.000000046,99992,100,99965,100,100016,100,99939,100,100018,100,99938,100,100046,100,99909,100,100047,100,99892,100,100063,100,99880,100,100066,200,99855,100,100077,100,99819,100,100087,100,,,100090,100,,
2019-06-28 09:30:00.000000047,99992,100,99965,100,100016,100,99939,200,100018,100,99938,100,100046,100,99936,100,100047,100,99909,100,100063,100,99892,100,100066,200,99880,100,100077,100,99855,100,100087,100,99819,100,100090,100,,
2019-06-28 09:30:00.000000049,99992,100,99965,100,100016,100,99939,200,100018,100,99938,100,100046,100,99936,100,100047,100,99909,100,100063,100,99892,100,100066,200,99880,100,100077,100,99855,100,100087,100,99819,100,100090,100,,
2019-06-28 09:30:00.000000050,100016,100,99965,100,100018,100,99939,200,100046,100,99938,100,100047,100,99936,100,100063,100,99909,100,100066,200,99892,100,100077,100,99880,100,100087,100,99855,100,100090,100,99819,100,100124,100,,
2019-06-28 09:30:00.000000053,100016,100,99965,100,100018,100,99939,200,100046,100,99938,100,100047,100,99936,100,100063,100,99916,100,100066,200,99909,100,100077,100,99892,100,100087,100,99880,100,100090,100,99855,100,100124,100,99819,100
2019-06-28 09:30:00.000000056,100016,100,99965,100,100018,100,99939,200,100041,100,99938,100,100046,100,99936,100,100047,100,99916,100,100063,100,99909,100,100066,200,99892,100,100077,100,99880,100,100087,100,99855,100,100090,100,99819,100
2019-06-28 09:30:00.000000059,100016,100,99965,100,100018,100,99939,200,100041,100,99938,100,100045,100,99936,100,100046,100,99916,100,100047,100,99909,100,100063,100,99892,100,100066,200,99880,100,100077,100,99855,100,100087,100,99819,100
2019-06-28 09:30:00.000000060,100018,100,99987,100,100041,100,99965,100,100045,100,99939,200,100046,100,99938,100,100047,100,99936,100,100063,100,99916,100,100066,200,99909,100,100077,100,99892,100,100087,100,99880,100,100090,100,99855,100
2019-06-28 09:30:00.000000062,100018,100,99987,100,100041,100,99970,100,100045,100,99965,100,100046,100,99939,200,100047,100,99938,100,100063,100,99936,100,100066,200,99916,100,100077,100,99909,100,100087,100,99892,100,100090,100,99880,100
2019-06-28 09:30:00.000000063,100018,100,99987,100,100041,100,99970,100,100045,100,99965,100,100046,100,99939,200,100047,100,99938,100,100063,100,99936,100,100066,200,99916,100,100077,100,99909,100,100087,100,99892,100,100090,100,99880,100
2019-06-28 09:30:00.000000066,100018,100,99992,100,100041,100,99987,100,100045,100,99970,100,100046,100,99965,100,100047,100,99946,100,100063,100,99939,200,100066,200,99938,100,100077,100,99936,100,100087,100,99916,100,100090,100,99909,100
2019-06-28 09:30:00.000000072,100016,100,99992,100,100018,100,99987,100,100041,100,99970,100,100045,100,99965,100,100046,100,99946,100,100047,100,99939,200,100063,100,99938,100,100066,200,99936,100,100077,100,99916,100,100087,100,99909,100
2019-06-28 09:30:00.000000074,100016,100,99992,100,100018,100,99987,100,100041,100,99970,100,100045,100,99965,100,100046,100,99946,100,100047,100,99939,200,100063,100,99938,100,100066,200,99936,100,100077,100,99916,100,100087,100,99909,100
2019-06-28 09:30:00.000000075,100016,100,99992,100,100018,100,99987,100,100041,100,99970,100,100045,100,99965,100,100046,100,99946,100,100047,100,99939,200,100063,100,99938,100,100066,200,99936,100,100077,100,99916,100,100087,100,99909,100
2019-06-28 09:30:00.000000078,100016,100,99992,100,100018,100,99987,100,100041,100,99970,100,100045,100,99965,100,100046,100,99946,100,100047,100,99939,200,100055,100,99938,100,100063,100,99936,100,100066,200,99916,100,100077,100,99909,100
2019-06-28 09:30:00.000000079,100016,300,99992,100,100018,100,99987,100,100041,100,99970,100,100045,100,99965,100,100046,100,99946,100,100047,100,99939,200,100055,100,99938,100,100063,100,99936,100,100066,200,99916,100,100077,100,99909,100
2019-06-28 09:30:00.000000082,100016,300,99987,100,100018,100,99970,100,100041,100,99965,100,100045,100,99946,100,100046,100,99939,200,100047,100,99938,100,100055,100,99936,100,100063,100,99916,100,100066,200,99909,100,100077,100,99901,100
2019-06-28 09:30:00.000000083,100016,200,99987,100,100018,100,99970,100,100041,100,99965,100,100045,100,99946,100,100046,100,99939,200,100047,100,99938,100,100055,100,99936,100,100063,100,99916,100,100066,200,99909,100,100077,100,99901,100
2019-06-28 09:30:00.000000084,100016,200,99970,100,100018,100,99965,100,100041,100,99946,100,100045,100,99939,200,100046,100,99938,100,100047,100,99936,100,100055,100,99916,100,100063,100,99909,100,100066,200,99901,100,100077,100,99900,200
2019-06-28 09:30:00.000000087,99990,100,99970,100,100016,200,99965,100,100018,100,99946,100,100041,100,99939,200,100045,100,99938,100,100046,100,99936,100,100047,100,99916,100,100055,100,99909,100,100063,100,99901,100,100066,200,99900,200
2019-06-28 09:30:00.000000088,99990,100,99970,100,100016,200,99965,100,100018,100,99946,100,100041,100,99939,200,100042,100,99938,100,100045,100,99936,100,100046,100,99916,100,100047,100,99909,100,100055,100,99901,100,100063,100,99900,200
2019-06-28 09:30:00.000000089,99990,100,99989,100,100016,200,99970,100,100018,100,99965,100,100041,100,99946,100,100042,100,99939,200,100045,100,99938,100,100046,100,99936,100,100047,100,99916,100,100055,100,99909,100,100063,100,99901,100
2019-06-28 09:30:00.000000091,99990,100,99989,100,100016,300,99970,100,100018,100,99965,100,100041,100,99946,100,100042,100,99939,200,100045,200,99938,100,100046,100,99936,100,100047,100,99916,100,100055,100,99909,100,100063,100,99901,100
2019-06-28 09:30:00.000000092,99990,100,99989,100,100016,300,99987,100,100018,100,99970,100,100041,100,99965,100,100042,100,99946,100,100045,200,99939,200,100046,100,99938,100,100047,100,99936,100,100055,100,99916,100,100063,100,99909,100
2019-06-28 09:30:00.000000093,99990,100,99989,100,100016,400,99987,100,100018,100,99970,100,100041,100,99965,100,100042,100,99946,100,100045,200,99939,200,100046,100,99938,100,100047,100,99936,100,100055,100,99916,100,100063,100,99909,100
2019-06-28 09:30:00.000000094,99990,100,99989,100,100016,400,99987,100,100018,100,99973,100,100041,100,99970,100,100042,100,99965,100,100045,200,99946,100,100046,100,99939,200,100047,100,99938,100,100055,100,99936,100,100059,100,99916,100
2019-06-28 09:30:00.000000095,99990,100,99989,100,100016,400,99987,100,100018,100,99973,100,100041,100,99970,100,100042,100,99965,100,100045,200,99946,100,100046,100,99939,200,100047,100,99938,100,100055,100,99936,100,100059,100,99916,100
2019-06-28 09:30:00.000000096,99990,100,99989,100,100016,500,99987,200,100018,100,99973,100,100041,100,99970,100,100042,100,99965,100,100045,200,99946,100,100046,100,99939,200,100047,100,99938,100,100055,100,99936,100,100059,100,99916,100
2019-06-28 09:30:00.000000098,99990,100,99989,100,100016,600,99987,200,100018,100,99973,100,100041,100,99970,100,100042,100,99965,100,100045,200,99946,100,100046,100,99939,200,100047,100,99938,100,100055,100,99936,100,100059,100,99916,100
2019-06-28 09:30:10.000000000,99990,249,99989,249,100016,745,99987,345,100018,245,99973,245,100041,100,99970,100,100042,100,99965,100,100045,200,99946,100,100046,100,99939,200,100047,100,99938,100,100055,100,99936,100,100059,100,99916,100
2019-06-28 09:30:16.153890181,99990,149,99989,149,100016,745,99987,345,100018,245,99973,245,100041,100,99970,100,100042,100,99965,100,100045,200,99946,100,100046,100,99939,200,100047,100,99938,100,100055,100,99936,100,100059,100,99916,100
2019-06-28 09:30:20.000000000,100016,710,99987,310,100018,210,99973,210,100041,210,99970,210,100042,210,99965,210,100045,200,99946,100,100046,100,99939,200,100047,100,99938,100,100055,100,99936,100,100059,100,99916,100,100063,100,99913,100
2019-06-28 09:30:30.000000000,100016,820,99987,420,100018,320,99973,320,100041,100,99970,100,100042,100,99965,100,100045,200,99946,100,100046,100,99939,200,100047,100,99938,100,100055,100,99936,100,100059,100,99916,100,100063,100,99913,100
2019-06-28 09:30:35.038727835,100016,820,99987,420,100018,320,99973,320,100041,100,99970,100,100042,100,99965,100,100045,200,99946,100,100046,100,99939,200,100047,100,99938,100,100055,100,99936,100,100059,100,99916,100,100063,100,99913,100
2019-06-28 09:30:35.330696400,100016,820,99987,420,100018,320,99973,320,100041,100,99970,100,100042,100,99965,100,100045,200,99946,100,100046,100,99939,200,100047,100,99938,100,100055,100,99936,100,100059,100,99916,100,100063,100,99913,100
2019-06-28 09:30:40.000000000,100016,749,99987,349,100018,245,99973,245,100041,245,99970,245,100042,100,99965,100,100045,200,99946,100,100046,100,99939,200,100047,100,99938,100,100055,100,99936,100,100059,100,99916,100,100063,100,99913,100
2019-06-28 09:30:50.000000000,100016,688,99987,288,100018,188,99973,188,100041,188,99970,188,100042,188,99965,188,100045,288,99946,188,100046,100,99939,200,100047,100,99938,100,100055,100,99936,100,100059,100,99916,100,100063,100,99913,100
2019-06-28 09:30:53.129529812,100016,688,99990,100,100018,188,99987,288,100041,188,99973,188,100042,188,99970,188,100045,288,99965,188,100046,100,99946,188,100047,100,99939,200,100055,100,99938,100,100059,100,99936,100,100063,100,99916,100
2019-06-28 09:30:55.414598926,100016,588,99990,100,100018,188,99987,288,100041,188,99973,188,100042,188,99970,188,100045,288,99965,188,100046,100,99946,188,100047,100,99939,200,100055,100,99938,100,100059,100,99936,100,100063,100,99916,100
2019-06-28 09:31:00.000000000,100016,610,99990,210,100018,210,99987,310,100041,210,99973,210,100042,210,99970,210,100045,200,99965,100,100046,100,99946,100,100047,100,99939,200,100055,100,99938,100,100059,100,99936,100,100063,100,99916,100
2019-06-28 09:31:01.588751776,100015,100,99990,210,100016,610,99987,310,100018,210,99973,210,100041,210,99970,210,100042,210,99965,100,100045,200,99946,100,100046,100,99939,200,100047,100,99938,100,100055,100,99936,100,100059,100,99916,100
2019-06-28 09:31:10.000000000,100015,539,99990,539,100016,500,99987,200,100018,100,99973,100,100041,100,99970,100,100042,100,99965,100,100045,200,99946,100,100046,100,99939,200,100047,100,99938,100,100055,100,99936,100,100059,100,99916,100
2019-06-28 09:31:18.337980173,100015,439,99990,539,100016,500,99987,200,100018,100,99973,100,100041,100,99970,100,100042,100,99965,100,100045,200,99946,100,100046,100,99939,200,100047,100,99938,100,100055,100,99936,100,100059,100,99916,100
2019-06-28 09:31:20.000000000,100016,939,99990,539,100018,100,99987,200,100041,100,99973,100,100042,100,99970,100,100045,200,99965,100,100046,100,99946,100,100047,100,99939,200,100055,100,99938,100,100059,100,99936,100,100063,100,99916,100
2019-06-28 09:31:30.000000000,100016,610,99990,210,100018,210,99987,310,100041,210,99973,210,100042,210,99970,210,100045,200,99965,100,100046,100,99946,100,100047,100,99939,200,100055,100,99938,100,100059,100,99936,100,100063,100,99916,100
2019-06-28 09:31:40.000000000,100016,720,99990,320,100018,320,99987,420,100041,100,99973,100,100042,100,99970,100,100045,200,99965,100,100046,100,99946,100,100047,100,99939,200,100055,100,99938,100,100059,100,99936,100,100063,100,99916,100
2019-06-28 09:31:50.000000000,100016,649,99990,249,100018,245,99987,345,100041,245,99973,245,100042,100,99970,100,100045,200,99965,100,100046,100,99946,100,100047,100,99939,200,100055,100,99938,100,100059,100,99936,100,100063,100,99916,100
2019-06-28 09:32:00.000000000,100016,720,99990,320,100018,320,99987,420,100041,100,99973,100,100042,100,99970,100,100045,200,99965,100,100046,100,99946,100,100047,100,99939,200,100055,100,99938,100,100059,100,99936,100,100063,100,99916,100
2019-06-28 09:32:09.020465856,100016,720,99990,320,100018,320,99987,420,100041,100,99973,100,100042,100,99970,100,100045,200,99965,100,100046,100,99946,100,100047,100,99939,200,100055,100,99938,100,100059,100,99936,100,100063,100,99916,100
2019-06-28 09:32:10.000000000,100016,720,99990,320,100018,320,99987,420,100041,100,99973,100,100042,100,99970,100,100045,200,99965,100,100046,100,99946,100,100047,100,99939,200,100055,100,99938,100,100059,100,99936,100,100063,100,99916,100
2019-06-28 09:32:20.000000000,100016,649,99990,249,100018,245,99987,345,100041,245,99973,245,100042,100,99970,100,100045,200,99965,100,100046,100,99946,100,100047,100,99939,200,100055,100,99938,100,100059,100,99936,100,100063,100,99916,100
2019-06-28 09:32:30.000000000,100016,610,99990,210,100018,210,99987,310,100041,210,99973,210,100042,210,99970,210,100045,200,99965,100,100046,100,99946,100,100047,100,99939,200,100055,100,99938,100,100059,100,99936,100,100063,100,99916,100
2019-06-28 09:32:40.000000000,100016,720,99990,320,100018,320,99987,420,100041,100,99973,100,100042,100,99970,100,100045,200,99965,100,100046,100,99946,100,100047,100,99939,200,100055,100,99938,100,100059,100,99936,100,100063,100,99916,100
2019-06-28 09:32:45.686896582,100016,720,99990,320,100018,320,99987,420,100041,100,99973,100,100042,100,99970,100,100045,200,99965,100,100046,100,99946,100,100047,100,99939,200,100055,100,99938,100,100059,100,99936,100,100063,100,99916,100
2019-06-28 09:32:49.053590151,100014,100,99990,320,100016,720,99987,420,100018,320,99973,100,100041,100,99970,100,100042,100,99965,100,100045,200,99946,100,100047,100,99939,200,100055,100,99938,100,100059,100,99936,100,100063,100,99916,100
2019-06-28 09:32:50.000000000,100014,210,99990,210,100016,610,99987,310,100018,210,99973,210,100041,210,99970,210,100042,100,99965,100,100045,200,99946,100,100047,100,99939,200,100055,100,99938,100,100059,100,99936,100,100063,100,99916,100
2019-06-28 09:32:57.246564681,100014,210,99990,110,100016,610,99987,310,100018,210,99973,210,100041,210,99970,210,100042,100,99965,100,100045,200,99946,100,100047,100,99939,200,100055,100,99938,100,100059,100,99936,100,100063,100,99916,100
2019-06-28 09:33:00.000000000,100014,188,99987,288,100016,588,99973,188,100018,188,99970,188,100041,188,99965,188,100042,188,99946,188,100045,200,99939,200,100047,100,99938,100,100055,100,99936,100,100059,100,99916,100,100063,100,99913,100
2019-06-28 09:33:05.488525521,100014,188,99987,288,100016,588,99973,188,100018,188,99970,188,100041,188,99965,188,100042,188,99946,188,100045,100,99939,200,100047,100,99938,100,100055,100,99936,100,100059,100,99916,100,100063,100,99913,100
2019-06-28 09:33:10.000000000,100014,320,99987,420,100016,720,99973,320,100018,100,99970,100,100041,100,99965,100,100042,100,99946,100,100045,100,99939,200,100047,100,99938,100,100055,100,99936,100,100059,100,99916,100,100063,100,99913,100
2019-06-28 09:33:16.045010425,100014,320,99987,320,100016,720,99973,320,100018,100,99970,100,100041,100,99965,100,100042,100,99946,100,100045,100,99939,100,100047,100,99938,100,100055,100,99936,100,100059,100,99916,100,100063,100,99913,100
2019-06-28 09:33:20.000000000,100014,539,99987,539,100016,500,99973,100,100018,100,99970,100,100041,100,99965,100,100042,100,99946,100,100045,100,99939,100,100047,100,99938,100,100055,100,99936,100,100059,100,99916,100,100063,100,99913,100
2019-06-28 09:33:30.000000000,100014,210,99987,210,100016,610,99973,210,100018,210,99970,210,100041,210,99965,210,100042,100,99946,100,100045,100,99939,100,100047,100,99938,100,100055,100,99936,100,100059,100,99916,100,100063,100,99913,100
2019-06-28 09:33:40.000000000,100014,249,99987,249,100016,645,99973,245,100018,245,99970,245,100041,100,99965,100,100042,100,99946,100,100045,100,99939,100,100047,100,99938,100,100055,100,99936,100,100059,100,99916,100,100063,100,99913,100
2019-06-28 09:33:40.033172777,100014,249,99987,149,100016,645,99973,245,100018,245,99970,245,100041,100,99965,100,100042,100,99946,100,100045,100,99939,100,100047,100,99938,100,100055,100,99936,100,100059,100,99916,100,100063,100,99913,100
2019-06-28 09:33:50.000000000,100014,249,99973,249,100016,645,99970,245,100018,245,99965,245,100041,100,99946,100,100042,100,99939,100,100045,100,99938,100,100047,100,99936,100,100055,100,99916,100,100059,100,99913,100,100063,100,99909,100
2019-06-28 09:33:52.899297332,100014,249,99973,249,100016,645,99970,245,100018,245,99965,245,100041,100,99946,100,100042,100,99939,100,100045,100,99938,100,100047,100,99936,100,100055,100,99916,100,100059,100,99913,100,100063,100,99909,100
2019-06-28 09:34:00.000000000,100014,539,99973,539,100016,500,99970,100,100018,100,99965,100,100041,100,99946,100,100042,100,99939,100,100045,100,99938,100,100047,100,99936,100,100055,100,99916,100,100059,100,99913,100,100063,100,99909,100
2019-06-28 09:34:06.075793502,99987,100,99973,539,100014,539,99970,100,100016,500,99965,100,100018,100,99946,100,100041,100,99939,100,100042,100,99938,100,100045,100,99936,100,100047,100,99916,100,100055,100,99913,100,100059,100,99909,100
2019-06-28 09:34:10.000000000,99987,188,99973,188,100014,188,99970,188,100016,588,99965,188,100018,188,99946,188,100041,188,99939,188,100042,100,99938,100,100045,100,99936,100,100047,100,99916,100,100055,100,99913,100,100059,100,99909,100
2019-06-28 09:34:20.000000000,99987,249,99973,249,100014,245,99970,245,100016,645,99965,245,100018,100,99946,100,100041,100,99939,100,100042,100,99938,100,100045,100,99936,100,100047,100,99916,100,100055,100,99913,100,100059,100,99909,100
2019-06-28 09:34:20.861527780,99987,249,99973,249,100014,245,99970,245,100016,645,99965,245,100018,100,99946,100,100041,100,99939,100,100042,100,99938,100,100045,100,99936,100,100047,100,99916,100,100055,100,99913,100,100059,100,99909,100
2019-06-28 09:34:21.799306523,99987,249,99973,149,100014,245,99970,245,100016,645,99965,245,100018,100,99946,100,100041,100,99939,100,100042,100,99938,100,100045,100,99936,100,100047,100,99916,100,100055,100,99913,100,100059,100,99909,100
2019-06-28 09:34:23.758140363,99987,249,99973,149,100014,245,99970,245,100016,645,99965,245,100018,100,99946,100,100041,100,99939,100,100042,100,99938,100,100045,100,99936,100,100047,100,99916,100,100055,100,99913,100,100059,100,99909,100
2019-06-28 09:34:26.888184684,99987,249,99973,49,100014,245,99970,245,100016,645,99965,245,100018,100,99946,100,100041,100,99939,100,100042,100,99938,100,100045,100,99936,100,100047,100,99916,100,100055,100,99913,100,100059,100,99909,100
2019-06-28 09:34:29.607461932,99987,249,99973,49,100014,245,99970,245,100016,645,99965,245,100018,100,99946,100,100041,100,99939,100,100042,100,99938,100,100045,100,99936,100,100047,100,99929,100,100055,100,99916,100,100059,100,99913,100
2019-06-28 09:34:30.000000000,99987,320,99970,320,100014,320,99965,320,100016,500,99946,100,100018,100,99939,100,100041,100,99938,100,100042,100,99936,100,100045,100,99929,100,100047,100,99916,100,100055,100,99913,100,100059,100,99909,100
2019-06-28 09:34:34.102069812,99973,100,99970,320,99987,320,99965,320,100014,320,99946,100,100016,500,99939,100,100018,100,99938,100,100041,100,99936,100,100042,100,99929,100,100045,100,99916,100,100047,100,99913,100,100055,100,99909,100
2019-06-28 09:34:40.000000000,99973,188,99970,188,99987,188,99965,188,100014,188,99946,188,100016,588,99939,188,100018,188,99938,188,100041,100,99936,100,100042,100,99929,100,100045,100,99916,100,100047,100,99913,100,100055,100,99909,100
2019-06-28 09:34:50.000000000,99973,188,99970,188,99987,188,99965,188,100014,188,99946,188,100016,588,99939,188,100018,188,99938,188,100041,100,99936,100,100042,100,99929,100,100045,100,99916,100,100047,100,99913,100,100055,100,99909,100
2019-06-28 09:34:51.069955046,99973,288,99970,188,99987,188,99965,188,100014,188,99946,188,100016,588,99939,188,100018,188,99938,188,100041,100,99936,100,100042,100,99929,100,100045,100,99916,100,100047,100,99913,100,100055,100,99909,100
2019-06-28 09:34:57.881584755,99973,288,99970,88,99987,188,99965,188,100014,188,99946,188,100016,588,99939,188,100018,188,99938,188,100041,100,99936,100,100042,100,99929,100,100045,100,99916,100,100047,100,99913,100,100055,100,99909,100
2019-06-28 09:35:00.000000000,99973,639,99965,539,99987,100,99946,100,100014,100,99939,100,100016,500,99938,100,100018,100,99936,100,100041,100,99929,100,100042,100,99916,100,100045,100,99913,100,100047,100,99909,100,100055,100,99907,100
2019-06-28 09:35:10.000000000,99973,639,99965,539,99987,100,99946,100,100014,100,99939,100,100016,500,99938,100,100018,100,99936,100,100041,100,99929,100,100042,100,99916,100,100045,100,99913,100,100047,100,99909,100,100055,100,99907,100
2019-06-28 09:35:20.000000000,99973,639,99965,539,99987,100,99946,100,100014,100,99939,100,100016,500,99938,100,100018,100,99936,100,100041,100,99929,100,100042,100,99916,100,100045,100,99913,100,100047,100,99909,100,100055,100,99907,100
2019-06-28 09:35:26.089298560,99973,639,99965,539,99987,100,99946,100,100014,100,99939,100,100016,500,99938,100,100018,100,99936,100,100041,100,99929,100,100042,100,99916,100,100045,100,99913,100,100047,100,99909,100,100055,100,99907,100
2019-06-28 09:35:26.475778917,99972,100,99965,539,99973,539,99946,100,99987,100,99939,100,100014,100,99938,100,100016,500,99936,100,100018,100,99929,100,100041,100,99916,100,100042,100,99913,100,100045,100,99909,100,100047,100,99907,100
2019-06-28 09:35:28.200051131,99972,100,99965,439,99973,539,99946,100,99987,100,99939,100,100014,100,99938,100,100016,500,99936,100,100018,100,99929,100,100041,100,99916,100,100042,100,99913,100,100045,100,99909,100,100047,100,99907,100
2019-06-28 09:35:30.000000000,99972,320,99946,320,99973,320,99939,320,99987,100,99938,100,100014,100,99936,100,100016,500,99929,100,100018,100,99916,100,100041,100,99913,100,100042,100,99909,100,100045,100,99907,100,100047,100,99900,200
2019-06-28 09:35:40.000000000,99972,210,99946,210,99973,210,99939,210,99987,210,99938,210,100014,210,99936,210,100016,500,99929,100,100018,100,99916,100,100041,100,99913,100,100042,100,99909,100,100045,100,99907,100,100047,100,99900,200
2019-06-28 09:35:50.000000000,99972,539,99946,539,99973,100,99939,100,99987,100,99938,100,100014,100,99936,100,100016,500,99929,100,100018,100,99916,100,100041,100,99913,100,100042,100,99909,100,100045,100,99907,100,100047,100,99900,200
2019-06-28 09:35:50.361525716,99972,539,99946,439,99973,100,99939,100,99987,100,99938,100,100014,100,99936,100,100016,500,99929,100,100018,100,99916,100,100041,100,99913,100,100042,100,99909,100,100045,100,99907,100,100047,100,99900,200
2019-06-28 09:36:00.000000000,99972,188,99939,188,99973,188,99938,188,99987,188,99936,188,100014,188,99929,188,100016,588,99916,188,100018,100,99913,100,100041,100,99909,100,100042,100,99907,100,100045,100,99900,200,100047,100,99892,100
2019-06-28 09:36:02.195560229,99972,188,99966,100,99973,188,99939,188,99987,188,99938,188,100014,188,99936,188,100016,588,99929,188,100018,100,99916,188,100041,100,99913,100,100042,100,99909,100,100045,100,99907,100,100047,100,99900,200
2019-06-28 09:36:10.000000000,99972,539,99966,539,99973,100,99939,100,99987,100,99938,100,100014,100,99936,100,100016,500,99929,100,100018,100,99916,100,100041,100,99913,100,100042,100,99909,100,100045,100,99907,100,100047,100,99900,200
2019-06-28 09:36:13.894442446,99972,539,99966,539,99973,100,99939,100,99987,100,99938,100,100014,100,99936,100,100016,500,99929,100,100018,100,99916,100,100024,100,99913,100,100041,100,99909,100,100042,100,99907,100,100045,100,99900,200
2019-06-28 09:36:20.000000000,99972,539,99966,539,99973,100,99939,100,99987,100,99938,100,100014,100,99936,100,100016,500,99929,100,100018,100,99916,100,100024,100,99913,100,100041,100,99909,100,100042,100,99907,100,100045,100,99900,200
2019-06-28 09:36:27.170498756,99972,539,99969,100,99973,100,99966,539,99987,100,99939,100,100014,100,99938,100,100016,500,99936,100,100018,100,99929,100,100024,100,99916,100,100041,100,99913,100,100042,100,99909,100,100045,100,99907,100
2019-06-28 09:36:28.074863008,99972,439,99969,100,99973,100,99966,539,99987,100,99939,100,100014,100,99938,100,100016,500,99936,100,100018,100,99929,100,100024,100,99916,100,100041,100,99913,100,100042,100,99909,100,100045,100,99907,100
2019-06-28 09:36:28.112400998,99972,439,99969,100,99973,100,99966,539,99987,100,99939,100,100014,100,99938,100,100016,500,99936,100,100018,100,99929,100,100024,100,99916,100,100041,100,99913,100,100042,100,99909,100,100045,200,99907,100
2019-06-28 09:36:28.810466687,99972,439,99970,100,99973,100,99969,100,99987,100,99966,539,100014,100,99939,100,100016,500,99938,100,100018,100,99936,100,100024,100,99929,100,100041,100,99916,100,100042,100,99913,100,100045,200,99909,100
2019-06-28 09:36:30.000000000,99973,320,99970,320,99987,320,99969,320,100014,100,99966,100,100016,500,99939,100,100018,100,99938,100,100024,100,99936,100,100041,100,99929,100,100042,100,99916,100,100045,200,99913,100,100047,100,99909,100
2019-06-28 09:36:37.483678661,99973,320,99970,320,99987,320,99969,320,100014,100,99966,100,100016,500,99939,100,100018,100,99938,100,100024,100,99936,100,100041,100,99929,100,100042,100,99916,100,100045,200,99913,100,100047,100,99909,100
2019-06-28 09:36:38.016097598,99973,320,99970,320,99987,320,99969,320,100014,100,99966,100,100016,500,99939,100,100018,100,99938,100,100041,100,99936,100,100042,100,99929,100,100045,200,99916,100,100047,100,99913,100,100055,100,99909,100
2019-06-28 09:36:40.000000000,99973,188,99970,188,99987,188,99969,188,100014,188,99966,188,100016,588,99939,188,100018,188,99938,188,100041,100,99936,100,100042,100,99929,100,100045,200,99916,100,100047,100,99913,100,100055,100,99909,100
2019-06-28 09:36:50.000000000,99973,249,99970,249,99987,245,99969,245,100014,245,99966,245,100016,500,99939,100,100018,100,99938,100,100041,100,99936,100,100042,100,99929,100,100045,200,99916,100,100047,100,99913,100,100055,100,99909,100
2019-06-28 09:37:00.000000000,99973,249,99970,249,99987,245,99969,245,100014,245,99966,245,100016,500,99939,100,100018,100,99938,100,100041,100,99936,100,100042,100,99929,100,100045,200,99916,100,100047,100,99913,100,100055,100,99909,100
2019-06-28 09:37:10.000000000,99973,249,99970,249,99987,245,99969,245,100014,245,99966,245,100016,500,99939,100,100018,100,99938,100,100041,100,99936,100,100042,100,99929,100,100045,200,99916,100,100047,100,99913,100,100055,100,99909,100
2019-06-28 09:37:20.000000000,99973,188,99970,188,99987,188,99969,188,100014,188,99966,188,100016,588,99939,188,100018,188,99938,188,100041,100,99936,100,100042,100,99929,100,100045,200,99916,100,100047,100,99913,100,100055,100,99909,100
2019-06-28 09:37:21.571085303,99973,188,99970,88,99987,188,99969,188,100014,188,99966,188,100016,588,99939,188,100018,188,99938,188,100041,100,99936,100,100042,100,99929,100,100045,200,99916,100,100047,100,99913,100,100055,100,99909,100
2019-06-28 09:37:30.000000000,99973,249,99969,249,99987,245,99966,245,100014,245,99939,245,100016,500,99938,100,100018,100,99936,100,100041,100,99929,100,100042,100,99916,100,100045,200,99913,100,100047,100,99909,100,100055,100,99907,100
2019-06-28 09:37:40.000000000,99973,539,99969,539,99987,100,99966,100,100014,100,99939,100,100016,500,99938,100,100018,100,99936,100,100041,100,99929,100,100042,100,99916,100,100045,200,99913,100,100047,100,99909,100,100055,100,99907,100
2019-06-28 09:37:46.565143867,99973,539,99970,100,99987,100,99969,539,100014,100,99966,100,100016,500,99939,100,100018,100,99938,100,100041,100,99936,100,100042,100,99929,100,100045,200,99916,100,100055,100,99913,100,100059,100,99909,100
2019-06-28 09:37:50.000000000,99973,210,99970,210,99987,210,99969,210,100014,210,99966,210,100016,610,99939,210,100018,100,99938,100,100041,100,99936,100,100042,100,99929,100,100045,200,99916,100,100055,100,99913,100,100059,100,99909,100
2019-06-28 09:38:00.000000000,99973,249,99970,249,99987,245,99969,245,100014,245,99966,245,100016,500,99939,100,100018,100,99938,100,100041,100,99936,100,100042,100,99929,100,100045,200,99916,100,100055,100,99913,100,100059,100,99909,100
2019-06-28 09:38:08.225388446,99973,249,99970,249,99987,245,99969,145,100014,245,99966,245,100016,500,99939,100,100018,100,99938,100,100041,100,99936,100,100042,100,99929,100,100045,200,99916,100,100055,100,99913,100,100059,100,99909,100
2019-06-28 09:38:08.651412363,99973,149,99970,249,99987,245,99969,145,100014,245,99966,245,100016,500,99939,100,100018,100,99938,100,100041,100,99936,100,100042,100,99929,100,100045,200,99916,100,100055,100,99913,100,100059,100,99909,100
2019-06-28 09:38:10.000000000,99987,539,99970,539,100014,100,99966,100,100016,500,99939,100,100018,100,99938,100,100041,100,99936,100,100042,100,99929,100,100045,200,99916,100,100055,100,99913,100,100059,100,99909,100,100063,100,99907,100
2019-06-28 09:38:20.000000000,99987,249,99970,249,100014,245,99966,245,100016,645,99939,245,100018,100,99938,100,100041,100,99936,100,100042,100,99929,100,100045,200,99916,100,100055,100,99913,100,100059,100,99909,100,100063,100,99907,100
2019-06-28 09:38:25.590189808,99987,149,99970,249,100014,245,99966,245,100016,645,99939,245,100018,100,99938,100,100041,100,99936,100,100042,100,99929,100,100045,200,99916,100,100055,100,99913,100,100059,100,99909,100,100063,100,99907,100
2019-06-28 09:38:29.624272691,99987,149,99970,249,100014,245,99966,245,100016,545,99939,245,100018,100,99938,100,100041,100,99936,100,100042,100,99929,100,100045,200,99916,100,100055,100,99913,100,100059,100,99909,100,100063,100,99907,100
2019-06-28 09:38:30.000000000,100014,539,99970,539,100016,400,99966,100,100018,100,99939,100,100041,100,99938,100,100042,100,99936,100,100045,200,99929,100,100055,100,99916,100,100059,100,99913,100,100063,100,99909,100,100079,100,99907,100
2019-06-28 09:38:40.000000000,100014,539,99970,539,100016,400,99966,100,100018,100,99939,100,100041,100,99938,100,100042,100,99936,100,100045,200,99929,100,100055,100,99916,100,100059,100,99913,100,100063,100,99909,100,100079,100,99907,100
2019-06-28 09:38:50.000000000,100014,539,99970,539,100016,400,99966,100,100018,100,99939,100,100041,100,99938,100,100042,100,99936,100,100045,200,99929,100,100055,100,99916,100,100059,100,99913,100,100063,100,99909,100,100079,100,99907,100
2019-06-28 09:38:50.394178540,100014,439,99970,539,100016,400,99966,100,100018,100,99939,100,100041,100,99938,100,100042,100,99936,100,100045,200,99929,100,100055,100,99916,100,100059,100,99913,100,100063,100,99909,100,100079,100,99907,100
2019-06-28 09:38:51.170519548,100014,339,99970,539,100016,400,99966,100,100018,100,99939,100,100041,100,99938,100,100045,200,99936,100,100055,100,99929,100,100059,100,99916,100,100063,100,99913,100,100079,100,99909,100,100087,100,99907,100
2019-06-28 09:39:00.000000000,100016,488,99970,188,100018,188,99966,188,100041,188,99939,188,100045,288,99938,188,100055,188,99936,188,100059,100,99929,100,100063,100,99916,100,100079,100,99913,100,100087,100,99909,100,100143,100,99907,100
2019-06-28 09:39:07.008429362,100016,488,99970,188,100018,188,99966,188,100041,188,99939,188,100045,288,99938,188,100055,188,99936,188,100059,100,99929,100,100063,100,99916,100,100079,100,99913,100,100087,100,99909,100,100143,100,99907,100
2019-06-28 09:39:10.000000000,100016,510,99970,210,100018,210,99966,210,100041,210,99939,210,100045,310,99938,210,100055,100,99936,100,100059,100,99929,100,100063,100,99916,100,100079,100,99913,100,100087,100,99909,100,100143,100,99907,100
2019-06-28 09:39:20.000000000,100016,839,99970,539,100018,100,99966,100,100041,100,99939,100,100045,200,99938,100,100055,100,99936,100,100059,100,99929,100,100063,100,99916,100,100079,100,99913,100,100087,100,99909,100,100143,100,99907,100
2019-06-28 09:39:30.000000000,100016,510,99970,210,100018,210,99966,210,100041,210,99939,210,100045,310,99938,210,100055,100,99936,100,100059,100,99929,100,100063,100,99916,100,100079,100,99913,100,100087,100,99909,100,100143,100,99907,100
2019-06-28 09:39:36.068981280,100016,510,99970,210,100018,210,99966,210,100041,210,99939,210,100045,310,99938,210,100055,100,99936,100,100059,100,99929,100,100063,100,99916,100,100079,100,99913,100,100087,100,99909,100,100143,100,99907,100
2019-06-28 09:39:40.000000000,100016,839,99970,539,100018,100,99966,100,100041,100,99939,100,100045,200,99938,100,100055,100,99936,100,100059,100,99929,100,100063,100,99916,100,100079,100,99913,100,100087,100,99909,100,100143,100,99907,100
2019-06-28 09:39:49.368396957,100016,739,99970,539,100018,100,99966,100,100041,100,99939,100,100045,200,99938,100,100055,100,99936,100,100059,100,99929,100,100063,100,99913,100,100079,100,99909,100,100087,100,99907,100,100143,100,99900,200
2019-06-28 09:39:49.989978215,100016,639,99970,539,100018,100,99966,100,100041,100,99939,100,100045,200,99938,100,100055,100,99936,100,100059,100,99929,100,100063,100,99913,100,100079,100,99909,100,100087,100,99907,100,100143,100,99900,200
2019-06-28 09:39:50.000000000,100016,420,99970,320,100018,320,99966,320,100041,100,99939,100,100045,200,99938,100,100055,100,99936,100,100059,100,99929,100,100063,100,99913,100,100079,100,99909,100,100087,100,99907,100,100143,100,99900,200
2019-06-28 09:40:00.000000000,100016,349,99970,249,100018,245,99966,245,100041,245,99939,245,100045,200,99938,100,100055,100,99936,100,100059,100,99929,100,100063,100,99913,100,100079,100,99909,100,100087,100,99907,100,100143,100,99900,200
2019-06-28 09:40:10.000000000,100016,310,99970,210,100018,210,99966,210,100041,210,99939,210,100045,310,99938,210,100055,100,99936,100,100059,100,99929,100,100063,100,99913,100,100079,100,99909,100,100087,100,99907,100,100143,100,99900,200
2019-06-28 09:40:20.000000000,100016,639,99970,539,100018,100,99966,100,100041,100,99939,100,100045,200,99938,100,100055,100,99936,100,100059,100,99929,100,100063,100,99913,100,100079,100,99909,100,100087,100,99907,100,100143,100,99900,200
2019-06-28 09:40:21.789241637,100016,639,100014,100,100018,100,99970,539,100041,100,99939,100,100045,200,99938,100,100055,100,99936,100,100059,100,99929,100,100063,100,99913,100,100079,100,99909,100,100087,100,99907,100,100143,100,99900,200
2019-06-28 09:40:25.348140088,100016,539,100014,100,100018,100,99970,539,100041,100,99939,100,100045,200,99938,100,100055,100,99936,100,100063,100,99929,100,100079,100,99913,100,100087,100,99909,100,100143,100,99907,100,100178,100,99900,200
2019-06-28 09:40:30.000000000,100016,320,100014,320,100018,320,99970,320,100041,100,99939,100,100045,200,99938,100,100055,100,99936,100,100063,100,99929,100,100079,100,99913,100,100087,100,99909,100,100143,100,99907,100,100178,100,99900,200
2019-06-28 09:40:40.000000000,100016,320,100014,320,100018,320,99970,320,100041,100,99939,100,100045,200,99938,100,100055,100,99936,100,100063,100,99929,100,100079,100,99913,100,100087,100,99909,100,100143,100,99907,100,100178,100,99900,200
2019-06-28 09:40:45.437608927,100016,220,100014,320,100018,320,99970,320,100041,100,99939,100,100045,200,99938,100,100055,100,99936,100,100063,100,99929,100,100079,100,99913,100,100087,100,99909,100,100143,100,99907,100,100832,100,99900,200
2019-06-28 09:40:50.000000000,100018,249,100014,249,100041,245,99970,245,100045,345,99939,245,100055,100,99938,100,100063,100,99936,100,100079,100,99929,100,100087,100,99913,100,100143,100,99909,100,100832,100,99907,100,101153,100,99900,200
2019-06-28 09:41:00.000000000,100018,539,100014,539,100041,100,99970,100,100045,200,99939,100,100055,100,99938,100,100063,100,99936,100,100079,100,99929,100,100087,100,99913,100,100143,100,99909,100,100832,100,99907,100,101153,100,99900,200
2019-06-28 09:41:05.840419974,100018,539,100014,539,100041,100,99970,100,100045,200,99939,100,100055,100,99938,100,100063,100,99936,100,100079,100,99929,100,100087,100,99913,100,100143,100,99909,100,100832,100,99907,100,101153,100,99900,200
2019-06-28 09:41:10.000000000,100018,188,100014,188,100041,188,99970,188,100045,288,99939,188,100055,188,99938,188,100063,188,99936,188,100079,100,99929,100,100087,100,99913,100,100143,100,99909,100,100832,100,99907,100,101153,100,99900,200
2019-06-28 09:41:20.000000000,100018,320,100014,320,100041,320,99970,320,100045,200,99939,100,100055,100,99938,100,100063,100,99936,100,100079,100,99929,100,100087,100,99913,100,100143,100,99909,100,100832,100,99907,100,101153,100,99900,200
2019-06-28 09:41:20.595680349,100018,220,100014,320,100041,320,99970,320,100045,200,99939,100,100055,100,99938,100,100063,100,99936,100,100079,100,99929,100,100087,100,99913,100,100143,100,99909,100,101153,100,99907,100,101172,100,99900,200
2019-06-28 09:41:30.000000000,100041,539,100014,539,100045,200,99970,100,100055,100,99939,100,100063,100,99938,100,100079,100,99936,100,100087,100,99929,100,100143,100,99913,100,101153,100,99909,100,101172,100,99907,100,101236,100,99900,200
2019-06-28 09:41:40.000000000,100041,210,100014,210,100045,310,99970,210,100055,210,99939,210,100063,210,99938,210,100079,100,99936,100,100087,100,99929,100,100143,100,99913,100,101153,100,99909,100,101172,100,99907,100,101236,100,99900,200
2019-06-28 09:41:47.432199812,100041,110,100014,210,100045,310,99970,210,100055,210,99939,210,100063,210,99938,210,100079,100,99936,100,100087,100,99929,100,100143,100,99913,100,101153,100,99909,100,101172,100,99907,100,101236,100,99900,200
2019-06-28 09:41:50.000000000,100045,288,100014,188,100055,188,99970,188,100063,188,99939,188,100079,188,99938,188,100087,188,99936,188,100143,100,99929,100,101153,100,99913,100,101172,100,99909,100,101236,100,99907,100,,,99900,200
2019-06-28 09:42:00.000000000,100045,420,100014,320,100055,320,99970,320,100063,100,99939,100,100079,100,99938,100,100087,100,99936,100,100143,100,99929,100,101153,100,99913,100,101172,100,99909,100,101236,100,99907,100,,,99900,200
2019-06-28 09:42:10.000000000,100045,639,100014,539,100055,100,99970,100,100063,100,99939,100,100079,100,99938,100,100087,100,99936,100,100143,100,99929,100,101153,100,99913,100,101172,100,99909,100,101236,100,99907,100,,,99900,200
2019-06-28 09:42:11.066424774,100045,539,100014,539,100055,100,99970,100,100063,100,99939,100,100079,100,99938,100,100087,100,99936,100,100143,100,99929,100,101153,100,99913,100,101172,100,99909,100,101236,100,99907,100,,,99900,200
2019-06-28 09:42:20.000000000,100045,539,100014,539,100055,100,99970,100,100063,100,99939,100,100079,100,99938,100,100087,100,99936,100,100143,100,99929,100,101153,100,99913,100,101172,100,99909,100,101236,100,99907,100,,,99900,200
2019-06-28 09:42:30.000000000,100045,539,100014,539,100055,100,99970,100,100063,100,99939,100,100079,100,99938,100,100087,100,99936,100,100143,100,99929,100,101153,100,99913,100,101172,100,99909,100,101236,100,99907,100,,,99900,200
2019-06-28 09:42:37.719749670,100045,439,100014,539,100055,100,99970,100,100063,100,99939,100,100079,100,99938,100,100087,100,99936,100,100143,100,99929,100,101153,100,99913,100,101172,100,99909,100,101236,100,99907,100,,,99900,200
2019-06-28 09:42:40.000000000,100055,539,100014,539,100063,100,99970,100,100079,100,99939,100,100087,100,99938,100,100143,100,99936,100,101153,100,99929,100,101172,100,99913,100,101236,100,99909,100,,,99907,100,,,99900,200
2019-06-28 09:42:42.962137072,100055,539,100045,100,100063,100,100014,539,100079,100,99970,100,100087,100,99939,100,100143,100,99938,100,101153,100,99936,100,101172,100,99929,100,101236,100,99913,100,,,99909,100,,,99907,100
2019-06-28 09:42:45.083694609,100055,539,100014,539,100063,100,99970,100,100079,100,99939,100,100087,100,99938,100,100143,100,99936,100,101153,100,99929,100,101172,100,99913,100,101236,100,99909,100,,,99907,100,,,99900,200
2019-06-28 09:42:45.416822480,100055,539,100045,100,100063,100,100014,539,100079,100,99970,100,100087,100,99939,100,100143,100,99938,100,101153,100,99936,100,101172,100,99929,100,101236,100,99913,100,,,99909,100,,,99907,100
2019-06-28 09:42:50.000000000,100055,210,100045,210,100063,210,100014,210,100079,210,99970,210,100087,210,99939,210,100143,100,99938,100,101153,100,99936,100,101172,100,99929,100,101236,100,99913,100,,,99909,100,,,99907,100
2019-06-28 09:43:00.000000000,100055,188,100045,188,100063,188,100014,188,100079,188,99970,188,100087,188,99939,188,100143,188,99938,188,101153,100,99936,100,101172,100,99929,100,101236,100,99913,100,,,99909,100,,,99907,100
2019-06-28 09:43:10.000000000,100055,249,100045,249,100063,245,100014,245,100079,245,99970,245,100087,100,99939,100,100143,100,99938,100,101153,100,99936,100,101172,100,99929,100,101236,100,99913,100,,,99909,100,,,99907,100
2019-06-28 09:43:16.085297172,100055,249,100045,249,100063,245,100014,245,100079,245,99970,245,100087,100,99939,100,100143,100,99938,100,101153,100,99936,100,101172,100,99929,100,101236,100,99913,100,102039,100,99909,100,,,99907,100
2019-06-28 09:43:20.000000000,100055,539,100045,539,100063,100,100014,100,100079,100,99970,100,100087,100,99939,100,100143,100,99938,100,101153,100,99936,100,101172,100,99929,100,101236,100,99913,100,102039,100,99909,100,,,99907,100
2019-06-28 09:43:21.248178279,100055,539,100045,639,100063,100,99970,100,100079,100,99939,100,100087,100,99938,100,100143,100,99936,100,101153,100,99929,100,101172,100,99913,100,101236,100,99909,100,102039,100,99907,100,,,99900,200
2019-06-28 09:43:30.000000000,100055,249,100045,349,100063,245,99970,245,100079,245,99939,245,100087,100,99938,100,100143,100,99936,100,101153,100,99929,100,101172,100,99913,100,101236,100,99909,100,102039,100,99907,100,,,99900,200
2019-06-28 09:43:31.241786229,100055,149,100045,349,100063,245,99970,245,100079,245,99939,245,100087,100,99938,100,100143,100,99936,100,101153,100,99929,100,101172,100,99913,100,101236,100,99909,100,102039,100,99907,100,,,99900,200
2019-06-28 09:43:39.936374265,100055,149,100046,100,100063,245,100045,349,100079,245,99970,245,100087,100,99939,245,100143,100,99938,100,101153,100,99936,100,101172,100,99929,100,101236,100,99913,100,102039,100,99909,100,,,99907,100
2019-06-28 09:43:40.000000000,100063,320,100046,320,100079,320,100045,420,100087,100,99970,100,100143,100,99939,100,101153,100,99938,100,101172,100,99936,100,101236,100,99929,100,102039,100,99913,100,,,99909,100,,,99907,100
2019-06-28 09:43:41.786776248,100063,220,100046,320,100079,320,100045,420,100087,100,99970,100,100143,100,99939,100,101153,100,99938,100,101172,100,99936,100,101236,100,99929,100,102039,100,99913,100,,,99909,100,,,99907,100
2019-06-28 09:43:50.000000000,100079,539,100046,539,100087,100,100045,200,100143,100,99970,100,101153,100,99939,100,101172,100,99938,100,101236,100,99936,100,102039,100,99929,100,,,99913,100,,,99909,100,,,99907,100
2019-06-28 09:43:51.890296864,100079,539,100046,539,100087,100,100045,200,100143,100,99970,100,101153,100,99939,100,101172,100,99938,100,101236,100,99936,100,102009,100,99929,100,102039,100,99913,100,,,99909,100,,,99907,100
2019-06-28 09:43:52.699824483,100079,539,100055,100,100087,100,100046,439,100143,100,100045,200,101153,100,99970,100,101172,100,99939,100,101236,100,99938,100,102009,100,99936,100,102039,100,99929,100,,,99913,100,,,99909,100
2019-06-28 09:44:00.000000000,100079,539,100055,539,100087,100,100045,200,100143,100,99970,100,101153,100,99939,100,101172,100,99938,100,101236,100,99936,100,102009,100,99929,100,102039,100,99913,100,,,99909,100,,,99907,100
2019-06-28 09:44:10.000000000,100079,249,100055,249,100087,245,100045,345,100143,245,99970,245,101153,100,99939,100,101172,100,99938,100,101236,100,99936,100,102009,100,99929,100,102039,100,99913,100,,,99909,100,,,99907,100
2019-06-28 09:44:12.890864233,100079,149,100055,249,100087,245,100045,345,100143,245,99970,245,101153,100,99939,100,101172,100,99938,100,101236,100,99936,100,102009,100,99929,100,102039,100,99913,100,,,99909,100,,,99907,100
2019-06-28 09:44:20.000000000,100087,320,100055,320,100143,320,100045,420,101153,100,99970,100,101172,100,99939,100,101236,100,99938,100,102009,100,99936,100,102039,100,99929,100,,,99913,100,,,99909,100,,,99907,100
2019-06-28 09:44:30.000000000,100087,320,100055,320,100143,320,100045,420,101153,100,99970,100,101172,100,99939,100,101236,100,99938,100,102009,100,99936,100,102039,100,99929,100,,,99913,100,,,99909,100,,,99907,100
2019-06-28 09:44:40.000000000,100087,210,100055,210,100143,210,100045,310,101153,210,99970,210,101172,210,99939,210,101236,100,99938,100,102009,100,99936,100,102039,100,99929,100,,,99913,100,,,99909,100,,,99907,100
2019-06-28 09:44:50.000000000,100087,320,100055,320,100143,320,100045,420,101153,100,99970,100,101172,100,99939,100,101236,100,99938,100,102009,100,99936,100,102039,100,99929,100,,,99913,100,,,99909,100,,,99907,100
2019-06-28 09:45:00.000000000,100087,188,100055,188,100143,188,100045,288,101153,188,99970,188,101172,188,99939,188,101236,188,99938,188,102009,100,99936,100,102039,100,99929,100,,,99913,100,,,99909,100,,,99907,100
2019-06-28 09:45:00.898005933,100087,88,100055,188,100143,188,100045,288,101153,188,99970,188,101172,188,99939,188,101236,188,99938,188,102009,100,99936,100,102039,100,99929,100,,,99913,100,,,99909,100,,,99907,100
2019-06-28 09:45:10.000000000,100143,539,100055,539,101153,100,100045,200,101172,100,99970,100,101236,100,99939,100,102009,100,99938,100,102039,100,99936,100,,,99929,100,,,99913,100,,,99909,100,,,99907,100
2019-06-28 09:45:20.000000000,100143,249,100055,249,101153,245,100045,345,101172,245,99970,245,101236,100,99939,100,102009,100,99938,100,102039,100,99936,100,,,99929,100,,,99913,100,,,99909,100,,,99907,100
2019-06-28 09:45:21.455957525,100143,149,100055,249,101153,245,100045,345,101172,245,99970,245,101236,100,99939,100,102009,100,99938,100,102039,100,99936,100,,,99929,100,,,99913,100,,,99909,100,,,99907,100
2019-06-28 09:45:30.000000000,101153,188,100055,188,101172,188,100045,288,101236,188,99970,188,102009,188,99939,188,102039,188,99938,188,,,99936,100,,,99929,100,,,99913,100,,,99909,100,,,99907,100
2019-06-28 09:45:30.549486162,101153,188,100055,188,101172,188,100045,188,101236,188,99970,188,102009,188,99939,188,102039,188,99938,188,,,99936,100,,,99929,100,,,99913,100,,,99909,100,,,99907,100
2019-06-28 09:45:40.000000000,101153,210,100055,210,101172,210,100045,210,101236,210,99970,210,102009,210,99939,210,102039,100,99938,100,,,99936,100,,,99929,100,,,99913,100,,,99909,100,,,99907,100
2019-06-28 09:45:40.529188871,100608,100,100055,210,101153,210,100045,210,101172,210,99970,210,101236,210,99939,210,102009,210,99938,100,102039,100,99936,100,,,99929,100,,,99913,100,,,99909,100,,,99907,100
2019-06-28 09:45:50.000000000,100608,539,100055,539,101153,100,100045,100,101172,100,99970,100,101236,100,99939,100,102009,100,99938,100,102039,100,99936,100,,,99929,100,,,99913,100,,,99909,100,,,99907,100
2019-06-28 09:46:00.000000000,100608,188,100055,188,101153,188,100045,188,101172,188,99970,188,101236,188,99939,188,102009,188,99938,188,102039,100,99936,100,,,99929,100,,,99913,100,,,99909,100,,,99907,100
2019-06-28 09:46:10.000000000,100608,539,100055,539,101153,100,100045,100,101172,100,99970,100,101236,100,99939,100,102009,100,99938,100,102039,100,99936,100,,,99929,100,,,99913,100,,,99909,100,,,99907,100
2019-06-28 09:46:20.000000000,100608,188,100055,188,101153,188,100045,188,101172,188,99970,188,101236,188,99939,188,102009,188,99938,188,102039,100,99936,100,,,99929,100,,,99913,100,,,99909,100,,,99907,100
2019-06-28 09:46:30.000000000,100608,539,100055,539,101153,100,100045,100,101172,100,99970,100,101236,100,99939,100,102009,100,99938,100,102039,100,99936,100,,,99929,100,,,99913,100,,,99909,100,,,99907,100
2019-06-28 09:46:34.086272641,100608,539,100055,539,100637,100,100045,100,101153,100,99970,100,101172,100,99939,100,101236,100,99938,100,102009,100,99936,100,102039,100,99929,100,,,99913,100,,,99909,100,,,99907,100
2019-06-28 09:46:40.000000000,100608,249,100055,249,100637,245,100045,245,101153,245,99970,245,101172,100,99939,100,101236,100,99938,100,102009,100,99936,100,102039,100,99929,100,,,99913,100,,,99909,100,,,99907,100
2019-06-28 09:46:45.026660098,100608,249,100055,249,100637,245,100045,245,100704,100,99970,245,101153,245,99939,100,101172,100,99938,100,101236,100,99936,100,102009,100,99929,100,102039,100,99913,100,,,99909,100,,,99907,100
2019-06-28 09:46:50.000000000,100608,249,100055,249,100637,245,100045,245,100704,245,99970,245,101153,100,99939,100,101172,100,99938,100,101236,100,99936,100,102009,100,99929,100,102039,100,99913,100,,,99909,100,,,99907,100
2019-06-28 09:46:54.281336273,100608,249,100087,100,100637,245,100055,249,100704,245,100045,245,101153,100,99970,245,101172,100,99939,100,101236,100,99938,100,102009,100,99936,100,102039,100,99929,100,,,99913,100,,,99909,100
2019-06-28 09:47:00.000000000,100608,539,100087,539,100637,100,100055,100,100704,100,100045,100,101153,100,99970,100,101172,100,99939,100,101236,100,99938,100,102009,100,99936,100,102039,100,99929,100,,,99913,100,,,99909,100
2019-06-28 09:47:10.000000000,100608,539,100087,539,100637,100,100055,100,100704,100,100045,100,101153,100,99970,100,101172,100,99939,100,101236,100,99938,100,102009,100,99936,100,102039,100,99929,100,,,99913,100,,,99909,100
2019-06-28 09:47:20.000000000,100608,188,100087,188,100637,188,100055,188,100704,188,100045,188,101153,188,99970,188,101172,188,99939,188,101236,100,99938,100,102009,100,99936,100,102039,100,99929,100,,,99913,100,,,99909,100
2019-06-28 09:47:28.963599241,100608,188,100314,100,100637,188,100087,188,100704,188,100055,188,101153,188,100045,188,101172,188,99970,188,101236,100,99939,188,102009,100,99938,100,102039,100,99936,100,,,99929,100,,,99913,100
2019-06-28 09:47:30.000000000,100608,320,100314,320,100637,320,100087,320,100704,100,100055,100,101153,100,100045,100,101172,100,99970,100,101236,100,99939,100,102009,100,99938,100,102039,100,99936,100,,,99929,100,,,99913,100
2019-06-28 09:47:30.922830805,100554,100,100314,320,100608,320,100087,320,100637,320,100055,100,100704,100,100045,100,101153,100,99970,100,101172,100,99939,100,101236,100,99938,100,102009,100,99936,100,102039,100,99929,100,,,99913,100
2019-06-28 09:47:40.000000000,100554,320,100314,320,100608,320,100087,320,100637,100,100055,100,100704,100,100045,100,101153,100,99970,100,101172,100,99939,100,101236,100,99938,100,102009,100,99936,100,102039,100,99929,100,,,99913,100
2019-06-28 09:47:50.000000000,100554,210,100314,210,100608,210,100087,210,100637,210,100055,210,100704,210,100045,210,101153,100,99970,100,101172,100,99939,100,101236,100,99938,100,102009,100,99936,100,102039,100,99929,100,,,99913,100
2019-06-28 09:48:00.000000000,100554,249,100314,249,100608,245,100087,245,100637,245,100055,245,100704,100,100045,100,101153,100,99970,100,101172,100,99939,100,101236,100,99938,100,102009,100,99936,100,102039,100,99929,100,,,99913,100
2019-06-28 09:48:10.000000000,100554,188,100314,188,100608,188,100087,188,100637,188,100055,188,100704,188,100045,188,101153,188,99970,188,101172,100,99939,100,101236,100,99938,100,102009,100,99936,100,102039,100,99929,100,,,99913,100
2019-06-28 09:48:20.000000000,100554,249,100314,249,100608,245,100087,245,100637,245,100055,245,100704,100,100045,100,101153,100,99970,100,101172,100,99939,100,101236,100,99938,100,102009,100,99936,100,102039,100,99929,100,,,99913,100
2019-06-28 09:48:30.000000000,100554,249,100314,249,100608,245,100087,245,100637,245,100055,245,100704,100,100045,100,101153,100,99970,100,101172,100,99939,100,101236,100,99938,100,102009,100,99936,100,102039,100,99929,100,,,99913,100
2019-06-28 09:48:30.768989618,100554,249,100314,249,100608,245,100087,245,100637,245,100055,245,100704,100,100045,100,100986,100,99970,100,101153,100,99939,100,101172,100,99938,100,101236,100,99936,100,102009,100,99929,100,102039,100,99913,100
2019-06-28 09:48:36.860078049,100554,249,100314,249,100608,245,100087,245,100637,245,100055,245,100704,100,100045,100,100837,100,99970,100,100986,100,99939,100,101153,100,99938,100,101172,100,99936,100,101236,100,99929,100,102009,100,99913,100
2019-06-28 09:48:40.000000000,100554,320,100314,320,100608,320,100087,320,100637,100,100055,100,100704,100,100045,100,100837,100,99970,100,100986,100,99939,100,101153,100,99938,100,101172,100,99936,100,101236,100,99929,100,102009,100,99913,100
2019-06-28 09:48:50.000000000,100554,188,100314,188,100608,188,100087,188,100637,188,100055,188,100704,188,100045,188,100837,188,99970,188,100986,100,99939,100,101153,100,99938,100,101172,100,99936,100,101236,100,99929,100,102009,100,99913,100
2019-06-28 09:48:55.232428300,100554,188,100314,188,100608,188,100087,188,100637,188,100055,188,100704,188,100045,188,100837,188,99970,188,100849,100,99939,100,100986,100,99938,100,101153,100,99936,100,101172,100,99929,100,101236,100,99913,100
2019-06-28 09:48:59.026241644,100554,188,100314,188,100608,188,100087,188,100637,188,100055,188,100691,100,100045,188,100704,188,99970,188,100837,188,99939,100,100849,100,99938,100,100986,100,99936,100,101153,100,99929,100,101172,100,99913,100
2019-06-28 09:49:00.000000000,100554,320,100314,320,100608,320,100087,320,100637,100,100055,100,100691,100,100045,100,100704,100,99970,100,100837,100,99939,100,100849,100,99938,100,100986,100,99936,100,101153,100,99929,100,101172,100,99913,100
2019-06-28 09:49:10.000000000,100554,210,100314,210,100608,210,100087,210,100637,210,100055,210,100691,210,100045,210,100704,100,99970,100,100837,100,99939,100,100849,100,99938,100,100986,100,99936,100,101153,100,99929,100,101172,100,99913,100
2019-06-28 09:49:19.869485394,100554,210,100314,210,100608,210,100087,310,100637,210,100055,210,100691,210,100045,210,100704,100,99970,100,100837,100,99939,100,100849,100,99938,100,100986,100,99936,100,101153,100,99929,100,101172,100,99913,100
2019-06-28 09:49:20.000000000,100554,320,100314,320,100608,320,100087,420,100637,100,100055,100,100691,100,100045,100,100704,100,99970,100,100837,100,99939,100,100849,100,99938,100,100986,100,99936,100,101153,100,99929,100,101172,100,99913,100
2019-06-28 09:49:30.000000000,100554,539,100314,539,100608,100,100087,200,100637,100,100055,100,100691,100,100045,100,100704,100,99970,100,100837,100,99939,100,100849,100,99938,100,100986,100,99936,100,101153,100,99929,100,101172,100,99913,100
2019-06-28 09:49:40.000000000,100554,249,100314,249,100608,245,100087,345,100637,245,100055,245,100691,100,100045,100,100704,100,99970,100,100837,100,99939,100,100849,100,99938,100,100986,100,99936,100,101153,100,99929,100,101172,100,99913,100
2019-06-28 09:49:50.000000000,100554,188,100314,188,100608,188,100087,288,100637,188,100055,188,100691,188,100045,188,100704,188,99970,188,100837,100,99939,100,100849,100,99938,100,100986,100,99936,100,101153,100,99929,100,101172,100,99913,100
2019-06-28 09:49:51.183064616,100554,188,100314,188,100608,188,100087,288,100637,188,100055,188,100691,188,100045,188,100704,188,99970,188,100837,100,99939,100,100849,100,99938,100,100986,100,99936,100,101153,100,99929,100,101172,100,99913,100
2019-06-28 09:50:00.000000000,100554,320,100314,320,100608,320,100087,420,100637,100,100055,100,100691,100,100045,100,100704,100,99970,100,100837,100,99939,100,100849,100,99938,100,100986,100,99936,100,101153,100,99929,100,101172,100,99913,100
2019-06-28 09:50:01.522690111,100554,220,100314,320,100608,320,100087,420,100637,100,100055,100,100691,100,100045,100,100704,100,99970,100,100837,100,99939,100,100849,100,99938,100,100986,100,99936,100,101153,100,99929,100,101172,100,99913,100
2019-06-28 09:50:07.288604506,100554,220,100314,320,100608,320,100087,420,100637,100,100055,100,100691,100,100045,100,100704,100,99970,100,100837,100,99939,100,100849,100,99938,100,100986,100,99936,100,101153,100,99929,100,101160,100,99913,100
2019-06-28 09:50:10.000000000,100608,539,100314,539,100637,100,100087,200,100691,100,100055,100,100704,100,100045,100,100837,100,99970,100,100849,100,99939,100,100986,100,99938,100,101153,100,99936,100,101160,100,99929,100,101172,100,99913,100
2019-06-28 09:50:10.489488175,100608,439,100314,539,100637,100,100087,200,100691,100,100055,100,100704,100,100045,100,100837,100,99970,100,100849,100,99939,100,100986,100,99938,100,101153,100,99936,100,101160,100,99929,100,101172,100,99913,100
2019-06-28 09:50:16.693640784,100608,339,100314,539,100637,100,100087,200,100691,100,100055,100,100704,100,100045,100,100837,100,99970,100,100849,100,99939,100,100986,100,99938,100,101153,100,99936,100,101160,100,99929,100,101172,100,99913,100
2019-06-28 09:50:20.000000000,100637,188,100314,188,100691,188,100087,288,100704,188,100055,188,100837,188,100045,188,100849,188,99970,188,100986,100,99939,100,101153,100,99938,100,101160,100,99936,100,101172,100,99929,100,101236,100,99913,100
2019-06-28 09:50:30.000000000,100637,188,100314,188,100691,188,100087,288,100704,188,100055,188,100837,188,100045,188,100849,188,99970,188,100986,100,99939,100,101153,100,99938,100,101160,100,99936,100,101172,100,99929,100,101236,100,99913,100
2019-06-28 09:50:35.780315426,100637,188,100608,100,100691,188,100314,188,100704,188,100087,288,100837,188,100055,188,100849,188,100045,188,100986,100,99970,88,101153,100,99939,100,101160,100,99938,100,101172,100,99936,100,101236,100,99929,100
2019-06-28 09:50:40.000000000,100637,210,100608,210,100691,210,100314,210,100704,210,100087,310,100837,210,100055,210,100849,100,100045,100,100986,100,99939,100,101153,100,99938,100,101160,100,99936,100,101172,100,99929,100,101236,100,99913,100
2019-06-28 09:50:49.558242699,100637,210,100608,210,100691,210,100314,210,100704,210,100087,310,100837,210,100055,210,100849,100,100045,100,100986,100,99939,100,101106,100,99938,100,101153,100,99936,100,101160,100,99929,100,101172,100,99913,100
2019-06-28 09:50:50.000000000,100637,249,100608,249,100691,245,100314,245,100704,245,100087,345,100837,100,100055,100,100849,100,100045,100,100986,100,99939,100,101106,100,99938,100,101153,100,99936,100,101160,100,99929,100,101172,100,99913,100
2019-06-28 09:50:50.384095244,100637,249,100608,249,100691,245,100314,245,100704,245,100087,345,100837,100,100055,100,100849,100,100045,100,100937,100,99939,100,100986,100,99938,100,101106,100,99936,100,101153,100,99929,100,101160,100,99913,100
2019-06-28 09:50:51.346467183,100637,249,100608,249,100691,245,100561,100,100704,245,100314,245,100837,100,100087,345,100849,100,100055,100,100937,100,100045,100,100986,100,99939,100,101106,100,99938,100,101153,100,99936,100,101160,100,99929,100
2019-06-28 09:51:00.000000000,100637,188,100608,188,100691,188,100561,188,100704,188,100314,188,100837,188,100087,288,100849,188,100055,188,100937,100,100045,100,100986,100,99939,100,101106,100,99938,100,101153,100,99936,100,101160,100,99929,100
2019-06-28 09:51:05.267038858,100637,188,100608,188,100691,188,100561,188,100704,188,100314,188,100837,188,100087,188,100849,188,100055,188,100937,100,100045,100,100986,100,99939,100,101106,100,99938,100,101153,100,99936,100,101160,100,99929,100
2019-06-28 09:51:10.000000000,100637,210,100608,210,100691,210,100561,210,100704,210,100314,210,100837,210,100087,210,100849,100,100055,100,100937,100,100045,100,100986,100,99939,100,101106,100,99938,100,101153,100,99936,100,101160,100,99929,100
2019-06-28 09:51:20.000000000,100637,539,100608,539,100691,100,100561,100,100704,100,100314,100,100837,100,100087,100,100849,100,100055,100,100937,100,100045,100,100986,100,99939,100,101106,100,99938,100,101153,100,99936,100,101160,100,99929,100
2019-06-28 09:51:30.000000000,100637,539,100608,539,100691,100,100561,100,100704,100,100314,100,100837,100,100087,100,100849,100,100055,100,100937,100,100045,100,100986,100,99939,100,101106,100,99938,100,101153,100,99936,100,101160,100,99929,100
2019-06-28 09:51:37.039282161,100637,539,100608,639,100691,100,100561,100,100704,100,100314,100,100837,100,100087,100,100849,100,100055,100,100937,100,100045,100,100986,100,99939,100,101106,100,99938,100,101153,100,99936,100,101160,100,99929,100
2019-06-28 09:51:40.000000000,100637,539,100608,639,100691,100,100561,100,100704,100,100314,100,100837,100,100087,100,100849,100,100055,100,100937,100,100045,100,100986,100,99939,100,101106,100,99938,100,101153,100,99936,100,101160,100,99929,100
2019-06-28 09:51:50.000000000,100637,210,100608,310,100691,210,100561,210,100704,210,100314,210,100837,210,100087,210,100849,100,100055,100,100937,100,100045,100,100986,100,99939,100,101106,100,99938,100,101153,100,99936,100,101160,100,99929,100
2019-06-28 09:51:58.046713085,100637,210,100608,310,100691,210,100561,210,100704,210,100504,100,100837,210,100314,210,100849,100,100087,210,100937,100,100055,100,100986,100,100045,100,101106,100,99939,100,101153,100,99938,100,101160,100,99936,100
2019-06-28 09:52:00.000000000,100637,188,100608,288,100691,188,100561,188,100704,188,100504,188,100837,188,100314,188,100849,188,100087,188,100937,100,100055,100,100986,100,100045,100,101106,100,99939,100,101153,100,99938,100,101160,100,99936,100
2019-06-28 09:52:10.000000000,100637,539,100608,639,100691,100,100561,100,100704,100,100504,100,100837,100,100314,100,100849,100,100087,100,100937,100,100055,100,100986,100,100045,100,101106,100,99939,100,101153,100,99938,100,101160,100,99936,100
2019-06-28 09:52:19.525378817,100637,539,100608,539,100691,100,100561,100,100704,100,100504,100,100837,100,100314,100,100849,100,100087,100,100937,100,100055,100,100986,100,100045,100,101106,100,99939,100,101153,100,99938,100,101160,100,99936,100
2019-06-28 09:52:20.000000000,100637,210,100608,210,100691,210,100561,210,100704,210,100504,210,100837,210,100314,210,100849,100,100087,100,100937,100,100055,100,100986,100,100045,100,101106,100,99939,100,101153,100,99938,100,101160,100,99936,100
2019-06-28 09:52:30.000000000,100637,539,100608,539,100691,100,100561,100,100704,100,100504,100,100837,100,100314,100,100849,100,100087,100,100937,100,100055,100,100986,100,100045,100,101106,100,99939,100,101153,100,99938,100,101160,100,99936,100
2019-06-28 09:52:40.000000000,100637,210,100608,210,100691,210,100561,210,100704,210,100504,210,100837,210,100314,210,100849,100,100087,100,100937,100,100055,100,100986,100,100045,100,101106,100,99939,100,101153,100,99938,100,101160,100,99936,100
2019-06-28 09:52:44.395248431,100637,210,100608,110,100691,210,100561,210,100704,210,100504,210,100837,210,100314,210,100849,100,100087,100,100937,100,100055,100,100986,100,100045,100,101106,100,99939,100,101153,100,99938,100,101160,100,99936,100
2019-06-28 09:52:50.000000000,100637,539,100561,539,100691,100,100504,100,100704,100,100314,100,100837,100,100087,100,100849,100,100055,100,100937,100,100045,100,100986,100,99939,100,101106,100,99938,100,101153,100,99936,100,101160,100,99929,100
2019-06-28 09:53:00.000000000,100637,539,100561,539,100691,100,100504,100,100704,100,100314,100,100837,100,100087,100,100849,100,100055,100,100937,100,100045,100,100986,100,99939,100,101106,100,99938,100,101153,100,99936,100,101160,100,99929,100
2019-06-28 09:53:10.000000000,100637,249,100561,249,100691,245,100504,245,100704,245,100314,245,100837,100,100087,100,100849,100,100055,100,100937,100,100045,100,100986,100,99939,100,101106,100,99938,100,101153,100,99936,100,101160,100,99929,100
2019-06-28 09:53:20.000000000,100637,539,100561,539,100691,100,100504,100,100704,100,100314,100,100837,100,100087,100,100849,100,100055,100,100937,100,100045,100,100986,100,99939,100,101106,100,99938,100,101153,100,99936,100,101160,100,99929,100
2019-06-28 09:53:26.956169985,100637,539,100561,539,100691,100,100504,100,100704,100,100314,100,100837,100,100087,100,100849,100,100055,100,100937,100,100045,100,100986,100,99939,100,101106,100,99938,100,101153,100,99936,100,101160,100,99929,100
2019-06-28 09:53:30.000000000,100637,210,100561,210,100691,210,100504,210,100704,210,100314,210,100837,210,100087,210,100849,100,100055,100,100937,100,100045,100,100986,100,99939,100,101106,100,99938,100,101153,100,99936,100,101160,100,99929,100
2019-06-28 09:53:34.288306039,100637,210,100561,110,100691,210,100504,210,100704,210,100314,210,100837,210,100087,210,100849,100,100055,100,100937,100,100045,100,100986,100,99939,100,101106,100,99938,100,101153,100,99936,100,101160,100,99929,100
2019-06-28 09:53:40.000000000,100637,539,100504,539,100691,100,100314,100,100704,100,100087,100,100837,100,100055,100,100849,100,100045,100,100937,100,99939,100,100986,100,99938,100,101106,100,99936,100,101153,100,99929,100,101160,100,99913,100
2019-06-28 09:53:45.699803456,100637,539,100504,539,100691,100,100314,100,100704,100,100087,100,100837,100,100055,100,100849,100,100045,100,100937,100,99939,100,100986,100,99938,100,101153,100,99936,100,101160,100,99929,100,101172,100,99913,100
2019-06-28 09:53:47.130002526,100637,539,100504,539,100691,100,100314,100,100704,100,100087,100,100837,100,100055,100,100849,100,100045,100,100986,100,99939,100,101153,100,99938,100,101160,100,99936,100,101172,100,99929,100,101236,100,99913,100
2019-06-28 09:53:47.607959624,100637,539,100504,539,100691,100,100314,100,100704,100,100087,100,100837,100,100055,100,100849,100,100045,100,100986,100,99939,100,101153,100,99938,100,101160,100,99936,100,101172,100,99929,100,101236,100,99913,100
2019-06-28 09:53:49.976008401,100637,539,100504,439,100691,100,100314,100,100704,100,100087,100,100837,100,100055,100,100849,100,100045,100,100986,100,99939,100,101153,100,99938,100,101160,100,99936,100,101172,100,99929,100,101236,100,99913,100
2019-06-28 09:53:50.000000000,100637,539,100314,539,100691,100,100087,100,100704,100,100055,100,100837,100,100045,100,100849,100,99939,100,100986,100,99938,100,101153,100,99936,100,101160,100,99929,100,101172,100,99913,100,101236,100,99909,100
2019-06-28 09:54:00.000000000,100637,210,100314,210,100691,210,100087,210,100704,210,100055,210,100837,210,100045,210,100849,100,99939,100,100986,100,99938,100,101153,100,99936,100,101160,100,99929,100,101172,100,99913,100,101236,100,99909,100
2019-06-28 09:54:03.271209095,100637,210,100314,210,100691,110,100087,210,100704,210,100055,210,100837,210,100045,210,100849,100,99939,100,100986,100,99938,100,101153,100,99936,100,101160,100,99929,100,101172,100,99913,100,101236,100,99909,100
2019-06-28 09:54:10.000000000,100637,249,100314,249,100704,245,100087,245,100837,245,100055,245,100849,100,100045,100,100986,100,99939,100,101153,100,99938,100,101160,100,99936,100,101172,100,99929,100,101236,100,99913,100,102009,100,99909,100
2019-06-28 09:54:20.000000000,100637,188,100314,188,100704,188,100087,188,100837,188,100055,188,100849,188,100045,188,100986,188,99939,188,101153,100,99938,100,101160,100,99936,100,101172,100,99929,100,101236,100,99913,100,102009,100,99909,100
2019-06-28 09:54:30.000000000,100637,320,100314,320,100704,320,100087,320,100837,100,100055,100,100849,100,100045,100,100986,100,99939,100,101153,100,99938,100,101160,100,99936,100,101172,100,99929,100,101236,100,99913,100,102009,100,99909,100
2019-06-28 09:54:40.000000000,100637,249,100314,249,100704,245,100087,245,100837,245,100055,245,100849,100,100045,100,100986,100,99939,100,101153,100,99938,100,101160,100,99936,100,101172,100,99929,100,101236,100,99913,100,102009,100,99909,100
2019-06-28 09:54:43.134976581,100637,249,100314,149,100704,245,100087,245,100837,245,100055,245,100849,100,100045,100,100986,100,99939,100,101153,100,99938,100,101160,100,99929,100,101172,100,99913,100,101236,100,99909,100,102009,100,99907,100
2019-06-28 09:54:50.000000000,100637,539,100087,539,100704,100,100055,100,100837,100,100045,100,100849,100,99939,100,100986,100,99938,100,101153,100,99929,100,101160,100,99913,100,101172,100,99909,100,101236,100,99907,100,102009,100,99900,100
2019-06-28 09:54:51.753817512,100637,539,100087,439,100704,100,100055,100,100837,100,100045,100,100849,100,99939,100,100986,100,99938,100,101153,100,99929,100,101160,100,99913,100,101172,100,99909,100,101236,100,99907,100,102009,100,99900,100
2019-06-28 09:54:55.051138831,100637,539,100087,339,100704,100,100055,100,100837,100,100045,100,100849,100,99939,100,100986,100,99938,100,101153,100,99929,100,101160,100,99913,100,101172,100,99909,100,101236,100,99907,100,102009,100,99900,100
2019-06-28 09:55:00.000000000,100637,249,100055,249,100704,245,100045,245,100837,245,99939,245,100849,100,99938,100,100986,100,99929,100,101153,100,99913,100,101160,100,99909,100,101172,100,99907,100,101236,100,99900,100,102009,100,99867,100
2019-06-28 09:55:10.000000000,100637,188,100055,188,100704,188,100045,188,100837,188,99939,188,100849,188,99938,188,100986,188,99929,188,101153,100,99913,100,101160,100,99909,100,101172,100,99907,100,101236,100,99900,100,102009,100,99867,100
2019-06-28 09:55:10.095702652,100087,100,100055,188,100637,188,100045,188,100704,188,99939,188,100837,188,99938,188,100849,188,99929,188,100986,188,99913,100,101153,100,99909,100,101160,100,99907,100,101172,100,99900,100,101236,100,99867,100
2019-06-28 09:55:20.000000000,100087,210,100055,210,100637,210,100045,210,100704,210,99939,210,100837,210,99938,210,100849,100,99929,100,100986,100,99913,100,101153,100,99909,100,101160,100,99907,100,101172,100,99900,100,101236,100,99867,100
2019-06-28 09:55:27.495366556,100087,210,100055,210,100637,110,100045,210,100704,210,99939,210,100837,210,99938,210,100849,100,99929,100,100986,100,99913,100,101153,100,99909,100,101160,100,99907,100,101172,100,99900,100,101236,100,99867,100
2019-06-28 09:55:28.193145476,100087,210,100055,110,100637,110,100045,210,100704,210,99939,210,100837,210,99938,210,100849,100,99929,100,100986,100,99909,100,101153,100,99907,100,101160,100,99900,100,101172,100,99867,100,101236,100,99853,100
2019-06-28 09:55:30.000000000,100087,249,100045,249,100704,245,99939,245,100837,245,99938,245,100849,100,99929,100,100986,100,99909,100,101153,100,99907,100,101160,100,99900,100,101172,100,99867,100,101236,100,99853,100,102009,100,99817,100
2019-06-28 09:55:40.000000000,100087,539,100045,539,100704,100,99939,100,100837,100,99938,100,100849,100,99929,100,100986,100,99909,100,101153,100,99907,100,101160,100,99900,100,101172,100,99867,100,101236,100,99853,100,102009,100,99817,100
2019-06-28 09:55:50.000000000,100087,320,100045,320,100704,320,99939,320,100837,100,99938,100,100849,100,99929,100,100986,100,99909,100,101153,100,99907,100,101160,100,99900,100,101172,100,99867,100,101236,100,99853,100,102009,100,99817,100
2019-06-28 09:56:00.000000000,100087,539,100045,539,100704,100,99939,100,100837,100,99938,100,100849,100,99929,100,100986,100,99909,100,101153,100,99907,100,101160,100,99900,100,101172,100,99867,100,101236,100,99853,100,102009,100,99817,100
2019-06-28 09:56:09.333031538,100087,539,100045,539,100164,100,99939,100,100704,100,99938,100,100837,100,99929,100,100849,100,99909,100,100986,100,99907,100,101153,100,99900,100,101160,100,99867,100,101172,100,99853,100,101236,100,99750,100
2019-06-28 09:56:10.000000000,100087,210,100045,210,100164,210,99939,210,100704,210,99938,210,100837,210,99929,210,100849,100,99909,100,100986,100,99907,100,101153,100,99900,100,101160,100,99867,100,101172,100,99853,100,101236,100,99750,100
2019-06-28 09:56:20.000000000,100087,539,100045,539,100164,100,99939,100,100704,100,99938,100,100837,100,99929,100,100849,100,99909,100,100986,100,99907,100,101153,100,99900,100,101160,100,99867,100,101172,100,99853,100,101236,100,99750,100
2019-06-28 09:56:26.555596084,100087,539,100045,539,100164,100,99939,100,100377,100,99938,100,100704,100,99929,100,100837,100,99909,100,100849,100,99907,100,101153,100,99900,100,101160,100,99867,100,101172,100,99853,100,101236,100,99750,100
2019-06-28 09:56:29.912986917,100087,439,100045,539,100164,100,99939,100,100377,100,99938,100,100704,100,99929,100,100837,100,99909,100,100849,100,99907,100,101153,100,99900,100,101160,100,99867,100,101172,100,99853,100,101236,100,99750,100
2019-06-28 09:56:30.000000000,100164,188,100045,188,100377,188,99939,188,100704,188,99938,188,100837,188,99929,188,100849,188,99909,188,101153,100,99907,100,101160,100,99900,100,101172,100,99867,100,101236,100,99853,100,102009,100,99750,100
2019-06-28 09:56:40.000000000,100164,539,100045,539,100377,100,99939,100,100704,100,99938,100,100837,100,99929,100,100849,100,99909,100,101153,100,99907,100,101160,100,99900,100,101172,100,99867,100,101236,100,99853,100,102009,100,99750,100
2019-06-28 09:56:44.211748425,100164,539,100056,100,100377,100,100045,539,100704,100,99939,100,100837,100,99938,100,100849,100,99929,100,101153,100,99909,100,101160,100,99907,100,101172,100,99900,100,101236,100,99867,100,102009,100,99853,100
2019-06-28 09:56:50.000000000,100164,320,100056,320,100377,320,100045,320,100704,100,99939,100,100837,100,99938,100,100849,100,99929,100,101153,100,99909,100,101160,100,99907,100,101172,100,99900,100,101236,100,99867,100,102009,100,99853,100
2019-06-28 09:56:53.306425942,100164,320,100056,420,100377,320,100045,320,100704,100,99939,100,100837,100,99938,100,100849,100,99929,100,101153,100,99909,100,101160,100,99907,100,101172,100,99900,100,101236,100,99867,100,102009,100,99853,100
2019-06-28 09:57:00.000000000,100164,210,100056,310,100377,210,100045,210,100704,210,99939,210,100837,210,99938,210,100849,100,99929,100,101153,100,99909,100,101160,100,99907,100,101172,100,99900,100,101236,100,99867,100,102009,100,99853,100
2019-06-28 09:57:01.160459940,100164,210,100056,410,100377,210,100045,210,100704,210,99939,210,100837,210,99938,210,100849,100,99929,100,101153,100,99909,100,101160,100,99907,100,101172,100,99900,100,101236,100,99867,100,102009,100,99853,100
2019-06-28 09:57:10.000000000,100164,539,100056,739,100377,100,100045,100,100704,100,99939,100,100837,100,99938,100,100849,100,99929,100,101153,100,99909,100,101160,100,99907,100,101172,100,99900,100,101236,100,99867,100,102009,100,99853,100
2019-06-28 09:57:17.593367039,100164,539,100056,739,100377,100,100045,100,100503,100,99939,100,100837,100,99938,100,100849,100,99929,100,101153,100,99909,100,101160,100,99907,100,101172,100,99900,100,101236,100,99867,100,102009,100,99853,100
2019-06-28 09:57:20.000000000,100164,188,100056,388,100377,188,100045,188,100503,188,99939,188,100837,188,99938,188,100849,188,99929,188,101153,100,99909,100,101160,100,99907,100,101172,100,99900,100,101236,100,99867,100,102009,100,99853,100
2019-06-28 09:57:27.641672149,100164,88,100056,388,100377,188,100045,188,100503,188,99939,188,100837,188,99938,188,100849,188,99929,188,101153,100,99909,100,101160,100,99907,100,101236,100,99900,100,102009,100,99867,100,102039,100,99853,100
2019-06-28 09:57:30.000000000,100377,210,100056,410,100503,210,100045,210,100837,210,99939,210,100849,210,99938,210,101153,100,99929,100,101160,100,99909,100,101236,100,99907,100,102009,100,99900,100,102039,100,99867,100,,,99853,100
2019-06-28 09:57:30.575161659,100377,210,100056,410,100448,100,100045,210,100503,210,99939,210,100837,210,99938,210,100849,210,99929,100,101153,100,99909,100,101160,100,99907,100,101236,100,99900,100,102009,100,99867,100,,,99853,100
2019-06-28 09:57:34.253645009,100377,210,100056,410,100448,100,100045,210,100499,100,99939,210,100503,210,99938,210,100837,210,99929,100,100849,210,99909,100,101153,100,99907,100,101160,100,99900,100,101236,100,99867,100,102009,100,99853,100
2019-06-28 09:57:40.000000000,100377,320,100056,520,100448,320,100045,320,100499,100,99939,100,100503,100,99938,100,100837,100,99929,100,100849,100,99909,100,101153,100,99907,100,101160,100,99900,100,101236,100,99867,100,102009,100,99853,100
2019-06-28 09:57:45.209510750,100377,320,100056,520,100448,320,100045,320,100499,100,99939,100,100503,100,99938,100,100697,100,99929,100,100837,100,99909,100,100849,100,99907,100,101153,100,99900,100,101160,100,99867,100,101236,100,99853,100
2019-06-28 09:57:50.000000000,100377,539,100056,739,100448,100,100045,100,100499,100,99939,100,100503,100,99938,100,100697,100,99929,100,100837,100,99909,100,100849,100,99907,100,101153,100,99900,100,101160,100,99867,100,101236,100,99853,100
2019-06-28 09:57:54.662147115,100377,439,100056,739,100448,100,100045,100,100499,100,99939,100,100503,100,99938,100,100697,100,99929,100,100837,100,99909,100,100849,100,99907,100,101153,100,99900,100,101236,100,99867,100,102009,100,99853,100
2019-06-28 09:57:55.880386781,100377,339,100056,739,100448,100,100045,100,100499,100,99939,100,100503,100,99938,100,100837,100,99929,100,100849,100,99909,100,101153,100,99907,100,101236,100,99900,100,102009,100,99867,100,,,99853,100
2019-06-28 09:58:00.000000000,100448,210,100056,410,100499,210,100045,210,100503,210,99939,210,100837,210,99938,210,100849,100,99929,100,101153,100,99909,100,101236,100,99907,100,102009,100,99900,100,,,99867,100,,,99853,100
2019-06-28 09:58:10.000000000,100448,210,100056,410,100499,210,100045,210,100503,210,99939,210,100837,210,99938,210,100849,100,99929,100,101153,100,99909,100,101236,100,99907,100,102009,100,99900,100,,,99867,100,,,99853,100
2019-06-28 09:58:13.976055764,100448,210,100056,410,100499,210,100045,210,100503,210,99939,210,100744,100,99938,210,100837,210,99929,100,100849,100,99909,100,101153,100,99907,100,101236,100,99900,100,102009,100,99867,100,,,99853,100
2019-06-28 09:58:20.000000000,100448,210,100056,410,100499,210,100045,210,100503,210,99939,210,100744,210,99938,210,100837,100,99929,100,100849,100,99909,100,101153,100,99907,100,101236,100,99900,100,102009,100,99867,100,,,99853,100
2019-06-28 09:58:21.879185027,100448,210,100377,100,100499,210,100056,410,100503,210,100045,210,100744,210,99939,210,100837,100,99938,210,100849,100,99929,100,101153,100,99909,100,101236,100,99907,100,102009,100,99900,100,,,99867,100
2019-06-28 09:58:25.206235737,100448,110,100377,100,100499,210,100056,410,100503,210,100045,210,100744,210,99939,210,100837,100,99938,210,100849,100,99929,100,101153,100,99909,100,101236,100,99907,100,102009,100,99900,100,,,99867,100
2019-06-28 09:58:30.000000000,100499,539,100377,539,100503,100,100056,300,100744,100,100045,100,100837,100,99939,100,100849,100,99938,100,101153,100,99929,100,101236,100,99909,100,102009,100,99907,100,,,99900,100,,,99867,100
2019-06-28 09:58:31.806689327,100499,539,100378,100,100503,100,100377,539,100744,100,100056,300,100837,100,100045,100,100849,100,99939,100,101153,100,99938,100,101236,100,99929,100,102009,100,99909,100,,,99907,100,,,99900,100
2019-06-28 09:58:40.000000000,100499,188,100378,188,100503,188,100377,188,100744,188,100056,388,100837,188,100045,188,100849,188,99939,188,101153,100,99938,100,101236,100,99929,100,102009,100,99909,100,,,99907,100,,,99900,100
2019-06-28 09:58:50.000000000,100499,539,100378,539,100503,100,100377,100,100744,100,100056,300,100837,100,100045,100,100849,100,99939,100,101153,100,99938,100,101236,100,99929,100,102009,100,99909,100,,,99907,100,,,99900,100
2019-06-28 09:58:53.715904295,100499,439,100378,539,100503,100,100377,100,100744,100,100056,300,100837,100,100045,100,100849,100,99939,100,101153,100,99938,100,101236,100,99929,100,102009,100,99909,100,,,99907,100,,,99900,100
2019-06-28 09:59:00.000000000,100503,188,100378,188,100744,188,100377,188,100837,188,100056,388,100849,188,100045,188,101153,188,99939,188,101236,100,99938,100,102009,100,99929,100,,,99909,100,,,99907,100,,,99900,100
2019-06-28 09:59:01.038968283,100503,88,100378,188,100744,188,100377,188,100837,188,100056,388,100849,88,100045,188,101153,188,99939,188,101236,100,99938,100,102009,100,99929,100,,,99909,100,,,99907,100,,,99900,100
2019-06-28 09:59:10.000000000,100744,210,100378,210,100837,210,100377,210,101153,210,100056,410,101236,210,100045,210,102009,100,99939,100,,,99938,100,,,99929,100,,,99909,100,,,99907,100,,,99900,100
2019-06-28 09:59:20.000000000,100744,320,100378,320,100837,320,100377,320,101153,100,100056,300,101236,100,100045,100,102009,100,99939,100,,,99938,100,,,99929,100,,,99909,100,,,99907,100,,,99900,100
2019-06-28 09:59:26.503244457,100744,320,100656,100,100837,320,100378,320,101153,100,100377,320,101236,100,100056,300,102009,100,100045,100,,,99938,100,,,99929,100,,,99909,100,,,99907,100,,,99900,100
2019-06-28 09:59:30.000000000,100744,539,100656,539,100837,100,100378,100,101153,100,100377,100,101236,100,100056,300,102009,100,100045,100,,,99938,100,,,99929,100,,,99909,100,,,99907,100,,,99900,100
2019-06-28 09:59:40.000000000,100744,539,100656,539,100837,100,100378,100,101153,100,100377,100,101236,100,100056,300,102009,100,100045,100,,,99938,100,,,99929,100,,,99909,100,,,99907,100,,,99900,100
2019-06-28 09:59:43.039286724,100744,539,100656,539,100837,100,100378,100,101153,100,100377,100,101236,100,100056,200,102009,100,100045,100,,,99938,100,,,99929,100,,,99909,100,,,99907,100,,,99900,100
2019-06-28 09:59:50.000000000,100744,320,100656,320,100837,320,100378,320,101153,100,100377,100,101236,100,100056,200,102009,100,100045,100,,,99938,100,,,99929,100,,,99909,100,,,99907,100,,,99900,100
2019-06-28 09:59:59.481582777,100744,420,100656,320,100837,320,100378,320,101153,100,100377,100,101236,100,100056,200,102009,100,100045,100,,,99938,100,,,99929,100,,,99909,100,,,99907,100,,,99900,100
2019-06-28 10:00:00.000000000,100744,349,100656,249,100837,245,100378,245,101153,245,100377,245,101236,100,100056,200,102009,100,100045,100,,,99938,100,,,99929,100,,,99909,100,,,99907,100,,,99900,100
2019-06-28 10:00:07.078253517,100744,349,100656,249,100837,245,100499,100,101153,245,100378,245,101236,100,100377,245,102009,100,100056,200,,,100045,100,,,99938,100,,,99929,100,,,99909,100,,,99907,100
2019-06-28 10:00:10.000000000,100744,288,100656,188,100837,188,100499,188,101153,188,100378,188,101236,188,100377,188,102009,188,100056,288,,,100045,100,,,99938,100,,,99929,100,,,99909,100,,,99907,100
2019-06-28 10:00:20.000000000,100744,639,100656,539,100837,100,100499,100,101153,100,100378,100,101236,100,100377,100,102009,100,100056,200,,,100045,100,,,99938,100,,,99929,100,,,99909,100,,,99907,100
2019-06-28 10:00:30.000000000,100744,420,100656,320,100837,320,100499,320,101153,100,100378,100,101236,100,100377,100,102009,100,100056,200,,,100045,100,,,99938,100,,,99929,100,,,99909,100,,,99907,100
2019-06-28 10:00:37.516943477,100744,420,100656,320,100837,320,100499,320,101153,100,100378,100,101236,100,100377,100,102009,100,100280,100,,,100056,200,,,100045,100,,,99938,100,,,99929,100,,,99909,100
2019-06-28 10:00:40.000000000,100744,349,100656,249,100837,245,100499,245,101153,245,100378,245,101236,100,100377,100,102009,100,100280,100,,,100056,200,,,100045,100,,,99938,100,,,99929,100,,,99909,100
2019-06-28 10:00:50.000000000,100744,639,100656,539,100837,100,100499,100,101153,100,100378,100,101236,100,100377,100,102009,100,100280,100,,,100056,200,,,100045,100,,,99938,100,,,99929,100,,,99909,100
2019-06-28 10:01:00.000000000,100744,310,100656,210,100837,210,100499,210,101153,210,100378,210,101236,210,100377,210,102009,100,100280,100,,,100056,200,,,100045,100,,,99938,100,,,99929,100,,,99909,100
2019-06-28 10:01:10.000000000,100744,310,100656,210,100837,210,100499,210,101153,210,100378,210,101236,210,100377,210,102009,100,100280,100,,,100056,200,,,100045,100,,,99938,100,,,99929,100,,,99909,100
2019-06-28 10:01:20.000000000,100744,639,100656,539,100837,100,100499,100,101153,100,100378,100,101236,100,100377,100,102009,100,100280,100,,,100056,200,,,100045,100,,,99938,100,,,99929,100,,,99909,100
2019-06-28 10:01:30.000000000,100744,310,100656,210,100837,210,100499,210,101153,210,100378,210,101236,210,100377,210,102009,100,100280,100,,,100056,200,,,100045,100,,,99938,100,,,99929,100,,,99909,100
2019-06-28 10:01:40.000000000,100744,639,100656,539,100837,100,100499,100,101153,100,100378,100,101236,100,100377,100,102009,100,100280,100,,,100056,200,,,100045,100,,,99938,100,,,99929,100,,,99909,100
2019-06-28 10:01:50.000000000,100744,310,100656,210,100837,210,100499,210,101153,210,100378,210,101236,210,100377,210,102009,100,100280,100,,,100056,200,,,100045,100,,,99938,100,,,99929,100,,,99909,100
2019-06-28 10:01:51.474325385,100744,310,100656,210,100837,210,100499,210,101153,210,100378,210,101236,210,100377,210,102009,100,100280,100,,,100056,200,,,100045,100,,,99938,100,,,99929,100,,,99909,100
2019-06-28 10:02:00.000000000,100744,288,100656,188,100837,188,100499,188,101153,188,100378,188,101236,188,100377,188,102009,188,100280,188,,,100056,200,,,100045,100,,,99938,100,,,99929,100,,,99909,100
2019-06-28 10:02:10.000000000,100744,288,100656,188,100837,188,100499,188,101153,188,100378,188,101236,188,100377,188,102009,188,100280,188,,,100056,200,,,100045,100,,,99938,100,,,99929,100,,,99909,100
2019-06-28 10:02:15.681249232,100744,288,100656,188,100837,188,100499,188,101153,188,100378,188,101236,188,100377,188,102009,188,100280,188,,,100056,200,,,100045,100,,,99938,100,,,99929,100,,,99909,100
2019-06-28 10:02:20.000000000,100744,639,100656,539,100837,100,100499,100,101153,100,100378,100,101236,100,100377,100,102009,100,100280,100,,,100056,200,,,100045,100,,,99938,100,,,99929,100,,,99909,100
2019-06-28 10:02:23.779266374,100744,639,100656,439,100837,100,100499,100,101153,100,100378,100,101236,100,100377,100,102009,100,100280,100,,,100056,200,,,100045,100,,,99938,100,,,99929,100,,,99909,100
2019-06-28 10:02:29.609280792,100744,639,100656,339,100837,100,100499,100,101153,100,100378,100,101236,100,100377,100,102009,100,100280,100,,,100056,200,,,100045,100,,,99938,100,,,99929,100,,,99909,100
2019-06-28 10:02:30.000000000,100744,310,100499,210,100837,210,100378,210,101153,210,100377,210,101236,210,100280,210,102009,100,100056,200,,,100045,100,,,99938,100,,,99929,100,,,99909,100,,,99907,100
2019-06-28 10:02:40.000000000,100744,639,100499,539,100837,100,100378,100,101153,100,100377,100,101236,100,100280,100,102009,100,100056,200,,,100045,100,,,99938,100,,,99929,100,,,99909,100,,,99907,100
2019-06-28 10:02:45.812115685,100744,639,100499,539,100837,100,100378,100,101153,100,100377,100,101236,100,100280,100,102009,100,100056,200,,,100045,100,,,99938,100,,,99929,100,,,99909,100,,,99907,100
2019-06-28 10:02:45.894719525,100656,100,100499,539,100744,639,100378,100,100837,100,100377,100,101153,100,100280,100,101236,100,100056,200,102009,100,100045,100,,,99938,100,,,99929,100,,,99909,100,,,99907,100
2019-06-28 10:02:48.779406204,100656,100,100499,539,100744,639,100378,100,100837,100,100377,100,101153,100,100280,100,101236,100,100056,200,,,100045,100,,,99938,100,,,99929,100,,,99909,100,,,99907,100
2019-06-28 10:02:50.000000000,100656,210,100499,210,100744,310,100378,210,100837,210,100377,210,101153,210,100280,210,101236,100,100056,200,,,100045,100,,,99938,100,,,99929,100,,,99909,100,,,99907,100
2019-06-28 10:02:54.684586875,100656,210,100499,110,100744,310,100378,210,100837,210,100377,210,101153,210,100280,210,101236,100,100056,200,,,100045,100,,,99938,100,,,99929,100,,,99909,100,,,99907,100
2019-06-28 10:03:00.000000000,100656,320,100378,320,100744,420,100377,320,100837,100,100280,100,101153,100,100056,200,101236,100,100045,100,,,99938,100,,,99929,100,,,99909,100,,,99907,100,,,99900,100
2019-06-28 10:03:09.146815495,100656,320,100378,220,100744,420,100377,320,101153,100,100280,100,101236,100,100056,200,,,100045,100,,,99938,100,,,99929,100,,,99909,100,,,99907,100,,,99900,100
2019-06-28 10:03:10.000000000,100656,188,100377,188,100744,288,100280,188,101153,188,100056,288,101236,188,100045,188,101237,88,99938,188,,,99929,100,,,99909,100,,,99907,100,,,99900,100,,,99867,100
2019-06-28 10:03:20.000000000,100656,188,100377,188,100744,288,100280,188,101153,188,100056,288,101236,188,100045,188,101237,88,99938,188,,,99929,100,,,99909,100,,,99907,100,,,99900,100,,,99867,100
2019-06-28 10:03:25.368200422,100656,188,100377,88,100744,288,100280,188,101153,188,100056,288,101236,188,100045,188,101237,88,99938,188,,,99929,100,,,99909,100,,,99907,100,,,99900,100,,,99867,100
2019-06-28 10:03:30.000000000,100656,249,100280,249,100744,345,100056,345,101153,245,100045,245,101236,100,99938,100,,,99929,100,,,99909,100,,,99907,100,,,99900,100,,,99867,100,,,99853,100
2019-06-28 10:03:40.000000000,100656,539,100280,539,100744,200,100056,200,101153,100,100045,100,101236,100,99938,100,,,99929,100,,,99909,100,,,99907,100,,,99900,100,,,99867,100,,,99853,100
2019-06-28 10:03:50.000000000,100656,188,100280,188,100744,288,100056,288,101153,188,100045,188,101236,188,99938,188,101237,88,99929,188,,,99909,100,,,99907,100,,,99900,100,,,99867,100,,,99853,100
2019-06-28 10:04:00.000000000,100656,249,100280,249,100744,345,100056,345,101153,245,100045,245,101236,100,99938,100,,,99929,100,,,99909,100,,,99907,100,,,99900,100,,,99867,100,,,99853,100
2019-06-28 10:04:10.000000000,100656,188,100280,188,100744,288,100056,288,101153,188,100045,188,101236,188,99938,188,101237,88,99929,188,,,99909,100,,,99907,100,,,99900,100,,,99867,100,,,99853,100
2019-06-28 10:04:15.112952185,100656,188,100280,188,100744,288,100056,188,101153,188,100045,188,101236,188,99938,188,101237,88,99929,188,,,99909,100,,,99907,100,,,99900,100,,,99867,100,,,99853,100
2019-06-28 10:04:20.000000000,100656,210,100280,210,100744,310,100056,210,101153,210,100045,210,101236,210,99938,210,,,99929,100,,,99909,100,,,99907,100,,,99900,100,,,99867,100,,,99853,100
2019-06-28 10:04:22.099388729,100656,210,100280,210,100744,310,100056,210,101153,210,100045,210,101236,210,99938,210,,,99929,100,,,99909,100,,,99900,100,,,99867,100,,,99853,100,,,99750,100
2019-06-28 10:04:30.000000000,100656,320,100280,320,100744,420,100056,320,101153,100,100045,100,101236,100,99938,100,,,99929,100,,,99909,100,,,99900,100,,,99867,100,,,99853,100,,,99750,100
2019-06-28 10:04:40.000000000,100656,539,100280,539,100744,200,100056,100,101153,100,100045,100,101236,100,99938,100,,,99929,100,,,99909,100,,,99900,100,,,99867,100,,,99853,100,,,99750,100
2019-06-28 10:04:50.000000000,100656,539,100280,539,100744,200,100056,100,101153,100,100045,100,101236,100,99938,100,,,99929,100,,,99909,100,,,99900,100,,,99867,100,,,99853,100,,,99750,100
2019-06-28 10:04:51.940264937,100656,539,100280,539,100744,200,100056,100,101153,100,100045,100,101236,100,99938,100,,,99909,100,,,99900,100,,,99867,100,,,99853,100,,,99750,100,,,99598,100
2019-06-28 10:05:00.000000000,100656,210,100280,210,100744,310,100056,210,101153,210,100045,210,101236,210,99938,210,,,99909,100,,,99900,100,,,99867,100,,,99853,100,,,99750,100,,,99598,100
2019-06-28 10:05:10.000000000,100656,249,100280,249,100744,345,100056,245,101153,245,100045,245,101236,100,99938,100,,,99909,100,,,99900,100,,,99867,100,,,99853,100,,,99750,100,,,99598,100
2019-06-28 10:05:15.793415098,100656,249,100280,249,100744,345,100056,245,101153,245,100045,245,101236,100,99938,100,,,99909,100,,,99900,100,,,99867,100,,,99853,100,,,99750,100,,,99598,100
2019-06-28 10:05:20.000000000,100656,320,100280,320,100744,420,100056,320,101153,100,100045,100,101236,100,99938,100,,,99909,100,,,99900,100,,,99867,100,,,99853,100,,,99750,100,,,99598,100
2019-06-28 10:05:29.621432945,100378,100,100280,320,100656,320,100056,320,100744,420,100045,100,101153,100,99938,100,101236,100,99909,100,,,99900,100,,,99867,100,,,99853,100,,,99750,100,,,99598,100
2019-06-28 10:05:30.000000000,100378,188,100280,188,100656,188,100056,188,100744,288,100045,188,101153,188,99938,188,101236,188,99909,188,,,99900,100,,,99867,100,,,99853,100,,,99750,100,,,99598,100
2019-06-28 10:05:40.000000000,100378,249,100280,249,100656,245,100056,245,100744,345,100045,245,101153,100,99938,100,101236,100,99909,100,,,99900,100,,,99867,100,,,99853,100,,,99750,100,,,99598,100
2019-06-28 10:05:47.617788528,100378,249,100280,149,100656,245,100056,245,100744,345,100045,245,101153,100,99938,100,101236,100,99909,100,,,99900,100,,,99867,100,,,99853,100,,,99750,100,,,99598,100
2019-06-28 10:05:50.000000000,100378,320,100056,320,100656,320,100045,320,100744,200,99938,100,101153,100,99909,100,101236,100,99900,100,,,99867,100,,,99853,100,,,99750,100,,,99598,100,,,99525,100
2019-06-28 10:06:00.000000000,100378,320,100056,320,100656,320,100045,320,100744,200,99938,100,101153,100,99909,100,101236,100,99900,100,,,99867,100,,,99853,100,,,99750,100,,,99598,100,,,99525,100
2019-06-28 10:06:10.000000000,100378,539,100056,539,100656,100,100045,100,100744,200,99938,100,101153,100,99909,100,101236,100,99900,100,,,99867,100,,,99853,100,,,99750,100,,,99598,100,,,99525,100
2019-06-28 10:06:20.000000000,100378,210,100056,210,100656,210,100045,210,100744,310,99938,210,101153,210,99909,210,101236,100,99900,100,,,99867,100,,,99853,100,,,99750,100,,,99598,100,,,99525,100
2019-06-28 10:06:22.527847184,100378,210,100056,110,100656,210,100045,210,100744,310,99938,210,101153,210,99909,210,101236,100,99900,100,,,99867,100,,,99853,100,,,99750,100,,,99598,100,,,99525,100
2019-06-28 10:06:25.849086989,100280,100,100056,110,100378,210,100045,210,100656,210,99938,210,100744,310,99909,210,101153,210,99900,100,101236,100,99867,100,,,99853,100,,,99750,100,,,99598,100,,,99525,100
2019-06-28 10:06:30.000000000,100280,539,100045,539,100378,100,99938,100,100656,100,99909,100,100744,200,99900,100,101153,100,99867,100,101236,100,99853,100,,,99750,100,,,99598,100,,,99525,100,,,99459,100
2019-06-28 10:06:31.650136589,100280,539,100045,539,100378,100,99938,100,100656,100,99909,100,100744,200,99900,100,101153,100,99867,100,101236,100,99853,100,,,99750,100,,,99525,100,,,99459,100,,,99442,100
2019-06-28 10:06:40.000000000,100280,188,100045,188,100378,188,99938,188,100656,188,99909,188,100744,288,99900,188,101153,188,99867,188,101236,100,99853,100,,,99750,100,,,99525,100,,,99459,100,,,99442,100
2019-06-28 10:06:40.716205490,100280,288,100045,188,100378,188,99938,188,100656,188,99909,188,100744,288,99900,188,101153,188,99867,188,101236,100,99853,100,,,99750,100,,,99525,100,,,99459,100,,,99442,100
2019-06-28 10:06:50.000000000,100280,288,100045,188,100378,188,99938,188,100656,188,99909,188,100744,288,99900,188,101153,188,99867,188,101236,100,99853,100,,,99750,100,,,99525,100,,,99459,100,,,99442,100
2019-06-28 10:06:50.195280384,100280,288,100045,188,100378,188,99938,188,100656,188,99909,188,100744,288,99900,188,101153,188,99867,188,101236,100,99853,100,,,99750,100,,,99525,100,,,99459,100,,,99436,100
2019-06-28 10:06:50.432093507,100280,288,100045,88,100378,188,99938,188,100656,188,99909,188,100744,288,99900,188,101153,188,99867,188,101236,100,99853,100,,,99750,100,,,99525,100,,,99459,100,,,99383,100
2019-06-28 10:07:00.000000000,100280,639,99938,539,100378,100,99909,100,100656,100,99900,100,100744,200,99867,100,101153,100,99853,100,101236,100,99750,100,,,99525,100,,,99459,100,,,99383,100,,,99382,100
2019-06-28 10:07:10.000000000,100280,310,99938,210,100378,210,99909,210,100656,210,99900,210,100744,310,99867,210,101153,100,99853,100,101236,100,99750,100,,,99525,100,,,99459,100,,,99383,100,,,99382,100
2019-06-28 10:07:18.654438545,100280,310,99938,210,100378,210,99909,210,100656,210,99900,210,100744,310,99867,210,101153,100,99853,100,101236,100,99750,100,,,99459,100,,,99383,100,,,99382,100,,,99355,100
2019-06-28 10:07:20.000000000,100280,349,99938,249,100378,245,99909,245,100656,245,99900,245,100744,200,99867,100,101153,100,99853,100,101236,100,99750,100,,,99459,100,,,99383,100,,,99382,100,,,99355,100
2019-06-28 10:07:23.892035964,100280,349,99938,149,100378,245,99909,245,100656,245,99900,245,100744,200,99867,100,101153,100,99853,100,101236,100,99750,100,,,99459,100,,,99383,100,,,99382,100,,,99355,100
2019-06-28 10:07:30.000000000,100280,310,99909,210,100378,210,99900,210,100656,210,99867,210,100744,310,99853,210,101153,100,99750,100,101236,100,99459,100,,,99383,100,,,99382,100,,,99355,100,,,99341,100
2019-06-28 10:07:40.000000000,100280,288,99909,188,100378,188,99900,188,100656,188,99867,188,100744,288,99853,188,101153,188,99750,188,101236,100,99459,100,,,99383,100,,,99382,100,,,99355,100,,,99341,100
2019-06-28 10:07:40.484853363,100280,288,99909,88,100378,188,99900,188,100656,188,99867,188,100744,288,99853,188,101153,188,99750,188,101236,100,99459,100,,,99383,100,,,99382,100,,,99355,100,,,99341,100
2019-06-28 10:07:42.793636940,100280,288,99909,88,100378,188,99900,188,100656,88,99867,188,100744,288,99853,188,101153,188,99750,188,101236,100,99459,100,,,99383,100,,,99382,100,,,99355,100,,,99341,100
2019-06-28 10:07:50.000000000,100280,349,99900,249,100378,245,99867,245,100744,345,99853,245,101153,100,99750,100,101236,100,99459,100,,,99383,100,,,99382,100,,,99355,100,,,99341,100,,,99288,100
2019-06-28 10:07:52.052553730,99938,100,99900,249,100280,249,99867,245,100378,245,99853,245,100744,345,99750,100,101153,100,99459,100,101236,100,99383,100,,,99382,100,,,99355,100,,,99341,100,,,99288,100
2019-06-28 10:08:00.000000000,99938,188,99900,188,100280,188,99867,188,100378,188,99853,188,100744,288,99750,188,101153,188,99459,188,101236,100,99383,100,,,99382,100,,,99355,100,,,99341,100,,,99288,100
2019-06-28 10:08:10.000000000,99938,188,99900,188,100280,188,99867,188,100378,188,99853,188,100744,288,99750,188,101153,188,99459,188,101236,100,99383,100,,,99382,100,,,99355,100,,,99341,100,,,99288,100
2019-06-28 10:08:13.567215264,99938,288,99900,188,100280,188,99867,188,100378,188,99853,188,100744,288,99750,188,101153,188,99459,188,101236,100,99383,100,,,99382,100,,,99355,100,,,99341,100,,,99288,100
2019-06-28 10:08:17.471951032,99938,288,99900,88,100280,188,99867,188,100378,188,99853,188,100744,288,99750,188,101153,188,99459,188,101236,100,99383,100,,,99382,100,,,99355,100,,,99341,100,,,99288,100
2019-06-28 10:08:20.000000000,99938,420,99867,320,100280,320,99853,320,100378,100,99750,100,100744,200,99459,100,101153,100,99383,100,101236,100,99382,100,,,99355,100,,,99341,100,,,99288,100,,,99173,100
2019-06-28 10:08:30.000000000,99938,310,99867,210,100280,210,99853,210,100378,210,99750,210,100744,310,99459,210,101153,100,99383,100,101236,100,99382,100,,,99355,100,,,99341,100,,,99288,100,,,99173,100
