,ask_price_1,ask_size_1,bid_price_1,bid_size_1,ask_price_2,ask_size_2,bid_price_2,bid_size_2,ask_price_3,ask_size_3,bid_price_3,bid_size_3,ask_price_4,ask_size_4,bid_price_4,bid_size_4,ask_price_5,ask_size_5,bid_price_5,bid_size_5,ask_price_6,ask_size_6,bid_price_6,bid_size_6,ask_price_7,ask_size_7,bid_price_7,bid_size_7,ask_price_8,ask_size_8,bid_price_8,bid_size_8,ask_price_9,ask_size_9,bid_price_9,bid_size_9,ask_price_10,ask_size_10,bid_price_10,bid_size_10
2019-06-28 09:30:00.000000001,100130,100,,,,,,,,,,,,,,,,,,,,,,,,,,,,,,,,,,,,,,
2019-06-28 09:30:00.000000002,100130,100,99890,100,,,,,,,,,,,,,,,,,,,,,,,,,,,,,,,,,,,,
2019-06-28 09:30:00.000000003,100086,100,99955,100,100130,100,99890,100,,,,,,,,,,,,,,,,,,,,,,,,,,,,,,,,
2019-06-28 09:30:00.000000005,100086,100,99955,100,100096,100,99890,100,100130,100,99849,100,,,,,,,,,,,,,,,,,,,,,,,,,,,,
2019-06-28 09:30:00.000000007,100086,100,99955,100,100096,100,99890,100,100130,100,99849,100,100175,100,,,,,,,,,,,,,,,,,,,,,,,,,,
2019-06-28 09:30:00.000000009,100086,100,99955,100,100096,100,99890,100,100130,100,99880,100,100175,100,99849,100,,,,,,,,,,,,,,,,,,,,,,,,
2019-06-28 09:30:00.000000013,100086,100,100025,100,100096,200,99955,100,100130,100,99890,100,100175,100,99880,100,,,99849,100,,,,,,,,,,,,,,,,,,,,
2019-06-28 09:30:00.000000015,100086,100,100025,100,100096,200,99955,100,100130,100,99890,100,100175,100,99880,100,,,99874,100,,,99849,100,,,,,,,,,,,,,,,,
2019-06-28 09:30:00.000000016,100086,100,99955,100,100096,200,99890,100,100130,100,99880,100,100175,100,99874,100,,,99849,100,,,,,,,,,,,,,,,,,,,,
2019-06-28 09:30:00.000000018,100047,100,99955,100,100086,100,99921,100,100096,200,99890,100,100130,100,99880,100,100175,100,99874,100,,,99849,100,,,,,,,,,,,,,,,,
2019-06-28 09:30:00.000000019,100047,100,99955,100,100086,100,99921,100,100096,200,99890,100,100130,200,99880,100,100175,100,99874,100,,,99849,100,,,,,,,,,,,,,,,,
2019-06-28 09:30:00.000000021,100047,100,100010,100,100071,100,99955,100,100086,100,99921,100,100096,200,99890,100,100130,200,99880,100,100175,100,99874,100,,,99849,100,,,,,,,,,,,,
2019-06-28 09:30:00.000000022,100047,100,100010,100,100071,100,99955,100,100086,100,99921,100,100096,200,99890,100,100130,200,99880,100,100175,100,99874,100,,,99849,100,,,99845,100,,,,,,,,
2019-06-28 09:30:00.000000024,100047,100,99955,100,100071,100,99921,100,100086,100,99890,100,100096,200,99880,100,100105,100,99874,100,100130,200,99849,100,100175,100,99845,100,,,,,,,,,,,,
2019-06-28 09:30:00.000000026,100047,100,99955,100,100071,100,99921,100,100086,100,99890,100,100096,200,99880,100,100105,100,99874,100,100130,200,99849,100,100175,100,99845,100,,,99831,100,,,,,,,,
2019-06-28 09:30:00.000000029,100025,100,99955,100,100047,100,99921,100,100071,200,99890,100,100086,100,99880,100,100096,200,99874,100,100105,100,99849,100,100130,200,99845,100,100175,100,99831,100,,,,,,,,
2019-06-28 09:30:00.000000030,100025,100,99955,100,100047,100,99921,100,100071,200,99890,100,100086,100,99880,100,100096,200,99874,100,100105,100,99849,100,100128,100,99845,100,100130,200,99831,100,100175,100,,,,,,
2019-06-28 09:30:00.000000033,100025,100,99955,100,100047,100,99929,100,100071,200,99921,100,100086,100,99890,100,100096,200,99880,100,100105,100,99874,100,100128,100,99849,100,100130,200,99845,100,100175,100,99831,100,,,,
2019-06-28 09:30:00.000000034,100025,200,99955,100,100047,100,99929,100,100071,200,99921,100,100086,100,99890,100,100096,200,99880,100,100105,100,99874,100,100128,100,99849,100,100130,200,99845,100,100175,100,99831,100,,,,
2019-06-28 09:30:00.000000036,100025,300,99955,100,100047,100,99929,100,100071,200,99921,100,100086,100,99890,100,100096,200,99880,100,100105,100,99874,100,100128,100,99849,100,100130,200,99845,100,100175,100,99831,100,,,,
2019-06-28 09:30:00.000000038,100025,300,99962,100,100047,100,99955,100,100071,200,99929,100,100075,100,99921,100,100086,100,99890,100,100096,200,99880,100,100105,100,99874,100,100128,100,99849,100,100130,200,99845,100,100175,100,99831,100
2019-06-28 09:30:00.000000040,100025,300,99962,100,100047,100,99955,100,100071,200,99954,100,100075,100,99929,100,100086,100,99921,100,100096,200,99890,100,100105,100,99880,100,100128,100,99874,100,100130,200,99849,100,100175,100,99845,100
2019-06-28 09:30:00.000000041,100025,300,100010,100,100047,100,99962,100,100071,200,99955,100,100075,100,99954,100,100086,100,99929,100,100096,200,99921,100,100105,100,99890,100,100128,100,99880,100,100130,200,99874,100,100175,100,99849,100
2019-06-28 09:30:00.000000042,100025,300,100010,100,100047,100,99962,100,100056,100,99955,100,100071,200,99954,100,100075,100,99929,100,100086,100,99921,100,100096,200,99890,100,100105,100,99880,100,100128,100,99874,100,100130,200,99849,100
2019-06-28 09:30:00.000000043,100025,300,100010,100,100047,100,99962,100,100056,100,99955,100,100071,200,99954,100,100075,100,99929,100,100086,100,99921,100,100096,200,99890,100,100105,100,99880,100,100128,100,99874,100,100130,200,99849,100
2019-06-28 09:30:00.000000044,100021,100,100010,100,100025,300,99962,100,100047,100,99955,100,100056,100,99954,100,100071,200,99929,100,100075,100,99921,100,100086,100,99890,100,100096,200,99880,100,100105,100,99874,100,100128,100,99849,100
2019-06-28 09:30:00.000000048,100021,100,100010,100,100025,300,99962,100,100047,100,99955,100,100050,100,99954,100,100056,100,99929,100,100071,200,99921,100,100075,100,99890,100,100086,100,99880,100,100096,200,99874,100,100105,100,99849,100
2019-06-28 09:30:00.000000050,100025,300,100010,100,100047,100,99962,100,100050,100,99955,100,100056,100,99954,100,100071,200,99929,100,100075,100,99921,100,100086,100,99890,100,100096,200,99880,100,100105,100,99874,100,100128,100,99849,100
2019-06-28 09:30:00.000000052,100025,300,100010,100,100036,100,99962,100,100047,100,99955,100,100050,100,99954,100,100056,100,99929,100,100071,200,99921,100,100075,100,99890,100,100086,100,99880,100,100096,200,99874,100,100105,100,99849,100
2019-06-28 09:30:00.000000054,100025,300,100010,100,100036,100,99962,100,100047,100,99955,100,100050,100,99954,100,100056,100,99929,100,100071,200,99921,100,100075,100,99907,100,100086,100,99890,100,100096,200,99880,100,100105,100,99874,100
2019-06-28 09:30:00.000000056,100021,100,100010,100,100025,300,99962,100,100036,100,99955,100,100047,100,99954,100,100050,100,99929,100,100056,100,99921,100,100071,200,99907,100,100075,100,99890,100,100086,100,99880,100,100096,200,99874,100
2019-06-28 09:30:00.000000057,100021,100,100010,100,100025,300,99962,100,100036,100,99955,100,100047,100,99954,100,100050,100,99929,100,100056,100,99921,100,100071,200,99907,100,100075,100,99898,100,100086,100,99890,100,100096,200,99880,100
2019-06-28 09:30:00.000000061,100021,100,99962,100,100025,300,99955,100,100036,100,99954,100,100047,100,99929,100,100050,100,99921,100,100056,100,99907,100,100071,200,99898,100,100075,100,99890,100,100086,100,99880,100,100096,200,99874,100
2019-06-28 09:30:00.000000065,100020,100,100007,100,100021,100,99991,100,100025,300,99962,100,100036,100,99955,100,100047,100,99954,100,100050,100,99929,100,100056,100,99921,100,100071,200,99907,100,100075,100,99898,100,100086,100,99890,100
2019-06-28 09:30:00.000000066,100020,100,100007,100,100021,100,99991,100,100025,300,99962,100,100036,100,99955,100,100047,100,99954,100,100050,100,99929,100,100056,100,99921,100,100071,200,99907,100,100075,100,99898,100,100086,100,99890,100
2019-06-28 09:30:00.000000069,100020,100,99991,100,100021,100,99962,100,100025,300,99955,100,100036,100,99954,100,100047,100,99929,100,100050,100,99921,100,100056,100,99907,100,100071,200,99898,100,100075,100,99890,100,100086,100,99880,100
2019-06-28 09:30:00.000000070,100020,100,99991,100,100021,100,99962,100,100025,300,99955,100,100036,100,99954,100,100047,100,99947,100,100050,100,99929,100,100056,100,99921,100,100071,200,99907,100,100075,100,99898,100,100086,100,99890,100
2019-06-28 09:30:00.000000072,100012,100,99991,100,100020,100,99962,100,100021,100,99955,100,100025,300,99954,100,100036,100,99947,100,100047,100,99929,100,100050,100,99921,100,100056,100,99907,100,100071,200,99898,100,100075,100,99890,100
2019-06-28 09:30:00.000000077,100012,100,99999,100,100020,100,99991,100,100021,100,99962,100,100025,300,99955,100,100036,100,99954,100,100047,100,99947,100,100050,100,99929,100,100056,100,99921,100,100071,200,99907,100,100075,100,99898,100
2019-06-28 09:30:00.000000078,100012,100,99999,100,100020,100,99991,100,100021,100,99962,100,100025,300,99955,100,100036,100,99954,100,100047,100,99947,100,100050,100,99929,100,100056,100,99921,100,100071,200,99907,100,100075,100,99898,100
2019-06-28 09:30:00.000000079,100012,100,99999,100,100020,100,99991,100,100021,100,99962,100,100025,300,99955,100,100036,100,99954,100,100047,100,99947,100,100050,100,99929,100,100056,100,99921,100,100071,200,99907,100,100075,100,99898,100
2019-06-28 09:30:00.000000081,100012,100,99999,100,100020,100,99991,100,100021,100,99962,100,100025,300,99955,100,100036,100,99954,100,100047,100,99947,100,100050,100,99929,100,100056,100,99921,100,100071,200,99907,100,100075,100,99898,100
2019-06-28 09:30:00.000000082,100012,100,99999,100,100020,100,99991,100,100021,100,99962,100,100025,300,99955,100,100036,100,99954,100,100047,100,99947,100,100049,100,99929,100,100050,100,99921,100,100056,100,99907,100,100071,200,99898,100
2019-06-28 09:30:00.000000085,100012,100,99999,100,100020,100,99991,100,100021,100,99990,100,100025,300,99962,100,100036,100,99955,100,100047,100,99954,100,100049,100,99947,100,100050,100,99929,100,100056,100,99921,100,100071,200,99907,100
2019-06-28 09:30:00.000000088,100012,100,99991,100,100020,100,99990,100,100021,100,99972,100,100025,300,99962,100,100036,100,99955,100,100047,100,99954,100,100049,100,99947,100,100050,100,99929,100,100056,100,99921,100,100071,200,99907,100
2019-06-28 09:30:00.000000090,100012,100,99999,100,100020,100,99991,100,100021,100,99990,100,100025,300,99972,100,100036,100,99962,100,100047,100,99955,100,100049,100,99954,100,100050,100,99947,100,100056,100,99929,100,100071,200,99924,100
2019-06-28 09:30:00.000000092,100012,100,99999,100,100020,100,99991,100,100021,100,99990,100,100025,300,99972,100,100036,100,99962,100,100047,100,99955,100,100048,100,99954,100,100049,100,99947,100,100050,100,99929,100,100056,100,99924,100
2019-06-28 09:30:00.000000094,100012,100,99999,100,100020,100,99991,100,100021,100,99990,100,100025,300,99972,100,100036,100,99962,100,100047,100,99955,100,100048,100,99954,100,100049,100,99947,100,100050,100,99929,100,100056,100,99924,100
2019-06-28 09:30:00.000000095,100012,100,99991,100,100020,100,99990,100,100021,100,99972,100,100025,300,99962,100,100036,100,99955,100,100047,100,99954,100,100048,100,99947,100,100049,100,99929,100,100050,100,99924,100,100056,100,99921,100
2019-06-28 09:30:10.000000000,100012,269,99991,269,100020,264,99990,264,100021,264,99972,264,100025,300,99962,100,100036,100,99955,100,100047,100,99954,100,100048,100,99947,100,100049,100,99929,100,100050,100,99924,100,100056,100,99921,100
2019-06-28 09:30:20.000000000,100012,224,99991,224,100020,224,99990,224,100021,224,99972,224,100025,424,99962,224,100036,100,99955,100,100047,100,99954,100,100048,100,99947,100,100049,100,99929,100,100050,100,99924,100,100056,100,99921,100
2019-06-28 09:30:30.000000000,100012,199,99991,199,100020,199,99990,199,100021,199,99972,199,100025,399,99962,199,100036,199,99955,199,100047,100,99954,100,100048,100,99947,100,100049,100,99929,100,100050,100,99924,100,100056,100,99921,100
2019-06-28 09:30:37.202694807,100012,199,99991,99,100020,199,99990,199,100021,199,99972,199,100025,399,99962,199,100036,199,99955,199,100047,100,99954,100,100048,100,99947,100,100049,100,99929,100,100050,100,99924,100,100071,200,99921,100
2019-06-28 09:30:40.000000000,100012,224,99990,224,100020,224,99972,224,100021,224,99962,224,100025,424,99955,224,100036,100,99954,100,100047,100,99947,100,100048,100,99929,100,100049,100,99924,100,100050,100,99921,100,100071,200,99907,100
2019-06-28 09:30:50.000000000,100012,596,99990,596,100020,100,99972,100,100021,100,99962,100,100025,300,99955,100,100036,100,99954,100,100047,100,99947,100,100048,100,99929,100,100049,100,99924,100,100050,100,99921,100,100071,200,99907,100
2019-06-28 09:31:00.000000000,100012,348,99990,348,100020,348,99972,348,100021,100,99962,100,100025,300,99955,100,100036,100,99954,100,100047,100,99947,100,100048,100,99929,100,100049,100,99924,100,100050,100,99921,100,100071,200,99907,100
2019-06-28 09:31:10.000000000,100012,199,99990,199,100020,199,99972,199,100021,199,99962,199,100025,399,99955,199,100036,199,99954,199,100047,100,99947,100,100048,100,99929,100,100049,100,99924,100,100050,100,99921,100,100071,200,99907,100
2019-06-28 09:31:15.889374292,100012,199,99990,99,100020,199,99972,199,100021,199,99962,199,100025,399,99955,199,100036,199,99954,199,100047,100,99947,100,100048,100,99929,100,100049,100,99924,100,100050,100,99921,100,100071,200,99907,100
2019-06-28 09:31:20.000000000,100012,348,99972,348,100020,348,99962,348,100021,100,99955,100,100025,300,99954,100,100036,100,99947,100,100047,100,99929,100,100048,100,99924,100,100049,100,99921,100,100050,100,99907,100,100071,200,99898,100
2019-06-28 09:31:29.489554845,100012,348,99972,348,100020,348,99962,348,100021,100,99954,100,100025,300,99947,100,100036,100,99929,100,100047,100,99924,100,100048,100,99921,100,100049,100,99907,100,100050,100,99898,100,100071,200,99890,100
2019-06-28 09:31:30.000000000,100012,199,99972,199,100020,199,99962,199,100021,199,99954,199,100025,399,99947,199,100036,199,99929,199,100047,100,99924,100,100048,100,99921,100,100049,100,99907,100,100050,100,99898,100,100071,200,99890,100
2019-06-28 09:31:31.123109591,100012,199,99972,199,100020,199,99962,199,100021,199,99954,199,100025,399,99947,199,100036,199,99929,199,100047,100,99924,100,100048,100,99921,100,100049,100,99907,100,100050,100,99898,100,100071,200,99890,100
2019-06-28 09:31:40.000000000,100012,596,99972,596,100020,100,99962,100,100021,100,99954,100,100025,300,99947,100,100036,100,99929,100,100047,100,99924,100,100048,100,99921,100,100049,100,99907,100,100050,100,99898,100,100071,200,99890,100
2019-06-28 09:31:43.133885926,100012,596,99972,596,100020,100,99962,100,100021,100,99954,100,100025,300,99947,100,100036,100,99929,100,100047,100,99924,100,100048,100,99921,100,100049,100,99907,100,100050,100,99898,100,100071,200,99890,100
2019-06-28 09:31:49.867927096,99991,100,99972,596,100012,596,99962,100,100020,100,99954,100,100021,100,99947,100,100025,200,99929,100,100036,100,99924,100,100047,100,99921,100,100048,100,99907,100,100049,100,99898,100,100050,100,99890,100
2019-06-28 09:31:50.000000000,99991,199,99972,199,100012,199,99962,199,100020,199,99954,199,100021,199,99947,199,100025,299,99929,199,100036,100,99924,100,100047,100,99921,100,100048,100,99907,100,100049,100,99898,100,100050,100,99890,100
2019-06-28 09:32:00.000000000,99991,348,99972,348,100012,348,99962,348,100020,100,99954,100,100021,100,99947,100,100025,200,99929,100,100036,100,99924,100,100047,100,99921,100,100048,100,99907,100,100049,100,99898,100,100050,100,99890,100
2019-06-28 09:32:10.000000000,99991,199,99972,199,100012,199,99962,199,100020,199,99954,199,100021,199,99947,199,100025,299,99929,199,100036,100,99924,100,100047,100,99921,100,100048,100,99907,100,100049,100,99898,100,100050,100,99890,100
2019-06-28 09:32:15.286837401,99991,199,99972,99,100012,199,99962,199,100020,199,99954,199,100021,199,99947,199,100025,299,99929,199,100036,100,99924,100,100047,100,99921,100,100048,100,99907,100,100050,100,99898,100,100071,200,99890,100
2019-06-28 09:32:20.000000000,99991,596,99962,596,100012,100,99954,100,100020,100,99947,100,100021,100,99929,100,100025,200,99924,100,100036,100,99921,100,100047,100,99907,100,100048,100,99898,100,100050,100,99890,100,100071,200,99889,100
2019-06-28 09:32:21.248349093,99991,596,99962,496,100012,100,99954,100,100020,100,99929,100,100021,100,99924,100,100025,200,99921,100,100036,100,99907,100,100047,100,99898,100,100048,100,99890,100,100050,100,99889,100,100071,200,99880,100
2019-06-28 09:32:22.744765828,99991,596,99962,396,100012,100,99954,100,100020,100,99929,100,100021,100,99924,100,100025,200,99921,100,100036,100,99907,100,100047,100,99898,100,100048,100,99890,100,100050,100,99880,100,100071,200,99875,100
2019-06-28 09:32:30.000000000,99991,224,99954,224,100012,224,99929,224,100020,224,99924,224,100021,224,99921,224,100025,200,99907,100,100036,100,99898,100,100047,100,99890,100,100048,100,99880,100,100050,100,99875,100,100071,200,99858,100
2019-06-28 09:32:40.000000000,99991,269,99954,269,100012,264,99929,264,100020,264,99924,264,100021,100,99921,100,100025,200,99907,100,100036,100,99898,100,100047,100,99890,100,100048,100,99880,100,100050,100,99875,100,100071,200,99858,100
2019-06-28 09:32:50.000000000,99991,224,99954,224,100012,224,99929,224,100020,224,99924,224,100021,224,99921,224,100025,200,99907,100,100036,100,99898,100,100047,100,99890,100,100048,100,99880,100,100050,100,99875,100,100071,200,99858,100
2019-06-28 09:33:00.000000000,99991,199,99954,199,100012,199,99929,199,100020,199,99924,199,100021,199,99921,199,100025,299,99907,199,100036,100,99898,100,100047,100,99890,100,100048,100,99880,100,100050,100,99875,100,100071,200,99858,100
2019-06-28 09:33:10.000000000,99991,224,99954,224,100012,224,99929,224,100020,224,99924,224,100021,224,99921,224,100025,200,99907,100,100036,100,99898,100,100047,100,99890,100,100048,100,99880,100,100050,100,99875,100,100071,200,99858,100
2019-06-28 09:33:16.727625344,99991,224,99954,224,100012,124,99929,224,100020,224,99924,224,100021,224,99921,224,100025,200,99907,100,100036,100,99898,100,100047,100,99890,100,100048,100,99880,100,100050,100,99875,100,100071,200,99858,100
2019-06-28 09:33:17.610495319,99991,224,99954,224,100012,124,99929,224,100020,224,99924,224,100021,224,99921,224,100025,200,99907,100,100036,100,99890,100,100047,100,99880,100,100048,100,99875,100,100050,100,99858,100,100071,200,99853,100
2019-06-28 09:33:20.000000000,99991,224,99954,224,100020,224,99929,224,100021,224,99924,224,100025,324,99921,224,100036,100,99907,100,100047,100,99890,100,100048,100,99880,100,100050,100,99875,100,100071,200,99858,100,100075,100,99853,100
2019-06-28 09:33:30.000000000,99991,199,99954,199,100020,199,99929,199,100021,199,99924,199,100025,299,99921,199,100036,199,99907,199,100047,100,99890,100,100048,100,99880,100,100050,100,99875,100,100071,200,99858,100,100075,100,99853,100
2019-06-28 09:33:40.000000000,99991,269,99954,269,100020,264,99929,264,100021,264,99924,264,100025,200,99921,100,100036,100,99907,100,100047,100,99890,100,100048,100,99880,100,100050,100,99875,100,100071,200,99858,100,100075,100,99853,100
2019-06-28 09:33:49.195228809,99991,269,99954,269,100020,264,99929,264,100021,264,99924,264,100025,200,99921,100,100036,100,99907,100,100047,100,99890,100,100048,100,99880,100,100050,100,99875,100,100071,200,99858,100,100075,100,99853,100
2019-06-28 09:33:50.000000000,99991,269,99954,269,100020,264,99929,264,100021,264,99924,264,100025,200,99921,100,100036,100,99907,100,100047,100,99890,100,100048,100,99880,100,100050,100,99875,100,100071,200,99858,100,100075,100,99853,100
2019-06-28 09:33:58.313357555,99991,269,99954,269,100020,264,99929,264,100021,264,99924,264,100025,200,99921,100,100036,100,99907,100,100047,100,99890,100,100048,100,99880,100,100050,100,99875,100,100071,200,99858,100,100075,100,99853,100
2019-06-28 09:34:00.000000000,99991,596,99954,596,100020,100,99929,100,100021,100,99924,100,100025,200,99921,100,100036,100,99907,100,100047,100,99890,100,100048,100,99880,100,100050,100,99875,100,100071,200,99858,100,100075,100,99853,100
2019-06-28 09:34:10.000000000,99991,596,99954,596,100020,100,99929,100,100021,100,99924,100,100025,200,99921,100,100036,100,99907,100,100047,100,99890,100,100048,100,99880,100,100050,100,99875,100,100071,200,99858,100,100075,100,99853,100
2019-06-28 09:34:10.645774571,99962,100,99954,596,99991,596,99929,100,100020,100,99924,100,100021,100,99921,100,100025,200,99907,100,100036,100,99890,100,100047,100,99875,100,100048,100,99858,100,100050,100,99853,100,100071,200,99849,100
2019-06-28 09:34:20.000000000,99962,269,99954,269,99991,264,99929,264,100020,264,99924,264,100021,100,99921,100,100025,200,99907,100,100036,100,99890,100,100047,100,99875,100,100048,100,99858,100,100050,100,99853,100,100071,200,99849,100
2019-06-28 09:34:30.000000000,99962,224,99954,224,99991,224,99929,224,100020,224,99924,224,100021,224,99921,224,100025,200,99907,100,100036,100,99890,100,100047,100,99875,100,100048,100,99858,100,100050,100,99853,100,100071,200,99849,100
2019-06-28 09:34:40.000000000,99962,348,99954,348,99991,348,99929,348,100020,100,99924,100,100021,100,99921,100,100025,200,99907,100,100036,100,99890,100,100047,100,99875,100,100048,100,99858,100,100050,100,99853,100,100071,200,99849,100
2019-06-28 09:34:50.000000000,99962,224,99954,224,99991,224,99929,224,100020,224,99924,224,100021,224,99921,224,100025,200,99907,100,100036,100,99890,100,100047,100,99875,100,100048,100,99858,100,100050,100,99853,100,100071,200,99849,100
2019-06-28 09:34:52.743217587,99962,224,99954,224,99991,224,99929,224,100020,224,99924,224,100021,224,99921,224,100025,200,99907,100,100036,100,99890,100,100047,100,99875,100,100048,100,99858,100,100050,100,99853,100,100071,200,99849,100
2019-06-28 09:35:00.000000000,99962,348,99954,348,99991,348,99929,348,100020,100,99924,100,100021,100,99921,100,100025,200,99907,100,100036,100,99890,100,100047,100,99875,100,100048,100,99858,100,100050,100,99853,100,100071,200,99849,100
2019-06-28 09:35:10.000000000,99962,596,99954,596,99991,100,99929,100,100020,100,99924,100,100021,100,99921,100,100025,200,99907,100,100036,100,99890,100,100047,100,99875,100,100048,100,99858,100,100050,100,99853,100,100071,200,99849,100
2019-06-28 09:35:20.000000000,99962,269,99954,269,99991,264,99929,264,100020,264,99924,264,100021,100,99921,100,100025,200,99907,100,100036,100,99890,100,100047,100,99875,100,100048,100,99858,100,100050,100,99853,100,100071,200,99849,100
2019-06-28 09:35:30.000000000,99962,199,99954,199,99991,199,99929,199,100020,199,99924,199,100021,199,99921,199,100025,299,99907,199,100036,100,99890,100,100047,100,99875,100,100048,100,99858,100,100050,100,99853,100,100071,200,99849,100
2019-06-28 09:35:32.452038928,99962,199,99954,99,99991,199,99929,199,100020,199,99924,199,100021,199,99921,199,100025,299,99907,199,100036,100,99890,100,100047,100,99875,100,100048,100,99858,100,100050,100,99853,100,100071,200,99849,100
2019-06-28 09:35:40.000000000,99962,224,99929,224,99991,224,99924,224,100020,224,99921,224,100021,224,99907,224,100025,200,99890,100,100036,100,99875,100,100047,100,99858,100,100048,100,99853,100,100050,100,99849,100,100071,200,99845,100
2019-06-28 09:35:48.483063992,99962,224,99929,224,99991,224,99924,224,100020,224,99921,224,100021,224,99907,224,100025,200,99890,100,100036,100,99875,100,100047,100,99858,100,100048,100,99853,100,100050,100,99849,100,100071,200,99845,100
2019-06-28 09:35:50.000000000,99962,224,99929,224,99991,224,99924,224,100020,224,99921,224,100021,224,99907,224,100025,200,99890,100,100036,100,99875,100,100047,100,99858,100,100048,100,99853,100,100050,100,99849,100,100071,200,99845,100
2019-06-28 09:35:56.690242739,99962,224,99929,224,99991,224,99924,224,100020,224,99921,224,100021,224,99907,224,100025,200,99890,100,100036,100,99875,100,100047,100,99858,100,100048,100,99853,100,100050,100,99849,100,100071,200,99845,100
2019-06-28 09:36:00.000000000,99962,348,99929,348,99991,348,99924,348,100020,100,99921,100,100021,100,99907,100,100025,200,99890,100,100036,100,99875,100,100047,100,99858,100,100048,100,99853,100,100050,100,99849,100,100071,200,99845,100
2019-06-28 09:36:09.975191360,99962,348,99929,348,99991,348,99924,348,100020,100,99921,100,100021,100,99907,100,100025,200,99890,100,100036,100,99875,100,100047,100,99858,100,100048,100,99853,100,100050,100,99849,100,100071,200,99845,100
2019-06-28 09:36:10.000000000,99962,596,99929,596,99991,100,99924,100,100020,100,99921,100,100021,100,99907,100,100025,200,99890,100,100036,100,99875,100,100047,100,99858,100,100048,100,99853,100,100050,100,99849,100,100071,200,99845,100
2019-06-28 09:36:12.211340738,99962,596,99929,596,99991,100,99924,100,100020,100,99921,100,100021,100,99907,100,100025,200,99890,100,100036,100,99875,100,100047,100,99858,100,100048,100,99853,100,100050,100,99849,100,100071,200,99845,100
2019-06-28 09:36:20.000000000,99962,269,99929,269,99991,264,99924,264,100020,264,99921,264,100021,100,99907,100,100025,200,99890,100,100036,100,99875,100,100047,100,99858,100,100048,100,99853,100,100050,100,99849,100,100071,200,99845,100
2019-06-28 09:36:24.684188667,99962,269,99929,169,99991,264,99924,264,100020,264,99921,264,100021,100,99907,100,100025,200,99890,100,100036,100,99875,100,100047,100,99858,100,100048,100,99853,100,100050,100,99849,100,100071,200,99845,100
2019-06-28 09:36:30.000000000,99962,348,99924,348,99991,348,99921,348,100020,100,99907,100,100021,100,99890,100,100025,200,99875,100,100036,100,99858,100,100047,100,99853,100,100048,100,99849,100,100050,100,99845,100,100071,200,99649,100
2019-06-28 09:36:31.607935472,99962,348,99924,148,99991,348,99921,348,100020,100,99907,100,100021,100,99890,100,100025,200,99875,100,100036,100,99858,100,100047,100,99853,100,100048,100,99849,100,100050,100,99845,100,100071,200,99649,100
2019-06-28 09:36:40.000000000,99962,348,99921,348,99991,348,99907,348,100020,100,99890,100,100021,100,99875,100,100025,200,99858,100,100036,100,99853,100,100047,100,99849,100,100048,100,99845,100,100050,100,99649,100,100071,200,99346,100
2019-06-28 09:36:50.000000000,99962,199,99921,199,99991,199,99907,199,100020,199,99890,199,100021,199,99875,199,100025,299,99858,199,100036,100,99853,100,100047,100,99849,100,100048,100,99845,100,100050,100,99649,100,100071,200,99346,100
2019-06-28 09:37:00.000000000,99962,199,99921,199,99991,199,99907,199,100020,199,99890,199,100021,199,99875,199,100025,299,99858,199,100036,100,99853,100,100047,100,99849,100,100048,100,99845,100,100050,100,99649,100,100071,200,99346,100
2019-06-28 09:37:02.699749430,99929,100,99921,199,99962,199,99907,199,99991,199,99890,199,100020,199,99875,199,100021,199,99858,199,100025,299,99853,100,100036,100,99849,100,100047,100,99845,100,100048,100,99649,100,100050,100,99346,100
2019-06-28 09:37:04.729231919,99929,200,99921,199,99962,199,99907,199,99991,199,99890,199,100020,199,99875,199,100021,199,99858,199,100025,299,99853,100,100036,100,99849,100,100047,100,99845,100,100048,100,99649,100,100050,100,99346,100
2019-06-28 09:37:04.733755575,99929,200,99921,199,99962,199,99907,199,99991,199,99890,199,100020,199,99875,199,100021,199,99858,199,100025,299,99853,100,100036,100,99849,100,100047,100,99845,100,100048,100,99649,100,100050,100,99346,100
2019-06-28 09:37:10.000000000,99929,448,99921,348,99962,348,99907,348,99991,100,99890,100,100020,100,99875,100,100021,100,99858,100,100025,200,99853,100,100036,100,99849,100,100047,100,99845,100,100048,100,99649,100,100050,100,99346,100
2019-06-28 09:37:14.001014867,99929,548,99921,348,99962,248,99907,348,99991,100,99890,100,100020,100,99875,100,100021,100,99858,100,100025,200,99853,100,100036,100,99849,100,100047,100,99845,100,100048,100,99649,100,100050,100,99346,100
2019-06-28 09:37:20.000000000,99929,424,99921,224,99991,224,99907,224,100020,224,99890,224,100021,224,99875,224,100025,200,99858,100,100036,100,99853,100,100047,100,99849,100,100048,100,99845,100,100050,100,99649,100,100071,200,99346,100
2019-06-28 09:37:30.000000000,99929,424,99921,224,99991,224,99907,224,100020,224,99890,224,100021,224,99875,224,100025,200,99858,100,100036,100,99853,100,100047,100,99849,100,100048,100,99845,100,100050,100,99649,100,100071,200,99346,100
2019-06-28 09:37:34.979886462,99929,424,99921,124,99991,224,99907,224,100020,224,99890,224,100021,224,99875,224,100025,200,99858,100,100036,100,99853,100,100047,100,99849,100,100048,100,99845,100,100050,100,99649,100,100071,200,99346,100
2019-06-28 09:37:40.000000000,99929,399,99907,199,99991,199,99890,199,100020,199,99875,199,100021,199,99858,199,100025,299,99853,199,100036,100,99849,100,100047,100,99845,100,100048,100,99649,100,100050,100,99346,100,100071,200,99342,100
2019-06-28 09:37:50.000000000,99929,548,99907,348,99991,348,99890,348,100020,100,99875,100,100021,100,99858,100,100025,200,99853,100,100036,100,99849,100,100047,100,99845,100,100048,100,99649,100,100050,100,99346,100,100071,200,99342,100
2019-06-28 09:37:58.881109127,99929,548,99907,348,99991,348,99890,348,100020,100,99875,100,100021,100,99858,100,100025,200,99853,100,100036,100,99849,100,100047,100,99845,100,100048,100,99649,100,100050,100,99346,100,100071,200,99342,100
2019-06-28 09:38:00.000000000,99929,796,99907,596,99991,100,99890,100,100020,100,99875,100,100021,100,99858,100,100025,200,99853,100,100036,100,99849,100,100047,100,99845,100,100048,100,99649,100,100050,100,99346,100,100071,200,99342,100
2019-06-28 09:38:00.122768248,99929,796,99907,596,99991,100,99890,100,100020,100,99875,100,100021,100,99858,100,100025,200,99853,100,100036,100,99849,100,100047,100,99845,100,100048,100,99649,100,100050,100,99499,100,100071,200,99346,100
2019-06-28 09:38:10.000000000,99929,548,99907,348,99991,348,99890,348,100020,100,99875,100,100021,100,99858,100,100025,200,99853,100,100036,100,99849,100,100047,100,99845,100,100048,100,99649,100,100050,100,99499,100,100071,200,99346,100
2019-06-28 09:38:17.025361539,99929,548,99907,248,99991,348,99890,348,100020,100,99875,100,100021,100,99858,100,100025,200,99853,100,100036,100,99849,100,100047,100,99845,100,100048,100,99649,100,100050,100,99499,100,100071,200,99346,100
2019-06-28 09:38:20.000000000,99929,424,99890,224,99991,224,99875,224,100020,224,99858,224,100021,224,99853,224,100025,200,99849,100,100036,100,99845,100,100047,100,99649,100,100048,100,99499,100,100050,100,99346,100,100071,200,99342,100
2019-06-28 09:38:24.714636631,99929,424,99890,224,99991,224,99875,224,100020,224,99858,224,100021,224,99853,224,100025,200,99849,100,100036,100,99845,100,100047,100,99649,100,100048,100,99499,100,100050,100,99371,100,100071,200,99346,100
2019-06-28 09:38:30.000000000,99929,424,99890,224,99991,224,99875,224,100020,224,99858,224,100021,224,99853,224,100025,200,99849,100,100036,100,99845,100,100047,100,99649,100,100048,100,99499,100,100050,100,99371,100,100071,200,99346,100
2019-06-28 09:38:33.110958454,99921,100,99890,224,99929,424,99875,224,99991,224,99858,224,100020,224,99853,224,100021,224,99849,100,100025,200,99845,100,100036,100,99649,100,100047,100,99499,100,100048,100,99371,100,100050,100,99346,100
2019-06-28 09:38:40.000000000,99921,224,99890,224,99929,424,99875,224,99991,224,99858,224,100020,224,99853,224,100021,100,99849,100,100025,200,99845,100,100036,100,99649,100,100047,100,99499,100,100048,100,99371,100,100050,100,99346,100
2019-06-28 09:38:50.000000000,99921,224,99890,224,99929,424,99875,224,99991,224,99858,224,100020,224,99853,224,100021,100,99849,100,100025,200,99845,100,100036,100,99649,100,100047,100,99499,100,100048,100,99371,100,100050,100,99346,100
2019-06-28 09:38:50.302277442,99921,224,99890,124,99929,424,99875,224,99991,224,99858,224,100020,224,99853,224,100021,100,99849,100,100025,200,99845,100,100036,100,99649,100,100047,100,99499,100,100048,100,99371,100,100050,100,99346,100
2019-06-28 09:39:00.000000000,99921,596,99875,596,99929,300,99858,100,99991,100,99853,100,100020,100,99849,100,100021,100,99845,100,100025,200,99649,100,100036,100,99499,100,100047,100,99371,100,100048,100,99346,100,100050,100,99342,100
2019-06-28 09:39:10.000000000,99921,596,99875,596,99929,300,99858,100,99991,100,99853,100,100020,100,99849,100,100021,100,99845,100,100025,200,99649,100,100036,100,99499,100,100047,100,99371,100,100048,100,99346,100,100050,100,99342,100
2019-06-28 09:39:14.869744203,99907,100,99875,596,99921,596,99858,100,99929,300,99853,100,99991,100,99849,100,100020,100,99845,100,100021,100,99649,100,100025,200,99499,100,100036,100,99371,100,100047,100,99346,100,100048,100,99342,100
2019-06-28 09:39:14.941133196,99907,100,99875,596,99921,596,99858,100,99929,300,99853,100,99991,100,99849,100,100020,100,99845,100,100021,100,99649,100,100025,200,99499,100,100036,100,99371,100,100047,100,99346,100,100048,100,99342,100
2019-06-28 09:39:20.000000000,99907,224,99875,224,99921,224,99858,224,99929,424,99853,224,99991,224,99849,224,100020,100,99845,100,100021,100,99649,100,100025,200,99499,100,100036,100,99371,100,100047,100,99346,100,100048,100,99342,100
2019-06-28 09:39:21.390597094,99907,224,99875,124,99921,224,99858,224,99929,424,99853,224,99991,224,99849,224,100020,100,99845,100,100021,100,99649,100,100025,200,99499,100,100036,100,99371,100,100047,100,99346,100,100048,100,99342,100
2019-06-28 09:39:30.000000000,99907,348,99858,348,99921,348,99853,348,99929,300,99849,100,99991,100,99845,100,100020,100,99649,100,100021,100,99499,100,100025,200,99371,100,100036,100,99346,100,100047,100,99342,100,100048,100,99276,100
2019-06-28 09:39:30.409832779,99907,348,99858,348,99921,348,99853,348,99929,300,99849,100,99991,100,99845,100,100020,100,99649,100,100021,100,99499,100,100025,200,99394,100,100036,100,99371,100,100047,100,99346,100,100048,100,99342,100
2019-06-28 09:39:40.000000000,99907,269,99858,269,99921,264,99853,264,99929,464,99849,264,99991,100,99845,100,100020,100,99649,100,100021,100,99499,100,100025,200,99394,100,100036,100,99371,100,100047,100,99346,100,100048,100,99342,100
2019-06-28 09:39:50.000000000,99907,199,99858,199,99921,199,99853,199,99929,399,99849,199,99991,199,99845,199,100020,199,99649,199,100021,100,99499,100,100025,200,99394,100,100036,100,99371,100,100047,100,99346,100,100048,100,99342,100
2019-06-28 09:39:54.281757689,99907,199,99858,199,99921,199,99853,199,99929,399,99849,199,99991,199,99845,199,100020,199,99649,199,100021,100,99519,100,100025,200,99499,100,100036,100,99394,100,100047,100,99371,100,100048,100,99346,100
2019-06-28 09:39:56.688819374,99890,100,99858,199,99907,199,99853,199,99921,199,99849,199,99929,399,99845,199,99991,199,99649,199,100020,199,99519,100,100021,100,99499,100,100025,200,99394,100,100036,100,99371,100,100047,100,99346,100
2019-06-28 09:40:00.000000000,99890,348,99858,348,99907,348,99853,348,99921,100,99849,100,99929,300,99845,100,99991,100,99649,100,100020,100,99519,100,100021,100,99499,100,100025,200,99394,100,100036,100,99371,100,100047,100,99346,100
2019-06-28 09:40:01.676927982,99890,348,99858,348,99907,348,99853,348,99921,100,99849,100,99929,300,99845,100,99991,100,99649,100,100020,100,99617,100,100021,100,99519,100,100025,200,99499,100,100036,100,99394,100,100047,100,99371,100
2019-06-28 09:40:07.175440333,99890,348,99858,248,99907,348,99853,348,99921,100,99849,100,99929,300,99845,100,99991,100,99649,100,100020,100,99617,100,100021,100,99519,100,100025,200,99499,100,100036,100,99394,100,100047,100,99371,100
2019-06-28 09:40:10.000000000,99890,596,99853,596,99907,100,99849,100,99921,100,99845,100,99929,300,99649,100,99991,100,99617,100,100020,100,99519,100,100021,100,99499,100,100025,200,99394,100,100036,100,99371,100,100047,100,99346,100
2019-06-28 09:40:13.580509680,99890,596,99853,596,99907,100,99849,100,99921,100,99845,100,99929,200,99649,100,99991,100,99617,100,100020,100,99519,100,100021,100,99499,100,100025,200,99394,100,100036,100,99371,100,100047,100,99346,100
2019-06-28 09:40:20.000000000,99890,596,99853,596,99907,100,99849,100,99921,100,99845,100,99929,200,99649,100,99991,100,99617,100,100020,100,99519,100,100021,100,99499,100,100025,200,99394,100,100036,100,99371,100,100047,100,99346,100
2019-06-28 09:40:30.000000000,99890,199,99853,199,99907,199,99849,199,99921,199,99845,199,99929,299,99649,199,99991,199,99617,199,100020,100,99519,100,100021,100,99499,100,100025,200,99394,100,100036,100,99371,100,100047,100,99346,100
2019-06-28 09:40:35.102578417,99890,199,99853,199,99907,199,99849,199,99921,199,99845,199,99929,299,99709,100,99991,199,99649,199,100020,100,99617,199,100021,100,99519,100,100025,200,99499,100,100036,100,99394,100,100047,100,99371,100
2019-06-28 09:40:40.000000000,99890,224,99853,224,99907,224,99849,224,99921,224,99845,224,99929,324,99709,224,99991,100,99649,100,100020,100,99617,100,100021,100,99519,100,100025,200,99499,100,100036,100,99394,100,100047,100,99371,100
2019-06-28 09:40:44.837824860,99890,224,99865,100,99907,224,99853,224,99921,224,99849,224,99929,324,99845,224,99991,100,99709,224,100020,100,99649,100,100021,100,99617,100,100025,200,99519,100,100036,100,99499,100,100047,100,99394,100
2019-06-28 09:40:50.000000000,99890,224,99865,224,99907,224,99853,224,99921,224,99849,224,99929,324,99845,224,99991,100,99709,100,100020,100,99649,100,100021,100,99617,100,100025,200,99519,100,100036,100,99499,100,100047,100,99394,100
2019-06-28 09:40:52.849848278,99890,224,99865,124,99907,224,99853,224,99921,224,99849,224,99929,324,99845,224,99991,100,99807,100,100020,100,99709,100,100021,100,99649,100,100025,200,99617,100,100036,100,99519,100,100047,100,99499,100
2019-06-28 09:41:00.000000000,99890,269,99853,269,99907,264,99849,264,99921,264,99845,264,99929,200,99807,100,99991,100,99709,100,100020,100,99649,100,100021,100,99617,100,100025,200,99519,100,100036,100,99499,100,100047,100,99394,100
2019-06-28 09:41:10.000000000,99890,348,99853,348,99907,348,99849,348,99921,100,99845,100,99929,200,99807,100,99991,100,99709,100,100020,100,99649,100,100021,100,99617,100,100025,200,99519,100,100036,100,99499,100,100047,100,99394,100
2019-06-28 09:41:10.088140648,99890,348,99853,348,99907,348,99849,348,99921,100,99845,100,99929,200,99807,100,99991,100,99709,100,100020,100,99649,100,100021,100,99564,100,100025,200,99519,100,100036,100,99499,100,100047,100,99394,100
2019-06-28 09:41:20.000000000,99890,199,99853,199,99907,199,99849,199,99921,199,99845,199,99929,299,99807,199,99991,199,99709,199,100020,100,99649,100,100021,100,99564,100,100025,200,99519,100,100036,100,99499,100,100047,100,99394,100
2019-06-28 09:41:30.000000000,99890,199,99853,199,99907,199,99849,199,99921,199,99845,199,99929,299,99807,199,99991,199,99709,199,100020,100,99649,100,100021,100,99564,100,100025,200,99519,100,100036,100,99499,100,100047,100,99394,100
2019-06-28 09:41:40.000000000,99890,199,99853,199,99907,199,99849,199,99921,199,99845,199,99929,299,99807,199,99991,199,99709,199,100020,100,99649,100,100021,100,99564,100,100025,200,99519,100,100036,100,99499,100,100047,100,99394,100
2019-06-28 09:41:44.222817091,99890,199,99853,199,99906,100,99849,199,99907,199,99845,199,99921,199,99807,199,99929,299,99709,199,99991,199,99649,100,100020,100,99564,100,100021,100,99519,100,100025,200,99499,100,100036,100,99394,100
2019-06-28 09:41:50.000000000,99890,199,99853,199,99906,199,99849,199,99907,199,99845,199,99921,199,99807,199,99929,299,99709,199,99991,100,99649,100,100020,100,99564,100,100021,100,99519,100,100025,200,99499,100,100036,100,99394,100
2019-06-28 09:41:54.414020987,99890,199,99876,100,99906,199,99853,199,99907,199,99849,199,99921,199,99845,199,99929,299,99807,199,99991,100,99709,199,100020,100,99649,100,100021,100,99564,100,100025,200,99519,100,100036,100,99499,100
2019-06-28 09:42:00.000000000,99890,348,99876,348,99906,348,99853,348,99907,100,99849,100,99921,100,99845,100,99929,200,99807,100,99991,100,99709,100,100020,100,99649,100,100021,100,99564,100,100025,200,99519,100,100036,100,99499,100
2019-06-28 09:42:08.641218385,99890,348,99876,448,99906,348,99853,348,99907,100,99849,100,99921,100,99845,100,99929,200,99807,100,99991,100,99709,100,100020,100,99649,100,100021,100,99564,100,100025,200,99519,100,100036,100,99499,100
2019-06-28 09:42:10.000000000,99890,224,99876,324,99906,224,99853,224,99907,224,99849,224,99921,224,99845,224,99929,200,99807,100,99991,100,99709,100,100020,100,99649,100,100021,100,99564,100,100025,200,99519,100,100036,100,99499,100
2019-06-28 09:42:10.406453086,99890,124,99876,324,99906,224,99853,224,99907,224,99849,224,99921,224,99845,224,99929,200,99807,100,99991,100,99709,100,100020,100,99649,100,100021,100,99564,100,100025,200,99519,100,100036,100,99499,100
2019-06-28 09:42:20.000000000,99906,269,99876,369,99907,264,99853,264,99921,264,99849,264,99929,200,99845,100,99991,100,99807,100,100020,100,99709,100,100021,100,99649,100,100025,200,99564,100,100036,100,99519,100,100047,100,99499,100
2019-06-28 09:42:27.052147052,99906,269,99876,369,99907,264,99853,264,99921,264,99849,264,99929,200,99845,100,99991,100,99842,100,100020,100,99807,100,100021,100,99709,100,100025,200,99649,100,100047,100,99564,100,100048,100,99519,100
2019-06-28 09:42:30.000000000,99906,596,99876,696,99907,100,99853,100,99921,100,99849,100,99929,200,99845,100,99991,100,99842,100,100020,100,99807,100,100021,100,99709,100,100025,200,99649,100,100047,100,99564,100,100048,100,99519,100
2019-06-28 09:42:40.000000000,99906,596,99876,696,99907,100,99853,100,99921,100,99849,100,99929,200,99845,100,99991,100,99842,100,100020,100,99807,100,100021,100,99709,100,100025,200,99649,100,100047,100,99564,100,100048,100,99519,100
2019-06-28 09:42:41.783247136,99906,596,99877,100,99907,100,99876,696,99921,100,99853,100,99929,200,99849,100,99991,100,99845,100,100020,100,99842,100,100021,100,99807,100,100025,200,99709,100,100047,100,99649,100,100048,100,99564,100
2019-06-28 09:42:50.000000000,99906,269,99877,269,99907,264,99876,364,99921,264,99853,264,99929,200,99849,100,99991,100,99845,100,100020,100,99842,100,100021,100,99807,100,100025,200,99709,100,100047,100,99649,100,100048,100,99564,100
2019-06-28 09:42:53.074551491,99906,169,99877,269,99907,264,99876,364,99921,264,99853,264,99929,200,99849,100,99991,100,99845,100,100020,100,99842,100,100021,100,99807,100,100025,200,99709,100,100047,100,99649,100,100048,100,99564,100
2019-06-28 09:42:53.250580576,99906,169,99877,269,99907,264,99876,364,99921,264,99853,264,99929,200,99849,100,99991,100,99845,100,100020,100,99842,100,100021,100,99807,100,100025,200,99709,100,100047,100,99649,100,100048,100,99564,100
2019-06-28 09:43:00.000000000,99907,224,99877,224,99921,224,99876,324,99929,324,99853,224,99991,224,99849,224,100020,100,99845,100,100021,100,99842,100,100025,200,99807,100,100047,100,99709,100,100048,100,99649,100,100050,100,99564,100
2019-06-28 09:43:10.000000000,99907,224,99877,224,99921,224,99876,324,99929,324,99853,224,99991,224,99849,224,100020,100,99845,100,100021,100,99842,100,100025,200,99807,100,100047,100,99709,100,100048,100,99649,100,100050,100,99564,100
2019-06-28 09:43:20.000000000,99907,596,99877,596,99921,100,99876,200,99929,200,99853,100,99991,100,99849,100,100020,100,99845,100,100021,100,99842,100,100025,200,99807,100,100047,100,99709,100,100048,100,99649,100,100050,100,99564,100
2019-06-28 09:43:30.000000000,99907,224,99877,224,99921,224,99876,324,99929,324,99853,224,99991,224,99849,224,100020,100,99845,100,100021,100,99842,100,100025,200,99807,100,100047,100,99709,100,100048,100,99649,100,100050,100,99564,100
2019-06-28 09:43:40.000000000,99907,596,99877,596,99921,100,99876,200,99929,200,99853,100,99991,100,99849,100,100020,100,99845,100,100021,100,99842,100,100025,200,99807,100,100047,100,99709,100,100048,100,99649,100,100050,100,99564,100
2019-06-28 09:43:49.777942313,99907,596,99890,100,99921,100,99877,596,99929,200,99876,200,99991,100,99853,100,100020,100,99845,100,100021,100,99842,100,100025,200,99807,100,100047,100,99709,100,100048,100,99649,100,100050,100,99564,100
2019-06-28 09:43:50.000000000,99907,269,99890,269,99921,264,99877,264,99929,364,99876,364,99991,100,99853,100,100020,100,99845,100,100021,100,99842,100,100025,200,99807,100,100047,100,99709,100,100048,100,99649,100,100050,100,99564,100
2019-06-28 09:43:59.286369478,99907,269,99890,269,99921,264,99877,264,99929,364,99876,364,99991,100,99853,100,100020,100,99845,100,100021,100,99842,100,100025,200,99807,100,100047,100,99709,100,100048,100,99649,100,100050,100,99564,100
2019-06-28 09:44:00.000000000,99907,269,99890,269,99921,264,99877,264,99929,364,99876,364,99991,100,99853,100,100020,100,99845,100,100021,100,99842,100,100025,200,99807,100,100047,100,99709,100,100048,100,99649,100,100050,100,99564,100
2019-06-28 09:44:03.890938306,99907,269,99890,269,99921,264,99877,264,99929,264,99876,364,99991,100,99853,100,100020,100,99845,100,100021,100,99842,100,100025,200,99807,100,100047,100,99709,100,100048,100,99649,100,100050,100,99564,100
2019-06-28 09:44:08.320111584,99907,269,99890,369,99921,264,99877,264,99929,164,99876,364,99991,100,99853,100,100020,100,99845,100,100021,100,99842,100,100025,200,99807,100,100047,100,99709,100,100048,100,99649,100,100050,100,99564,100
2019-06-28 09:44:10.000000000,99907,348,99890,448,99921,348,99877,348,99991,100,99876,200,100020,100,99853,100,100021,100,99845,100,100025,200,99842,100,100047,100,99807,100,100048,100,99709,100,100050,100,99649,100,100071,100,99564,100
2019-06-28 09:44:14.198125378,99907,348,99890,448,99921,348,99877,348,99991,100,99876,200,100021,100,99853,100,100025,200,99845,100,100047,100,99842,100,100048,100,99807,100,100050,100,99709,100,100071,100,99649,100,100080,100,99564,100
2019-06-28 09:44:20.000000000,99907,348,99890,448,99921,348,99877,348,99991,100,99876,200,100021,100,99853,100,100025,200,99845,100,100047,100,99842,100,100048,100,99807,100,100050,100,99709,100,100071,100,99649,100,100080,100,99564,100
2019-06-28 09:44:21.209592359,99907,248,99890,448,99921,348,99877,348,99991,100,99876,200,100021,100,99853,100,100025,200,99845,100,100047,100,99842,100,100048,100,99807,100,100050,100,99709,100,100071,100,99649,100,100086,100,99564,100
2019-06-28 09:44:30.000000000,99921,348,99890,448,99991,348,99877,348,100021,100,99876,200,100025,200,99853,100,100047,100,99845,100,100048,100,99842,100,100050,100,99807,100,100071,100,99709,100,100086,100,99649,100,100089,100,99564,100
2019-06-28 09:44:40.000000000,99921,199,99890,299,99991,199,99877,199,100021,199,99876,299,100025,299,99853,199,100047,199,99845,199,100048,100,99842,100,100050,100,99807,100,100071,100,99709,100,100086,100,99649,100,100089,100,99564,100
2019-06-28 09:44:50.000000000,99921,224,99890,324,99991,224,99877,224,100021,224,99876,324,100025,324,99853,224,100047,100,99845,100,100048,100,99842,100,100050,100,99807,100,100071,100,99709,100,100086,100,99649,100,100089,100,99564,100
2019-06-28 09:45:00.000000000,99921,224,99890,324,99991,224,99877,224,100021,224,99876,324,100025,324,99853,224,100047,100,99845,100,100048,100,99842,100,100050,100,99807,100,100071,100,99709,100,100086,100,99649,100,100089,100,99564,100
2019-06-28 09:45:00.464080723,99921,124,99890,324,99991,224,99877,224,100021,224,99876,324,100025,324,99853,224,100047,100,99845,100,100048,100,99842,100,100050,100,99807,100,100071,100,99709,100,100086,100,99649,100,100089,100,99564,100
2019-06-28 09:45:10.000000000,99991,199,99890,299,100021,199,99877,199,100025,299,99876,299,100047,199,99853,199,100048,199,99845,199,100050,100,99842,100,100071,100,99807,100,100086,100,99709,100,100089,100,99649,100,100094,100,99564,100
2019-06-28 09:45:20.000000000,99991,348,99890,448,100021,348,99877,348,100025,200,99876,200,100047,100,99853,100,100048,100,99845,100,100050,100,99842,100,100071,100,99807,100,100086,100,99709,100,100089,100,99649,100,100094,100,99564,100
2019-06-28 09:45:20.500934032,99991,348,99907,100,100021,348,99890,448,100025,200,99877,348,100047,100,99876,200,100048,100,99853,100,100050,100,99845,100,100071,100,99842,100,100086,100,99807,100,100089,100,99709,100,100094,100,99649,100
2019-06-28 09:45:30.000000000,99991,348,99907,348,100021,348,99890,448,100025,200,99877,100,100047,100,99876,200,100048,100,99853,100,100050,100,99845,100,100071,100,99842,100,100086,100,99807,100,100089,100,99709,100,100094,100,99649,100
2019-06-28 09:45:38.108464891,99991,248,99907,348,100021,348,99890,448,100025,200,99877,100,100047,100,99876,200,100048,100,99853,100,100050,100,99845,100,100071,100,99842,100,100086,100,99807,100,100089,100,99709,100,100094,100,99649,100
2019-06-28 09:45:40.000000000,100021,224,99907,224,100025,324,99890,324,100047,224,99877,224,100048,224,99876,324,100050,100,99853,100,100071,100,99845,100,100086,100,99842,100,100089,100,99807,100,100094,100,99709,100,100128,100,99649,100
2019-06-28 09:45:50.000000000,100021,269,99907,269,100025,364,99890,364,100047,264,99877,264,100048,100,99876,200,100050,100,99853,100,100071,100,99845,100,100086,100,99842,100,100089,100,99807,100,100094,100,99709,100,100128,100,99649,100
2019-06-28 09:46:00.000000000,100021,224,99907,224,100025,324,99890,324,100047,224,99877,224,100048,224,99876,324,100050,100,99853,100,100071,100,99845,100,100086,100,99842,100,100089,100,99807,100,100094,100,99709,100,100128,100,99649,100
2019-06-28 09:46:03.916895968,100021,224,99921,100,100025,324,99907,224,100047,224,99890,324,100048,224,99877,224,100050,100,99876,324,100071,100,99853,100,100086,100,99845,100,100089,100,99842,100,100094,100,99807,100,100128,100,99709,100
2019-06-28 09:46:05.076148296,100021,224,99921,100,100025,324,99907,224,100047,224,99890,324,100048,224,99877,224,100050,100,99876,324,100071,100,99853,100,100086,100,99845,100,100089,100,99842,100,100094,100,99807,100,100130,100,99709,100
2019-06-28 09:46:10.000000000,100021,269,99921,269,100025,364,99907,264,100047,264,99890,364,100048,100,99877,100,100050,100,99876,200,100071,100,99853,100,100086,100,99845,100,100089,100,99842,100,100094,100,99807,100,100130,100,99709,100
2019-06-28 09:46:20.000000000,100021,199,99921,199,100025,299,99907,199,100047,199,99890,299,100048,199,99877,199,100050,199,99876,299,100071,100,99853,100,100086,100,99845,100,100089,100,99842,100,100094,100,99807,100,100130,100,99709,100
2019-06-28 09:46:30.000000000,100021,348,99921,348,100025,448,99907,348,100047,100,99890,200,100048,100,99877,100,100050,100,99876,200,100071,100,99853,100,100086,100,99845,100,100089,100,99842,100,100094,100,99807,100,100130,100,99709,100
2019-06-28 09:46:36.037501042,100021,348,99921,448,100025,348,99907,348,100047,100,99890,200,100048,100,99877,100,100050,100,99876,200,100071,100,99853,100,100086,100,99845,100,100089,100,99842,100,100094,100,99807,100,100130,100,99709,100
2019-06-28 09:46:40.000000000,100021,224,99921,324,100025,224,99907,224,100047,224,99890,324,100048,224,99877,224,100050,100,99876,200,100071,100,99853,100,100086,100,99845,100,100089,100,99842,100,100094,100,99807,100,100130,100,99709,100
2019-06-28 09:46:41.095184671,100021,224,99921,324,100025,224,99907,224,100047,224,99890,324,100048,224,99877,224,100050,100,99876,200,100071,100,99853,100,100086,100,99845,100,100089,100,99842,100,100094,100,99807,100,100130,100,99709,100
2019-06-28 09:46:45.198677038,100021,224,99921,324,100025,224,99907,224,100047,224,99890,324,100048,224,99877,224,100050,100,99876,200,100071,100,99853,100,100086,100,99845,100,100089,100,99842,100,100094,100,99807,100,100130,100,99709,100
2019-06-28 09:46:50.000000000,100021,269,99921,369,100025,264,99907,264,100047,264,99890,364,100048,100,99877,100,100050,100,99876,200,100071,100,99853,100,100086,100,99845,100,100089,100,99842,100,100094,100,99807,100,100130,100,99709,100
2019-06-28 09:46:52.376532081,100021,169,99921,369,100025,264,99907,264,100047,264,99890,364,100048,100,99877,100,100050,100,99876,200,100071,100,99853,100,100086,100,99845,100,100089,100,99842,100,100094,100,99807,100,100130,100,99709,100
2019-06-28 09:47:00.000000000,100025,596,99921,696,100047,100,99907,100,100048,100,99890,200,100050,100,99877,100,100071,100,99876,200,100086,100,99853,100,100089,100,99845,100,100094,100,99842,100,100130,100,99807,100,100134,100,99709,100
2019-06-28 09:47:01.305107774,100025,596,99991,100,100047,100,99921,696,100048,100,99907,100,100050,100,99890,200,100071,100,99877,100,100086,100,99876,200,100089,100,99853,100,100094,100,99845,100,100130,100,99842,100,100134,100,99807,100
2019-06-28 09:47:10.000000000,100025,224,99991,224,100047,224,99921,324,100048,224,99907,224,100050,224,99890,324,100071,100,99877,100,100086,100,99876,200,100089,100,99853,100,100094,100,99845,100,100130,100,99842,100,100134,100,99807,100
2019-06-28 09:47:20.000000000,100025,199,99991,199,100047,199,99921,299,100048,199,99907,199,100050,199,99890,299,100071,199,99877,199,100086,100,99876,200,100089,100,99853,100,100094,100,99845,100,100130,100,99842,100,100134,100,99807,100
2019-06-28 09:47:21.495611814,100025,199,99991,99,100047,199,99921,299,100048,199,99907,199,100050,199,99890,299,100071,199,99877,199,100086,100,99876,200,100089,100,99853,100,100094,100,99845,100,100130,100,99842,100,100134,100,99807,100
2019-06-28 09:47:28.488193209,100025,99,99991,99,100047,199,99921,299,100048,199,99907,199,100050,199,99890,299,100071,199,99877,199,100086,100,99876,200,100089,100,99853,100,100094,100,99845,100,100130,100,99842,100,100134,100,99807,100
2019-06-28 09:47:30.000000000,100047,596,99921,696,100048,100,99907,100,100050,100,99890,200,100071,100,99877,100,100086,100,99876,200,100089,100,99853,100,100094,100,99845,100,100130,100,99842,100,100134,100,99807,100,100171,100,99709,100
2019-06-28 09:47:40.000000000,100047,348,99921,448,100048,348,99907,348,100050,100,99890,200,100071,100,99877,100,100086,100,99876,200,100089,100,99853,100,100094,100,99845,100,100130,100,99842,100,100134,100,99807,100,100171,100,99709,100
2019-06-28 09:47:40.237494262,100047,348,99921,448,100048,348,99907,348,100050,100,99890,100,100071,100,99877,100,100086,100,99876,200,100089,100,99853,100,100094,100,99845,100,100130,100,99842,100,100134,100,99807,100,100171,100,99709,100
2019-06-28 09:47:44.352719802,100047,248,99921,448,100048,348,99907,348,100050,100,99890,100,100071,100,99877,100,100089,100,99876,200,100094,100,99853,100,100130,100,99845,100,100134,100,99842,100,100171,100,99807,100,100351,100,99709,100
2019-06-28 09:47:50.000000000,100048,596,99921,696,100050,100,99907,100,100071,100,99890,100,100089,100,99877,100,100094,100,99876,200,100130,100,99853,100,100134,100,99845,100,100171,100,99842,100,100351,100,99807,100,100481,100,99709,100
2019-06-28 09:47:52.573654604,100048,496,99921,696,100050,100,99907,100,100071,100,99890,100,100089,100,99877,100,100094,100,99876,200,100130,100,99853,100,100134,100,99845,100,100171,100,99842,100,100351,100,99807,100,100481,100,99709,100
2019-06-28 09:47:53.341894990,100048,496,100047,100,100050,100,99921,696,100071,100,99907,100,100089,100,99877,100,100094,100,99876,200,100130,100,99853,100,100134,100,99845,100,100171,100,99842,100,100351,100,99807,100,100481,100,99709,100
2019-06-28 09:48:00.000000000,100050,224,100047,224,100071,224,99921,324,100089,224,99907,224,100094,224,99877,224,100130,100,99876,200,100134,100,99853,100,100171,100,99845,100,100351,100,99842,100,100481,100,99807,100,100722,100,99709,100
2019-06-28 09:48:10.000000000,100050,596,100047,596,100071,100,99921,200,100089,100,99907,100,100094,100,99877,100,100130,100,99876,200,100134,100,99853,100,100171,100,99845,100,100351,100,99842,100,100481,100,99807,100,100722,100,99709,100
2019-06-28 09:48:20.000000000,100050,224,100047,224,100071,224,99921,324,100089,224,99907,224,100094,224,99877,224,100130,100,99876,200,100134,100,99853,100,100171,100,99845,100,100351,100,99842,100,100481,100,99807,100,100722,100,99709,100
2019-06-28 09:48:21.389726987,100050,224,100047,224,100071,224,99921,324,100089,224,99907,224,100094,224,99877,224,100130,100,99876,200,100134,100,99853,100,100171,100,99845,100,100481,100,99842,100,100722,100,99807,100,100863,100,99709,100
2019-06-28 09:48:30.000000000,100050,269,100047,269,100071,264,99921,364,100089,264,99907,264,100094,100,99877,100,100130,100,99876,200,100134,100,99853,100,100171,100,99845,100,100481,100,99842,100,100722,100,99807,100,100863,100,99709,100
2019-06-28 09:48:36.616583063,100050,169,100047,269,100071,264,99921,364,100089,264,99907,264,100094,100,99877,100,100130,100,99876,200,100134,100,99853,100,100171,100,99845,100,100481,100,99842,100,100722,100,99807,100,100863,100,99709,100
2019-06-28 09:48:40.000000000,100071,348,100047,348,100089,348,99921,448,100094,100,99907,100,100130,100,99877,100,100134,100,99876,200,100171,100,99853,100,100481,100,99845,100,100722,100,99842,100,100863,100,99807,100,100871,100,99709,100
2019-06-28 09:48:50.000000000,100071,269,100047,269,100089,264,99921,364,100094,264,99907,264,100130,100,99877,100,100134,100,99876,200,100171,100,99853,100,100481,100,99845,100,100722,100,99842,100,100863,100,99807,100,100871,100,99709,100
2019-06-28 09:48:58.004934288,100071,169,100047,269,100089,264,99921,364,100094,264,99907,264,100130,100,99877,100,100134,100,99876,200,100171,100,99853,100,100481,100,99842,100,100722,100,99807,100,100863,100,99709,100,100871,100,99649,100
2019-06-28 09:49:00.000000000,100089,269,100047,269,100094,264,99921,364,100130,264,99907,264,100134,100,99877,100,100171,100,99876,200,100481,100,99853,100,100722,100,99842,100,100863,100,99807,100,100871,100,99709,100,100939,100,99649,100
2019-06-28 09:49:10.000000000,100089,348,100047,348,100094,348,99921,448,100130,100,99907,100,100134,100,99877,100,100171,100,99876,200,100481,100,99853,100,100722,100,99842,100,100863,100,99807,100,100871,100,99709,100,100939,100,99649,100
2019-06-28 09:49:12.149827887,100089,348,100047,348,100094,348,99921,448,100130,100,99907,100,100134,100,99877,100,100171,100,99876,200,100481,100,99853,100,100580,100,99842,100,100722,100,99807,100,100863,100,99709,100,100871,100,99649,100
2019-06-28 09:49:20.000000000,100089,348,100047,348,100094,348,99921,448,100130,100,99907,100,100134,100,99877,100,100171,100,99876,200,100481,100,99853,100,100580,100,99842,100,100722,100,99807,100,100863,100,99709,100,100871,100,99649,100
2019-06-28 09:49:20.528812250,100089,348,100047,348,100094,348,99921,448,100130,100,99907,100,100134,100,99877,100,100171,100,99876,200,100481,100,99853,100,100580,100,99842,100,100672,100,99807,100,100722,100,99709,100,100863,100,99649,100
2019-06-28 09:49:30.000000000,100089,224,100047,224,100094,224,99921,324,100130,224,99907,224,100134,224,99877,224,100171,100,99876,200,100481,100,99853,100,100580,100,99842,100,100672,100,99807,100,100722,100,99709,100,100863,100,99649,100
2019-06-28 09:49:33.559367450,100089,224,100047,224,100094,224,99921,324,100130,124,99907,224,100134,224,99877,224,100171,100,99876,200,100481,100,99853,100,100580,100,99842,100,100672,100,99807,100,100722,100,99709,100,100863,100,99649,100
2019-06-28 09:49:40.000000000,100089,199,100047,199,100094,199,99921,299,100134,199,99907,199,100171,199,99877,199,100481,199,99876,299,100580,100,99853,100,100672,100,99842,100,100722,100,99807,100,100863,100,99709,100,100871,100,99649,100
2019-06-28 09:49:44.041738135,100089,99,100047,199,100094,199,99921,299,100134,199,99907,199,100171,199,99877,199,100481,199,99876,299,100580,100,99853,100,100672,100,99842,100,100722,100,99807,100,100863,100,99709,100,100871,100,99649,100
2019-06-28 09:49:46.870438899,100094,199,100089,1,100134,199,100047,199,100171,199,99921,299,100481,199,99907,199,100580,100,99877,199,100672,100,99876,299,100722,100,99853,100,100863,100,99842,100,100871,100,99807,100,,,99709,100
2019-06-28 09:49:49.558654903,100094,199,100089,101,100134,199,100047,199,100171,199,99921,299,100481,199,99907,199,100580,100,99877,199,100672,100,99876,299,100722,100,99853,100,100863,100,99842,100,100871,100,99807,100,,,99709,100
2019-06-28 09:49:50.000000000,100094,269,100089,270,100134,264,100047,264,100171,264,99921,364,100481,100,99907,100,100580,100,99877,100,100672,100,99876,200,100722,100,99853,100,100863,100,99842,100,100871,100,99807,100,,,99709,100
2019-06-28 09:49:54.460854348,100094,269,100089,270,100134,264,100047,264,100171,264,99921,364,100481,100,99907,100,100580,100,99877,100,100672,100,99876,200,100682,100,99853,100,100722,100,99842,100,100863,100,99807,100,100871,100,99709,100
2019-06-28 09:49:55.502346993,100094,169,100089,270,100134,264,100047,264,100171,264,99921,364,100481,100,99907,100,100580,100,99877,100,100672,100,99876,200,100682,100,99853,100,100722,100,99842,100,100863,100,99807,100,100871,100,99709,100
2019-06-28 09:50:00.000000000,100134,348,100089,349,100171,348,100047,348,100481,100,99921,200,100580,100,99907,100,100672,100,99877,100,100682,100,99876,200,100722,100,99853,100,100863,100,99842,100,100871,100,99807,100,,,99709,100
2019-06-28 09:50:03.290395733,100134,348,100089,349,100171,348,100047,348,100481,100,99921,200,100580,100,99907,100,100672,100,99877,100,100682,100,99876,200,100684,100,99853,100,100722,100,99842,100,100863,100,99807,100,100871,100,99709,100
2019-06-28 09:50:10.000000000,100134,199,100089,200,100171,199,100047,199,100481,199,99921,299,100580,199,99907,199,100672,199,99877,199,100682,100,99876,200,100684,100,99853,100,100722,100,99842,100,100863,100,99807,100,100871,100,99709,100
2019-06-28 09:50:20.000000000,100134,596,100089,597,100171,100,100047,100,100481,100,99921,200,100580,100,99907,100,100672,100,99877,100,100682,100,99876,200,100684,100,99853,100,100722,100,99842,100,100863,100,99807,100,100871,100,99709,100
2019-06-28 09:50:30.000000000,100134,199,100089,200,100171,199,100047,199,100481,199,99921,299,100580,199,99907,199,100672,199,99877,199,100682,100,99876,200,100684,100,99853,100,100722,100,99842,100,100863,100,99807,100,100871,100,99709,100
2019-06-28 09:50:33.472441568,100134,99,100089,200,100171,199,100047,199,100481,199,99921,299,100580,199,99907,199,100672,199,99877,199,100682,100,99876,200,100684,100,99853,100,100722,100,99842,100,100863,100,99807,100,100871,100,99709,100
2019-06-28 09:50:35.171364435,100134,99,100089,200,100171,199,100047,199,100481,199,99921,299,100580,199,99907,199,100672,199,99877,199,100682,100,99876,200,100684,100,99853,100,100863,100,99842,100,100871,100,99807,100,100900,100,99709,100
2019-06-28 09:50:37.268753707,100171,199,100134,1,100481,199,100089,200,100580,199,100047,199,100672,199,99921,299,100682,100,99907,199,100684,100,99877,199,100863,100,99876,200,100871,100,99853,100,100900,100,99842,100,,,99807,100
2019-06-28 09:50:40.000000000,100171,596,100134,497,100481,100,100089,101,100580,100,100047,100,100672,100,99921,200,100682,100,99907,100,100684,100,99877,100,100863,100,99876,200,100871,100,99853,100,100900,100,99842,100,,,99807,100
2019-06-28 09:50:50.000000000,100171,199,100134,100,100481,199,100089,200,100580,199,100047,199,100672,199,99921,299,100682,199,99907,199,100684,100,99877,100,100863,100,99876,200,100871,100,99853,100,100900,100,99842,100,,,99807,100
2019-06-28 09:51:00.000000000,100171,269,100134,170,100481,264,100089,265,100580,264,100047,264,100672,100,99921,200,100682,100,99907,100,100684,100,99877,100,100863,100,99876,200,100871,100,99853,100,100900,100,99842,100,,,99807,100
2019-06-28 09:51:10.000000000,100171,269,100134,170,100481,264,100089,265,100580,264,100047,264,100672,100,99921,200,100682,100,99907,100,100684,100,99877,100,100863,100,99876,200,100871,100,99853,100,100900,100,99842,100,,,99807,100
2019-06-28 09:51:20.000000000,100171,596,100134,497,100481,100,100089,101,100580,100,100047,100,100672,100,99921,200,100682,100,99907,100,100684,100,99877,100,100863,100,99876,200,100871,100,99853,100,100900,100,99842,100,,,99807,100
2019-06-28 09:51:30.000000000,100171,596,100134,497,100481,100,100089,101,100580,100,100047,100,100672,100,99921,200,100682,100,99907,100,100684,100,99877,100,100863,100,99876,200,100871,100,99853,100,100900,100,99842,100,,,99807,100
2019-06-28 09:51:32.888914172,100171,496,100134,497,100481,100,100089,101,100580,100,100047,100,100672,100,99921,200,100682,100,99907,100,100684,100,99877,100,100863,100,99876,200,100871,100,99853,100,100900,100,99842,100,,,99807,100
2019-06-28 09:51:40.000000000,100481,348,100134,249,100580,348,100089,349,100672,100,100047,100,100682,100,99921,200,100684,100,99907,100,100863,100,99877,100,100871,100,99876,200,100900,100,99853,100,,,99842,100,,,99807,100
2019-06-28 09:51:40.146397076,100481,348,100134,249,100580,348,100089,349,100672,100,100047,100,100682,100,99921,200,100684,100,99907,100,100863,100,99877,100,100871,100,99876,200,100900,100,99853,100,101259,100,99842,100,,,99807,100
2019-06-28 09:51:50.000000000,100481,596,100134,497,100580,100,100089,101,100672,100,100047,100,100682,100,99921,200,100684,100,99907,100,100863,100,99877,100,100871,100,99876,200,100900,100,99853,100,101259,100,99842,100,,,99807,100
2019-06-28 09:52:00.000000000,100481,224,100134,125,100580,224,100089,225,100672,224,100047,224,100682,224,99921,324,100684,100,99907,100,100863,100,99877,100,100871,100,99876,200,100900,100,99853,100,101259,100,99842,100,,,99807,100
2019-06-28 09:52:10.000000000,100481,348,100134,249,100580,348,100089,349,100672,100,100047,100,100682,100,99921,200,100684,100,99907,100,100863,100,99877,100,100871,100,99876,200,100900,100,99853,100,101259,100,99842,100,,,99807,100
2019-06-28 09:52:18.530706553,100481,248,100134,249,100580,348,100089,349,100672,100,100047,100,100682,100,99921,200,100684,100,99907,100,100863,100,99877,100,100871,100,99876,200,100900,100,99853,100,101259,100,99842,100,,,99807,100
2019-06-28 09:52:20.000000000,100580,199,100134,100,100672,199,100089,200,100682,199,100047,199,100684,199,99921,299,100863,199,99907,199,100871,100,99877,100,100900,100,99876,200,101259,100,99853,100,,,99842,100,,,99807,100
2019-06-28 09:52:27.143570641,100580,199,100134,100,100672,199,100089,200,100682,199,100047,199,100684,199,99921,299,100863,99,99907,199,100871,100,99877,100,100900,100,99876,200,100939,100,99853,100,101259,100,99842,100,,,99807,100
2019-06-28 09:52:30.000000000,100580,269,100134,170,100672,264,100089,265,100682,264,100047,264,100684,100,99921,200,100871,100,99907,100,100900,100,99877,100,100939,100,99876,200,101259,100,99853,100,,,99842,100,,,99807,100
2019-06-28 09:52:40.000000000,100580,348,100134,249,100672,348,100089,349,100682,100,100047,100,100684,100,99921,200,100871,100,99907,100,100900,100,99877,100,100939,100,99876,200,101259,100,99853,100,,,99842,100,,,99807,100
2019-06-28 09:52:50.000000000,100580,269,100134,170,100672,264,100089,265,100682,264,100047,264,100684,100,99921,200,100871,100,99907,100,100900,100,99877,100,100939,100,99876,200,101259,100,99853,100,,,99842,100,,,99807,100
2019-06-28 09:53:00.000000000,100580,348,100134,249,100672,348,100089,349,100682,100,100047,100,100684,100,99921,200,100871,100,99907,100,100900,100,99877,100,100939,100,99876,200,101259,100,99853,100,,,99842,100,,,99807,100
2019-06-28 09:53:04.517723494,100580,248,100134,249,100672,348,100089,349,100682,100,100047,100,100684,100,99921,200,100871,100,99907,100,100939,100,99877,100,101259,100,99876,200,,,99853,100,,,99842,100,,,99807,100
2019-06-28 09:53:08.632367793,100580,248,100481,100,100672,348,100134,249,100682,100,100089,349,100684,100,100047,100,100871,100,99921,100,100939,100,99907,100,101259,100,99877,100,,,99876,200,,,99853,100,,,99842,100
2019-06-28 09:53:10.000000000,100672,348,100481,348,100682,348,100134,249,100684,100,100089,101,100871,100,100047,100,100939,100,99921,100,101259,100,99907,100,,,99877,100,,,99876,200,,,99853,100,,,99842,100
2019-06-28 09:53:11.118656701,100672,348,100481,448,100682,348,100134,249,100684,100,100089,101,100871,100,100047,100,100939,100,99921,100,101259,100,99907,100,,,99877,100,,,99876,200,,,99853,100,,,99842,100
2019-06-28 09:53:16.775985478,100672,248,100481,448,100682,348,100134,249,100684,100,100089,101,100871,100,100047,100,100939,100,99921,100,101259,100,99907,100,,,99877,100,,,99876,200,,,99853,100,,,99842,100
2019-06-28 09:53:20.000000000,100682,596,100481,696,100684,100,100134,1,100871,100,100089,101,100939,100,100047,100,101259,100,99921,100,,,99907,100,,,99877,100,,,99876,200,,,99853,100,,,99842,100
2019-06-28 09:53:28.349033093,100682,496,100481,696,100684,100,100134,1,100871,100,100089,101,100939,100,100047,100,101259,100,99921,100,,,99907,100,,,99877,100,,,99876,200,,,99853,100,,,99842,100
2019-06-28 09:53:28.983040694,100682,496,100481,696,100684,100,100134,1,100871,100,100089,101,100939,100,100047,100,101259,100,99921,100,101289,100,99907,100,,,99877,100,,,99876,200,,,99853,100,,,99842,100
2019-06-28 09:53:30.000000000,100684,224,100481,324,100871,224,100134,125,100939,224,100089,225,101259,224,100047,224,101289,100,99921,100,,,99907,100,,,99877,100,,,99876,200,,,99853,100,,,99842,100
2019-06-28 09:53:36.760282923,100684,224,100481,324,100871,224,100134,125,100939,224,100089,225,101259,224,100047,124,101289,100,99921,100,,,99907,100,,,99877,100,,,99876,200,,,99853,100,,,99842,100
2019-06-28 09:53:40.000000000,100684,224,100481,324,100871,224,100134,125,100939,224,100089,225,101259,224,99921,224,101289,100,99907,100,,,99877,100,,,99876,200,,,99853,100,,,99842,100,,,99807,100
2019-06-28 09:53:41.665588978,100684,224,100481,324,100871,224,100134,125,100939,224,100089,225,101259,224,99921,224,101289,100,99907,100,101320,100,99877,100,,,99876,200,,,99853,100,,,99842,100,,,99807,100
2019-06-28 09:53:44.468343803,100684,224,100481,324,100871,224,100134,125,100939,224,100089,225,101259,224,99921,124,101289,100,99907,100,101320,100,99877,100,,,99876,200,,,99853,100,,,99842,100,,,99807,100
2019-06-28 09:53:50.000000000,100684,199,100481,299,100871,199,100134,100,100939,199,100089,200,101259,199,99907,199,101289,199,99877,199,101320,100,99876,200,,,99853,100,,,99842,100,,,99807,100,,,99709,100
2019-06-28 09:53:52.856167347,100684,99,100481,299,100871,199,100134,100,100939,199,100089,200,101259,199,99907,199,101289,199,99877,199,101320,100,99876,200,,,99853,100,,,99842,100,,,99807,100,,,99709,100
2019-06-28 09:54:00.000000000,100871,348,100481,448,100939,348,100134,249,101259,100,100089,101,101289,100,99907,100,101320,100,99877,100,,,99876,200,,,99853,100,,,99842,100,,,99807,100,,,99709,100
2019-06-28 09:54:10.000000000,100871,348,100481,448,100939,348,100134,249,101259,100,100089,101,101289,100,99907,100,101320,100,99877,100,,,99876,200,,,99853,100,,,99842,100,,,99807,100,,,99709,100
2019-06-28 09:54:20.000000000,100871,199,100481,299,100939,199,100134,100,101259,199,100089,200,101289,199,99907,199,101320,199,99877,199,,,99876,200,,,99853,100,,,99842,100,,,99807,100,,,99709,100
2019-06-28 09:54:30.000000000,100871,596,100481,696,100939,100,100134,1,101259,100,100089,101,101289,100,99907,100,101320,100,99877,100,,,99876,200,,,99853,100,,,99842,100,,,99807,100,,,99709,100
2019-06-28 09:54:40.000000000,100871,348,100481,448,100939,348,100134,249,101259,100,100089,101,101289,100,99907,100,101320,100,99877,100,,,99876,200,,,99853,100,,,99842,100,,,99807,100,,,99709,100
2019-06-28 09:54:41.225369688,100871,348,100481,448,100939,348,100134,249,101259,100,100089,101,101289,100,99907,100,101320,100,99877,100,101741,100,99876,200,,,99853,100,,,99842,100,,,99807,100,,,99709,100
2019-06-28 09:54:45.766651012,100871,248,100481,448,100939,348,100134,249,101259,100,100089,101,101289,100,99907,100,101320,100,99877,100,101741,100,99876,200,,,99853,100,,,99842,100,,,99807,100,,,99709,100
2019-06-28 09:54:47.173172723,100871,148,100481,448,100939,348,100134,249,101259,100,100089,101,101289,100,99907,100,101320,100,99877,100,101741,100,99876,200,,,99853,100,,,99842,100,,,99807,100,,,99709,100
2019-06-28 09:54:50.000000000,100939,596,100481,696,101259,100,100134,1,101289,100,100089,101,101320,100,99907,100,101741,100,99877,100,,,99876,200,,,99853,100,,,99842,100,,,99807,100,,,99709,100
2019-06-28 09:55:00.000000000,100939,596,100481,696,101259,100,100134,1,101289,100,100089,101,101320,100,99907,100,101741,100,99877,100,,,99876,200,,,99853,100,,,99842,100,,,99807,100,,,99709,100
2019-06-28 09:55:01.179962004,100939,596,100871,100,101259,100,100481,696,101289,100,100134,1,101320,100,100089,101,101741,100,99907,100,,,99877,100,,,99876,100,,,99853,100,,,99842,100,,,99807,100
2019-06-28 09:55:10.000000000,100939,348,100871,348,101259,348,100481,448,101289,100,100134,1,101320,100,100089,101,101741,100,99907,100,,,99877,100,,,99876,100,,,99853,100,,,99842,100,,,99807,100
2019-06-28 09:55:20.000000000,100939,224,100871,224,101259,224,100481,324,101289,224,100134,125,101320,224,100089,225,101741,100,99907,100,,,99877,100,,,99876,100,,,99853,100,,,99842,100,,,99807,100
2019-06-28 09:55:21.664842355,100939,224,100871,224,101259,224,100749,100,101289,224,100481,324,101320,224,100134,125,101741,100,100089,225,,,99907,100,,,99877,100,,,99876,100,,,99853,100,,,99842,100
2019-06-28 09:55:22.158708352,100939,224,100871,324,101259,224,100749,100,101289,224,100481,324,101320,224,100134,125,101741,100,100089,225,,,99907,100,,,99877,100,,,99876,100,,,99853,100,,,99842,100
2019-06-28 09:55:30.000000000,100939,596,100871,696,101259,100,100749,100,101289,100,100481,200,101320,100,100134,1,101741,100,100089,101,,,99907,100,,,99877,100,,,99876,100,,,99853,100,,,99842,100
2019-06-28 09:55:30.948841416,100939,596,100906,100,101259,100,100871,696,101289,100,100749,100,101320,100,100481,200,101741,100,100134,1,,,100089,101,,,99907,100,,,99877,100,,,99876,100,,,99853,100
2019-06-28 09:55:40.000000000,100939,224,100906,224,101259,224,100871,324,101289,224,100749,224,101320,224,100481,324,101741,100,100134,1,,,100089,101,,,99907,100,,,99877,100,,,99876,100,,,99853,100
2019-06-28 09:55:43.737345916,100939,224,100906,224,100985,100,100871,324,101259,224,100749,224,101289,224,100481,324,101320,224,100134,1,,,100089,101,,,99907,100,,,99877,100,,,99876,100,,,99853,100
2019-06-28 09:55:50.000000000,100939,199,100906,199,100985,199,100871,299,101259,199,100749,199,101289,199,100481,299,101320,199,100134,100,,,100089,101,,,99907,100,,,99877,100,,,99876,100,,,99853,100
2019-06-28 09:56:00.000000000,100939,224,100906,224,100985,224,100871,324,101259,224,100749,224,101289,224,100481,324,101320,100,100134,1,,,100089,101,,,99907,100,,,99877,100,,,99876,100,,,99853,100
2019-06-28 09:56:02.993055879,100939,224,100906,224,100985,224,100905,100,101259,224,100871,324,101289,224,100749,224,101320,100,100481,324,,,100134,1,,,100089,101,,,99907,100,,,99877,100,,,99876,100
2019-06-28 09:56:10.000000000,100939,596,100906,596,100985,100,100905,100,101259,100,100871,200,101289,100,100749,100,101320,100,100481,200,,,100134,1,,,100089,101,,,99907,100,,,99877,100,,,99876,100
2019-06-28 09:56:20.000000000,100939,596,100906,596,100985,100,100905,100,101259,100,100871,200,101289,100,100749,100,101320,100,100481,200,,,100134,1,,,100089,101,,,99907,100,,,99877,100,,,99876,100
2019-06-28 09:56:21.344224420,100939,596,100906,596,100985,100,100871,200,100989,100,100749,100,101259,100,100481,200,101289,100,100134,1,101320,100,100089,101,,,99907,100,,,99877,100,,,99876,100,,,99853,100
2019-06-28 09:56:22.069257835,100939,596,100906,596,100947,100,100871,200,100985,100,100749,100,100989,100,100481,200,101259,100,100134,1,101289,100,100089,101,101320,100,99907,100,,,99877,100,,,99876,100,,,99853,100
2019-06-28 09:56:30.000000000,100939,596,100906,596,100947,100,100871,200,100985,100,100749,100,100989,100,100481,200,101259,100,100134,1,101289,100,100089,101,101320,100,99907,100,,,99877,100,,,99876,100,,,99853,100
2019-06-28 09:56:33.258708795,100939,496,100906,596,100947,100,100871,200,100985,100,100749,100,100989,100,100481,200,101087,100,100134,1,101259,100,100089,101,101289,100,99907,100,101320,100,99877,100,,,99876,100,,,99853,100
2019-06-28 09:56:40.000000000,100947,596,100906,596,100985,100,100871,200,100989,100,100749,100,101087,100,100481,200,101259,100,100134,1,101289,100,100089,101,101320,100,99907,100,,,99877,100,,,99876,100,,,99853,100
2019-06-28 09:56:50.000000000,100947,224,100906,224,100985,224,100871,324,100989,224,100749,224,101087,224,100481,324,101259,100,100134,1,101289,100,100089,101,101320,100,99907,100,,,99877,100,,,99876,100,,,99853,100
2019-06-28 09:57:00.000000000,100947,224,100906,224,100985,224,100871,324,100989,224,100749,224,101087,224,100481,324,101259,100,100134,1,101289,100,100089,101,101320,100,99907,100,,,99877,100,,,99876,100,,,99853,100
2019-06-28 09:57:02.301900374,100947,124,100906,224,100985,224,100871,324,100989,224,100749,224,101087,224,100481,324,101259,100,100134,1,101289,100,100089,101,101320,100,99907,100,,,99877,100,,,99876,100,,,99853,100
2019-06-28 09:57:10.000000000,100985,199,100906,199,100989,199,100871,299,101087,199,100749,199,101259,199,100481,299,101289,199,100134,100,101320,100,100089,101,,,99907,100,,,99877,100,,,99876,100,,,99853,100
2019-06-28 09:57:20.000000000,100985,199,100906,199,100989,199,100871,299,101087,199,100749,199,101259,199,100481,299,101289,199,100134,100,101320,100,100089,101,,,99907,100,,,99877,100,,,99876,100,,,99853,100
2019-06-28 09:57:23.398465258,100985,199,100906,199,100989,199,100871,299,101087,199,100749,199,101259,199,100481,299,101289,199,100134,100,101320,100,100089,101,,,99907,100,,,99876,100,,,99853,100,,,99842,100
2019-06-28 09:57:30.000000000,100985,224,100906,224,100989,224,100871,324,101087,224,100749,224,101259,224,100481,324,101289,100,100134,1,101320,100,100089,101,,,99907,100,,,99876,100,,,99853,100,,,99842,100
2019-06-28 09:57:30.635106505,100938,100,100906,224,100985,224,100871,324,100989,224,100749,224,101087,224,100481,324,101259,224,100134,1,101289,100,100089,101,101320,100,99907,100,,,99876,100,,,99853,100,,,99842,100
2019-06-28 09:57:37.618375008,100938,100,100906,224,100985,224,100871,324,100989,224,100774,100,101087,224,100749,224,101259,224,100481,324,101289,100,100134,1,101320,100,100089,101,,,99907,100,,,99876,100,,,99853,100
2019-06-28 09:57:40.000000000,100938,269,100906,269,100985,264,100871,364,100989,264,100774,264,101087,100,100749,100,101259,100,100481,200,101289,100,100134,1,101320,100,100089,101,,,99907,100,,,99876,100,,,99853,100
2019-06-28 09:57:41.750075272,100938,269,100906,269,100985,264,100871,264,100989,264,100774,264,101087,100,100749,100,101259,100,100481,200,101289,100,100134,1,101320,100,100089,101,,,99907,100,,,99876,100,,,99853,100
2019-06-28 09:57:49.591551236,100938,269,100906,269,100985,264,100871,264,100989,264,100774,264,101087,100,100749,100,101259,100,100515,100,101289,100,100481,200,101320,100,100134,1,,,100089,101,,,99907,100,,,99876,100
2019-06-28 09:57:50.000000000,100938,269,100906,269,100985,264,100871,264,100989,264,100774,264,101087,100,100749,100,101259,100,100515,100,101289,100,100481,200,101320,100,100134,1,,,100089,101,,,99907,100,,,99876,100
2019-06-28 09:57:50.189568363,100938,269,100906,169,100985,264,100871,264,100989,264,100774,264,101087,100,100749,100,101259,100,100515,100,101289,100,100481,200,101320,100,100134,1,,,100089,101,,,99907,100,,,99876,100
2019-06-28 09:58:00.000000000,100938,224,100871,224,100985,224,100774,224,100989,224,100749,224,101087,224,100515,224,101259,100,100481,200,101289,100,100134,1,101320,100,100089,101,,,99907,100,,,99876,100,,,99853,100
2019-06-28 09:58:10.000000000,100938,224,100871,224,100985,224,100774,224,100989,224,100749,224,101087,224,100515,224,101259,100,100481,200,101289,100,100134,1,101320,100,100089,101,,,99907,100,,,99876,100,,,99853,100
2019-06-28 09:58:20.000000000,100938,224,100871,224,100985,224,100774,224,100989,224,100749,224,101087,224,100515,224,101259,100,100481,200,101289,100,100134,1,101320,100,100089,101,,,99907,100,,,99876,100,,,99853,100
2019-06-28 09:58:24.689853668,100903,100,100871,224,100938,224,100774,224,100985,224,100749,224,100989,224,100515,124,101087,224,100481,200,101259,100,100134,1,101289,100,100089,101,101320,100,99907,100,,,99876,100,,,99853,100
2019-06-28 09:58:30.000000000,100903,199,100871,199,100938,199,100774,199,100985,199,100749,199,100989,199,100481,299,101087,199,100134,100,101259,100,100089,101,101289,100,99907,100,101320,100,99876,100,,,99853,100,,,99842,100
2019-06-28 09:58:40.000000000,100903,348,100871,348,100938,348,100774,348,100985,100,100749,100,100989,100,100481,200,101087,100,100134,1,101259,100,100089,101,101289,100,99907,100,101320,100,99876,100,,,99853,100,,,99842,100
2019-06-28 09:58:50.000000000,100903,224,100871,224,100938,224,100774,224,100985,224,100749,224,100989,224,100481,324,101087,100,100134,1,101259,100,100089,101,101289,100,99907,100,101320,100,99876,100,,,99853,100,,,99842,100
2019-06-28 09:59:00.000000000,100903,199,100871,199,100938,199,100774,199,100985,199,100749,199,100989,199,100481,299,101087,199,100134,100,101259,100,100089,101,101289,100,99907,100,101320,100,99876,100,,,99853,100,,,99842,100
2019-06-28 09:59:10.000000000,100903,224,100871,224,100938,224,100774,224,100985,224,100749,224,100989,224,100481,324,101087,100,100134,1,101259,100,100089,101,101289,100,99907,100,101320,100,99876,100,,,99853,100,,,99842,100
2019-06-28 09:59:20.000000000,100903,224,100871,224,100938,224,100774,224,100985,224,100749,224,100989,224,100481,324,101087,100,100134,1,101259,100,100089,101,101289,100,99907,100,101320,100,99876,100,,,99853,100,,,99842,100
2019-06-28 09:59:30.000000000,100903,596,100871,596,100938,100,100774,100,100985,100,100749,100,100989,100,100481,200,101087,100,100134,1,101259,100,100089,101,101289,100,99907,100,101320,100,99876,100,,,99853,100,,,99842,100
2019-06-28 09:59:40.000000000,100903,224,100871,224,100938,224,100774,224,100985,224,100749,224,100989,224,100481,324,101087,100,100134,1,101259,100,100089,101,101289,100,99907,100,101320,100,99876,100,,,99853,100,,,99842,100
2019-06-28 09:59:50.000000000,100903,199,100871,199,100938,199,100774,199,100985,199,100749,199,100989,199,100481,299,101087,199,100134,100,101259,100,100089,101,101289,100,99907,100,101320,100,99876,100,,,99853,100,,,99842,100
2019-06-28 10:00:00.000000000,100903,596,100871,596,100938,100,100774,100,100985,100,100749,100,100989,100,100481,200,101087,100,100134,1,101259,100,100089,101,101289,100,99907,100,101320,100,99876,100,,,99853,100,,,99842,100
2019-06-28 10:00:02.793294645,100903,596,100871,496,100938,100,100774,100,100985,100,100749,100,100989,100,100481,200,101087,100,100134,1,101259,100,100089,101,101289,100,99907,100,101320,100,99876,100,,,99853,100,,,99842,100
2019-06-28 10:00:10.000000000,100903,224,100774,224,100938,224,100749,224,100985,224,100481,324,100989,224,100134,125,101087,100,100089,101,101259,100,99907,100,101289,100,99876,100,101320,100,99853,100,,,99842,100,,,99807,100
2019-06-28 10:00:12.802375985,100903,224,100774,224,100938,224,100749,224,100985,224,100481,324,100989,224,100134,125,101066,100,100089,101,101087,100,99907,100,101259,100,99876,100,101289,100,99853,100,101320,100,99842,100,,,99807,100
2019-06-28 10:00:20.000000000,100903,348,100774,348,100938,348,100749,348,100985,100,100481,200,100989,100,100134,1,101066,100,100089,101,101087,100,99907,100,101259,100,99876,100,101289,100,99853,100,101320,100,99842,100,,,99807,100
2019-06-28 10:00:30.000000000,100903,348,100774,348,100938,348,100749,348,100985,100,100481,200,100989,100,100134,1,101066,100,100089,101,101087,100,99907,100,101259,100,99876,100,101289,100,99853,100,101320,100,99842,100,,,99807,100
2019-06-28 10:00:34.879973688,100903,248,100774,348,100938,348,100749,348,100985,100,100481,200,100989,100,100134,1,101066,100,100089,101,101087,100,99907,100,101259,100,99876,100,101289,100,99853,100,101320,100,99842,100,,,99807,100
2019-06-28 10:00:40.000000000,100938,199,100774,199,100985,199,100749,199,100989,199,100481,299,101066,199,100134,100,101087,199,100089,200,101259,100,99907,100,101289,100,99876,100,101320,100,99853,100,,,99842,100,,,99807,100
2019-06-28 10:00:50.000000000,100938,269,100774,269,100985,264,100749,264,100989,264,100481,364,101066,100,100134,1,101087,100,100089,101,101259,100,99907,100,101289,100,99876,100,101320,100,99853,100,,,99842,100,,,99807,100
2019-06-28 10:01:00.000000000,100938,348,100774,348,100985,348,100749,348,100989,100,100481,200,101066,100,100134,1,101087,100,100089,101,101259,100,99907,100,101289,100,99876,100,101320,100,99853,100,,,99842,100,,,99807,100
2019-06-28 10:01:00.132338395,100938,348,100872,100,100985,348,100774,348,100989,100,100749,348,101066,100,100481,200,101087,100,100134,1,101259,100,100089,101,101289,100,99907,100,101320,100,99876,100,,,99853,100,,,99842,100
2019-06-28 10:01:02.678243970,100938,348,100872,200,100985,348,100774,348,100989,100,100749,348,101066,100,100481,200,101087,100,100134,1,101259,100,100089,101,101289,100,99907,100,101320,100,99876,100,,,99853,100,,,99842,100
2019-06-28 10:01:10.000000000,100938,596,100872,696,100985,100,100774,100,100989,100,100749,100,101066,100,100481,200,101087,100,100134,1,101259,100,100089,101,101289,100,99907,100,101320,100,99876,100,,,99853,100,,,99842,100
2019-06-28 10:01:20.000000000,100938,596,100872,696,100985,100,100774,100,100989,100,100749,100,101066,100,100481,200,101087,100,100134,1,101259,100,100089,101,101289,100,99907,100,101320,100,99876,100,,,99853,100,,,99842,100
2019-06-28 10:01:30.000000000,100938,348,100872,448,100985,348,100774,348,100989,100,100749,100,101066,100,100481,200,101087,100,100134,1,101259,100,100089,101,101289,100,99907,100,101320,100,99876,100,,,99853,100,,,99842,100
2019-06-28 10:01:30.263211331,100938,348,100872,348,100985,348,100774,348,100989,100,100749,100,101066,100,100481,200,101087,100,100134,1,101259,100,100089,101,101289,100,99907,100,101320,100,99876,100,,,99853,100,,,99842,100
2019-06-28 10:01:30.949549549,100927,100,100872,348,100938,348,100774,348,100985,348,100749,100,101066,100,100481,200,101087,100,100134,1,101259,100,100089,101,101289,100,99907,100,101320,100,99876,100,,,99853,100,,,99842,100
2019-06-28 10:01:40.000000000,100927,348,100872,348,100938,348,100774,348,100985,100,100749,100,101066,100,100481,200,101087,100,100134,1,101259,100,100089,101,101289,100,99907,100,101320,100,99876,100,,,99853,100,,,99842,100
2019-06-28 10:01:49.133801872,100897,100,100872,348,100927,348,100774,348,100938,348,100749,100,100985,100,100481,200,101066,100,100134,1,101087,100,100089,101,101259,100,99907,100,101289,100,99876,100,101320,100,99853,100,,,99842,100
2019-06-28 10:01:50.000000000,100897,199,100872,199,100927,199,100774,199,100938,199,100749,199,100985,199,100481,299,101066,199,100134,100,101087,100,100089,101,101259,100,99907,100,101289,100,99876,100,101320,100,99853,100,,,99842,100
2019-06-28 10:02:00.000000000,100897,269,100872,269,100927,264,100774,264,100938,264,100749,264,100985,100,100481,200,101066,100,100134,1,101087,100,100089,101,101259,100,99907,100,101289,100,99876,100,101320,100,99853,100,,,99842,100
2019-06-28 10:02:05.097771769,100897,269,100872,269,100911,100,100774,264,100927,264,100749,264,100938,264,100481,200,100985,100,100134,1,101066,100,100089,101,101087,100,99907,100,101259,100,99876,100,101289,100,99842,100,101320,100,99807,100
2019-06-28 10:02:10.000000000,100897,224,100872,224,100911,224,100774,224,100927,224,100749,224,100938,224,100481,324,100985,100,100134,1,101066,100,100089,101,101087,100,99907,100,101259,100,99876,100,101289,100,99842,100,101320,100,99807,100
2019-06-28 10:02:18.193558057,100897,224,100872,124,100911,224,100774,224,100927,224,100749,224,100938,224,100481,324,100985,100,100134,1,101066,100,100089,101,101087,100,99907,100,101259,100,99876,100,101289,100,99842,100,101320,100,99807,100
2019-06-28 10:02:20.000000000,100897,348,100774,348,100911,348,100749,348,100927,100,100481,200,100938,100,100134,1,100985,100,100089,101,101066,100,99907,100,101087,100,99876,100,101259,100,99842,100,101289,100,99807,100,101320,100,99709,100
2019-06-28 10:02:30.000000000,100897,596,100774,596,100911,100,100749,100,100927,100,100481,200,100938,100,100134,1,100985,100,100089,101,101066,100,99907,100,101087,100,99876,100,101259,100,99842,100,101289,100,99807,100,101320,100,99709,100
2019-06-28 10:02:40.000000000,100897,224,100774,224,100911,224,100749,224,100927,224,100481,324,100938,224,100134,125,100985,100,100089,101,101066,100,99907,100,101087,100,99876,100,101259,100,99842,100,101289,100,99807,100,101320,100,99709,100
2019-06-28 10:02:40.102592625,100897,224,100873,100,100911,224,100774,224,100927,224,100749,224,100938,224,100481,324,100985,100,100134,125,101066,100,100089,101,101087,100,99907,100,101259,100,99876,100,101289,100,99842,100,101320,100,99807,100
2019-06-28 10:02:50.000000000,100897,596,100873,596,100911,100,100774,100,100927,100,100749,100,100938,100,100481,200,100985,100,100134,1,101066,100,100089,101,101087,100,99907,100,101259,100,99876,100,101289,100,99842,100,101320,100,99807,100
2019-06-28 10:02:52.547223196,100883,100,100873,596,100897,596,100774,100,100911,100,100749,100,100927,100,100481,200,100938,100,100134,1,100985,100,100089,101,101066,100,99907,100,101087,100,99876,100,101259,100,99842,100,101289,100,99807,100
2019-06-28 10:03:00.000000000,100883,596,100873,596,100897,100,100774,100,100911,100,100749,100,100927,100,100481,200,100938,100,100134,1,100985,100,100089,101,101066,100,99907,100,101087,100,99876,100,101259,100,99842,100,101289,100,99807,100
2019-06-28 10:03:10.000000000,100883,596,100873,596,100897,100,100774,100,100911,100,100749,100,100927,100,100481,200,100938,100,100134,1,100985,100,100089,101,101066,100,99907,100,101087,100,99876,100,101259,100,99842,100,101289,100,99807,100
2019-06-28 10:03:16.193356566,100883,596,100873,496,100897,100,100774,100,100911,100,100749,100,100927,100,100481,200,100938,100,100134,1,100985,100,100089,101,101066,100,99907,100,101087,100,99876,100,101259,100,99842,100,101289,100,99807,100
2019-06-28 10:03:20.000000000,100883,348,100774,348,100897,348,100749,348,100911,100,100481,200,100927,100,100134,1,100938,100,100089,101,100985,100,99907,100,101066,100,99876,100,101087,100,99842,100,101259,100,99807,100,101289,100,99709,100
2019-06-28 10:03:30.000000000,100883,596,100774,596,100897,100,100749,100,100911,100,100481,200,100927,100,100134,1,100938,100,100089,101,100985,100,99907,100,101066,100,99876,100,101087,100,99842,100,101259,100,99807,100,101289,100,99709,100
2019-06-28 10:03:38.984253257,100883,496,100774,596,100897,100,100749,100,100911,100,100481,200,100927,100,100134,1,100938,100,100089,101,100985,100,99907,100,101066,100,99876,100,101087,100,99842,100,101259,100,99807,100,101289,100,99709,100
2019-06-28 10:03:40.000000000,100897,224,100774,224,100911,224,100749,224,100927,224,100481,324,100938,224,100134,125,100985,100,100089,101,101066,100,99907,100,101087,100,99876,100,101259,100,99842,100,101289,100,99807,100,101320,100,99709,100
2019-06-28 10:03:40.603942849,100897,224,100774,224,100911,224,100757,100,100927,224,100749,224,100938,224,100481,324,100985,100,100134,125,101066,100,100089,101,101087,100,99907,100,101259,100,99876,100,101289,100,99842,100,101320,100,99807,100
2019-06-28 10:03:50.000000000,100897,224,100774,224,100911,224,100757,224,100927,224,100749,224,100938,224,100481,324,100985,100,100134,1,101066,100,100089,101,101087,100,99907,100,101259,100,99876,100,101289,100,99842,100,101320,100,99807,100
2019-06-28 10:03:51.531591731,100897,124,100774,224,100911,224,100757,224,100927,224,100749,224,100938,224,100481,324,100985,100,100134,1,101066,100,100089,101,101087,100,99907,100,101259,100,99876,100,101289,100,99842,100,101320,100,99807,100
2019-06-28 10:03:56.499593263,100897,124,100774,224,100911,224,100757,224,100927,224,100749,224,100938,224,100481,324,100985,100,100134,1,101066,100,100089,101,101087,100,99907,100,101240,100,99876,100,101259,100,99842,100,101289,100,99807,100
2019-06-28 10:04:00.000000000,100911,348,100774,348,100927,348,100757,348,100938,100,100749,100,100985,100,100481,200,101066,100,100134,1,101087,100,100089,101,101240,100,99907,100,101259,100,99876,100,101289,100,99842,100,,,99807,100
2019-06-28 10:04:10.000000000,100911,269,100774,269,100927,264,100757,264,100938,264,100749,264,100985,100,100481,200,101066,100,100134,1,101087,100,100089,101,101240,100,99907,100,101259,100,99876,100,101289,100,99842,100,,,99807,100
2019-06-28 10:04:20.000000000,100911,596,100774,596,100927,100,100757,100,100938,100,100749,100,100985,100,100481,200,101066,100,100134,1,101087,100,100089,101,101240,100,99907,100,101259,100,99876,100,101289,100,99842,100,,,99807,100
2019-06-28 10:04:22.349944335,100911,496,100774,596,100927,100,100757,100,100938,100,100749,100,100985,100,100481,200,101066,100,100134,1,101087,100,100089,101,101240,100,99907,100,101259,100,99876,100,101289,100,99842,100,,,99807,100
2019-06-28 10:04:24.922027954,100911,496,100774,596,100927,100,100757,100,100938,100,100749,100,100985,100,100481,200,101066,100,100134,1,101087,100,100089,101,101240,100,99876,100,101259,100,99842,100,101289,100,99807,100,,,99709,100
2019-06-28 10:04:30.000000000,100927,199,100774,199,100938,199,100757,199,100985,199,100749,199,101066,199,100481,299,101087,199,100134,100,101240,100,100089,101,101259,100,99876,100,101289,100,99842,100,,,99807,100,,,99709,100
2019-06-28 10:04:33.173249176,100927,199,100774,199,100938,199,100757,199,100985,199,100749,199,101006,100,100481,299,101066,199,100134,100,101087,199,100089,101,101240,100,99876,100,101259,100,99842,100,,,99807,100,,,99709,100
2019-06-28 10:04:40.000000000,100927,269,100774,269,100938,264,100757,264,100985,264,100749,264,101006,100,100481,200,101066,100,100134,1,101087,100,100089,101,101240,100,99876,100,101259,100,99842,100,,,99807,100,,,99709,100
2019-06-28 10:04:50.000000000,100927,224,100774,224,100938,224,100757,224,100985,224,100749,224,101006,224,100481,324,101066,100,100134,1,101087,100,100089,101,101240,100,99876,100,101259,100,99842,100,,,99807,100,,,99709,100
2019-06-28 10:04:59.669660660,100927,124,100774,224,100938,224,100757,224,100985,224,100749,224,101006,224,100481,324,101066,100,100134,1,101087,100,100089,101,101240,100,99876,100,101259,100,99842,100,,,99807,100,,,99709,100
2019-06-28 10:05:00.000000000,100938,269,100774,269,100985,264,100757,264,101006,264,100749,264,101066,100,100481,200,101087,100,100134,1,101240,100,100089,101,101259,100,99876,100,,,99842,100,,,99807,100,,,99709,100
2019-06-28 10:05:08.643692320,100938,169,100774,269,100985,264,100757,264,101006,264,100749,264,101066,100,100481,200,101087,100,100134,1,101240,100,100089,101,101259,100,99876,100,,,99842,100,,,99807,100,,,99709,100
2019-06-28 10:05:10.000000000,100985,348,100774,348,101006,348,100757,348,101066,100,100749,100,101087,100,100481,200,101240,100,100134,1,101259,100,100089,101,,,99876,100,,,99842,100,,,99807,100,,,99709,100
2019-06-28 10:05:20.000000000,100985,269,100774,269,101006,264,100757,264,101066,264,100749,264,101087,100,100481,200,101240,100,100134,1,101259,100,100089,101,,,99876,100,,,99842,100,,,99807,100,,,99709,100
2019-06-28 10:05:21.561687911,100985,269,100927,100,101006,264,100774,269,101066,264,100757,264,101087,100,100749,264,101240,100,100481,200,101259,100,100134,1,,,100089,101,,,99876,100,,,99842,100,,,99807,100
2019-06-28 10:05:21.935562939,100985,169,100927,100,101006,264,100774,269,101066,264,100757,264,101087,100,100749,264,101240,100,100481,200,101259,100,100134,1,,,100089,101,,,99876,100,,,99842,100,,,99807,100
2019-06-28 10:05:30.000000000,101006,199,100927,199,101066,199,100774,199,101087,199,100757,199,101240,199,100749,199,101259,199,100481,299,,,100134,1,,,100089,101,,,99876,100,,,99842,100,,,99807,100
2019-06-28 10:05:40.000000000,101006,199,100927,199,101066,199,100774,199,101087,199,100757,199,101240,199,100749,199,101259,199,100481,299,,,100134,1,,,100089,101,,,99876,100,,,99842,100,,,99807,100
2019-06-28 10:05:50.000000000,101006,596,100927,596,101066,100,100774,100,101087,100,100757,100,101240,100,100749,100,101259,100,100481,200,,,100134,1,,,100089,101,,,99876,100,,,99842,100,,,99807,100
2019-06-28 10:06:00.000000000,101006,224,100927,224,101066,224,100774,224,101087,224,100757,224,101240,224,100749,224,101259,100,100481,200,,,100134,1,,,100089,101,,,99876,100,,,99842,100,,,99807,100
2019-06-28 10:06:09.860497990,100950,100,100927,224,101006,224,100774,224,101066,224,100757,224,101087,224,100749,224,101240,224,100481,200,101259,100,100134,1,,,100089,101,,,99876,100,,,99842,100,,,99807,100
2019-06-28 10:06:10.000000000,100950,348,100927,348,101006,348,100774,348,101066,100,100757,100,101087,100,100749,100,101240,100,100481,200,101259,100,100134,1,,,100089,101,,,99876,100,,,99842,100,,,99807,100
2019-06-28 10:06:20.000000000,100950,224,100927,224,101006,224,100774,224,101066,224,100757,224,101087,224,100749,224,101240,100,100481,200,101259,100,100134,1,,,100089,101,,,99876,100,,,99842,100,,,99807,100
2019-06-28 10:06:22.135491689,100950,224,100927,224,101006,224,100774,224,101044,100,100757,224,101066,224,100749,224,101087,224,100481,200,101240,100,100134,1,101259,100,100089,101,,,99876,100,,,99842,100,,,99807,100
2019-06-28 10:06:23.389451878,100950,224,100927,124,101006,224,100774,224,101044,100,100757,224,101066,224,100749,224,101087,224,100481,200,101240,100,100134,1,101259,100,100089,101,,,99876,100,,,99842,100,,,99807,100
2019-06-28 10:06:30.000000000,100950,269,100774,269,101006,264,100757,264,101044,264,100749,264,101066,100,100481,200,101087,100,100134,1,101240,100,100089,101,101259,100,99876,100,,,99842,100,,,99807,100,,,99709,100
2019-06-28 10:06:35.383017527,100949,100,100774,269,100950,269,100757,264,101006,264,100749,264,101044,264,100481,200,101066,100,100134,1,101087,100,100089,101,101240,100,99876,100,101259,100,99842,100,,,99807,100,,,99709,100
2019-06-28 10:06:40.000000000,100949,199,100774,199,100950,199,100757,199,101006,199,100749,199,101044,199,100481,299,101066,199,100134,100,101087,100,100089,101,101240,100,99876,100,101259,100,99842,100,,,99807,100,,,99709,100
2019-06-28 10:06:46.246828471,100949,199,100774,199,100950,199,100757,199,101006,199,100749,199,101044,199,100481,299,101056,100,100134,100,101066,199,100089,101,101087,100,99876,100,101240,100,99842,100,101259,100,99807,100,,,99709,100
2019-06-28 10:06:50.000000000,100949,199,100774,199,100950,199,100757,199,101006,199,100749,199,101044,199,100481,299,101056,199,100134,100,101066,100,100089,101,101087,100,99876,100,101240,100,99842,100,101259,100,99807,100,,,99709,100
2019-06-28 10:06:50.754250479,100949,199,100774,199,100950,199,100757,199,101006,199,100749,199,101044,199,100481,299,101056,199,100134,100,101066,100,100089,101,101068,100,99876,100,101087,100,99842,100,101240,100,99807,100,101259,100,99709,100
2019-06-28 10:07:00.000000000,100949,596,100774,596,100950,100,100757,100,101006,100,100749,100,101044,100,100481,200,101056,100,100134,1,101066,100,100089,101,101068,100,99876,100,101087,100,99842,100,101240,100,99807,100,101259,100,99709,100
2019-06-28 10:07:04.559935495,100949,596,100774,596,100950,100,100757,100,101006,100,100749,100,101044,100,100481,200,101056,100,100134,1,101066,100,100089,101,101068,100,99876,100,101087,100,99842,100,101175,100,99807,100,101240,100,99709,100
2019-06-28 10:07:10.000000000,100949,596,100774,596,100950,100,100757,100,101006,100,100749,100,101044,100,100481,200,101056,100,100134,1,101066,100,100089,101,101068,100,99876,100,101087,100,99842,100,101175,100,99807,100,101240,100,99709,100
2019-06-28 10:07:20.000000000,100949,224,100774,224,100950,224,100757,224,101006,224,100749,224,101044,224,100481,324,101056,100,100134,1,101066,100,100089,101,101068,100,99876,100,101087,100,99842,100,101175,100,99807,100,101240,100,99709,100
2019-06-28 10:07:21.320241668,100949,224,100774,124,100950,224,100757,224,101006,224,100749,224,101044,224,100481,324,101056,100,100134,1,101066,100,100089,101,101068,100,99876,100,101087,100,99842,100,101175,100,99807,100,101240,100,99709,100
2019-06-28 10:07:26.145481056,100949,224,100774,124,100950,224,100761,100,101006,224,100757,224,101044,224,100749,224,101056,100,100481,324,101066,100,100134,1,101068,100,100089,101,101087,100,99876,100,101175,100,99842,100,101240,100,99807,100
2019-06-28 10:07:27.592244282,100939,100,100774,124,100949,224,100761,100,100950,224,100757,224,101006,224,100749,224,101044,224,100481,324,101056,100,100134,1,101066,100,100089,101,101068,100,99876,100,101087,100,99842,100,101175,100,99807,100
2019-06-28 10:07:30.000000000,100939,269,100761,269,100949,264,100757,264,100950,264,100749,264,101006,100,100481,200,101044,100,100134,1,101056,100,100089,101,101066,100,99876,100,101068,100,99842,100,101087,100,99807,100,101175,100,99709,100
2019-06-28 10:07:40.000000000,100939,348,100761,348,100949,348,100757,348,100950,100,100749,100,101006,100,100481,200,101044,100,100134,1,101056,100,100089,101,101066,100,99876,100,101068,100,99842,100,101087,100,99807,100,101175,100,99709,100
2019-06-28 10:07:50.000000000,100939,269,100761,269,100949,264,100757,264,100950,264,100749,264,101006,100,100481,200,101044,100,100134,1,101056,100,100089,101,101066,100,99876,100,101068,100,99842,100,101087,100,99807,100,101175,100,99709,100
