,ask_price_1,ask_size_1,bid_price_1,bid_size_1,ask_price_2,ask_size_2,bid_price_2,bid_size_2,ask_price_3,ask_size_3,bid_price_3,bid_size_3,ask_price_4,ask_size_4,bid_price_4,bid_size_4,ask_price_5,ask_size_5,bid_price_5,bid_size_5,ask_price_6,ask_size_6,bid_price_6,bid_size_6,ask_price_7,ask_size_7,bid_price_7,bid_size_7,ask_price_8,ask_size_8,bid_price_8,bid_size_8,ask_price_9,ask_size_9,bid_price_9,bid_size_9,ask_price_10,ask_size_10,bid_price_10,bid_size_10
2019-06-28 09:30:00.000000000,,,100030,100,,,,,,,,,,,,,,,,,,,,,,,,,,,,,,,,,,,,
2019-06-28 09:30:00.000000002,,,100030,100,,,99960,100,,,,,,,,,,,,,,,,,,,,,,,,,,,,,,,,
2019-06-28 09:30:00.000000003,,,100030,100,,,99960,100,,,99798,100,,,,,,,,,,,,,,,,,,,,,,,,,,,,
2019-06-28 09:30:00.000000004,100079,100,99960,100,,,99798,100,,,,,,,,,,,,,,,,,,,,,,,,,,,,,,,,
2019-06-28 09:30:00.000000005,100079,100,99798,100,,,,,,,,,,,,,,,,,,,,,,,,,,,,,,,,,,,,
2019-06-28 09:30:00.000000006,100079,100,99989,100,,,99798,100,,,,,,,,,,,,,,,,,,,,,,,,,,,,,,,,
2019-06-28 09:30:00.000000009,100079,100,99989,100,100151,100,99798,100,,,,,,,,,,,,,,,,,,,,,,,,,,,,,,,,
2019-06-28 09:30:00.000000010,100078,100,99989,100,100079,100,99798,100,100151,100,,,,,,,,,,,,,,,,,,,,,,,,,,,,,,
2019-06-28 09:30:00.000000013,100078,100,100005,100,100079,100,99989,100,100151,100,99798,100,,,,,,,,,,,,,,,,,,,,,,,,,,,,
2019-06-28 09:30:00.000000015,100033,100,100005,100,100072,100,99989,100,100078,100,99960,100,100079,100,99798,100,100151,100,,,,,,,,,,,,,,,,,,,,,,
2019-06-28 09:30:00.000000018,100033,100,100005,100,100072,100,99989,100,100078,100,99960,100,100079,100,99905,100,100151,100,99798,100,,,,,,,,,,,,,,,,,,,,
2019-06-28 09:30:00.000000020,100033,100,99989,100,100072,100,99960,100,100078,100,99905,100,100079,100,99798,100,100151,100,,,,,,,,,,,,,,,,,,,,,,
2019-06-28 09:30:00.000000023,100033,100,99989,100,100072,100,99960,100,100078,100,99905,100,100079,100,99891,100,100151,100,99798,100,,,,,,,,,,,,,,,,,,,,
2019-06-28 09:30:00.000000026,100033,100,100008,100,100072,100,99989,100,100078,100,99960,100,100079,100,99952,100,100151,100,99905,100,,,99891,100,,,99798,100,,,,,,,,,,,,
2019-06-28 09:30:00.000000030,100033,100,100008,100,100041,100,99989,100,100072,100,99960,100,100078,100,99952,100,100079,100,99905,100,100151,100,99891,100,,,99798,100,,,,,,,,,,,,
2019-06-28 09:30:00.000000035,100033,100,99989,100,100041,100,99960,100,100072,100,99952,100,100078,100,99905,100,100079,100,99891,100,100151,100,99798,100,,,,,,,,,,,,,,,,
2019-06-28 09:30:00.000000036,100033,100,99989,100,100041,100,99960,100,100072,100,99952,100,100078,100,99905,100,100079,100,99891,100,100151,100,99885,100,,,99798,100,,,,,,,,,,,,
2019-06-28 09:30:00.000000037,100009,100,99989,100,100033,100,99960,100,100041,100,99952,100,100072,100,99905,100,100078,100,99891,100,100079,100,99885,100,100151,100,99798,100,,,,,,,,,,,,
2019-06-28 09:30:00.000000038,100009,100,99960,100,100033,100,99952,100,100041,100,99905,100,100072,100,99891,100,100078,100,99885,100,100079,100,99798,100,100151,100,,,,,,,,,,,,,,
2019-06-28 09:30:00.000000040,100009,100,99966,100,100033,100,99960,100,100041,100,99952,100,100072,100,99905,100,100078,100,99891,100,100079,100,99885,100,100151,100,99798,100,,,,,,,,,,,,
2019-06-28 09:30:00.000000042,100009,100,99989,100,100033,100,99966,100,100041,100,99960,100,100072,100,99952,100,100078,100,99905,100,100079,100,99891,100,100151,100,99885,100,,,99798,100,,,,,,,,
2019-06-28 09:30:00.000000045,100009,100,99966,100,100033,100,99960,100,100041,100,99952,100,100072,100,99905,100,100078,100,99891,100,100079,100,99885,100,100105,100,99798,100,100151,200,,,,,,,,,,
2019-06-28 09:30:00.000000046,100033,100,99966,100,100041,100,99960,100,100072,100,99952,100,100078,100,99905,100,100079,100,99891,100,100105,100,99885,100,100151,200,99798,100,,,,,,,,,,,,
2019-06-28 09:30:00.000000047,100033,100,99966,100,100034,100,99960,100,100041,100,99952,100,100072,100,99905,100,100078,100,99891,100,100079,100,99885,100,100105,100,99798,100,100151,200,,,,,,,,,,
2019-06-28 09:30:00.000000049,100033,100,99966,100,100034,100,99960,100,100041,100,99952,100,100072,100,99905,100,100078,100,99891,200,100079,100,99885,100,100105,100,99798,100,100151,200,,,100163,100,,,,,,
2019-06-28 09:30:00.000000050,100023,200,99966,100,100033,100,99960,100,100034,100,99952,100,100041,100,99905,100,100072,100,99891,200,100078,100,99885,100,100079,100,99798,100,100105,100,,,100151,200,,,100163,100,,
2019-06-28 09:30:00.000000052,100023,200,99966,100,100033,100,99960,100,100034,100,99952,100,100041,100,99905,100,100072,100,99891,200,100078,100,99885,100,100079,100,99798,100,100086,100,,,100105,100,,,100151,200,,
2019-06-28 09:30:00.000000053,100023,300,99966,100,100033,100,99960,100,100034,100,99952,100,100041,100,99905,100,100072,100,99891,200,100078,100,99885,100,100079,100,99798,100,100086,100,,,100105,100,,,100151,200,,
2019-06-28 09:30:00.000000055,100023,300,99966,100,100033,100,99960,100,100034,100,99952,100,100041,100,99915,100,100072,100,99905,100,100078,100,99891,200,100079,100,99885,100,100086,100,99798,100,100105,100,,,100151,200,,
2019-06-28 09:30:00.000000057,100023,300,99966,100,100033,100,99960,100,100034,100,99952,100,100041,100,99915,100,100072,100,99905,100,100078,100,99891,200,100079,100,99885,100,100086,100,99798,100,100105,100,,,100151,300,,
2019-06-28 09:30:00.000000060,100023,300,99966,100,100033,100,99960,100,100034,100,99952,100,100041,100,99915,100,100072,100,99905,100,100078,100,99891,200,100079,100,99885,100,100086,100,99798,100,100105,100,,,100151,300,,
2019-06-28 09:30:00.000000061,100023,300,100000,100,100033,100,99966,100,100034,100,99960,100,100041,100,99952,100,100072,100,99915,100,100078,100,99905,100,100079,100,99891,200,100086,100,99885,100,100105,100,99798,100,100151,300,,
2019-06-28 09:30:00.000000062,100023,300,100000,100,100033,100,99982,100,100034,100,99966,100,100041,100,99960,100,100072,100,99952,100,100078,100,99915,100,100079,100,99905,100,100086,100,99891,200,100105,100,99885,100,100147,100,99798,100
2019-06-28 09:30:00.000000063,100023,300,100009,100,100033,100,100000,100,100034,100,99982,100,100041,100,99966,100,100072,100,99960,100,100078,100,99952,100,100079,100,99915,100,100086,100,99905,100,100105,100,99891,200,100147,100,99885,100
2019-06-28 09:30:00.000000064,100023,300,100000,100,100033,100,99982,100,100034,100,99966,100,100041,100,99960,100,100072,100,99952,100,100078,100,99915,100,100079,100,99905,100,100086,100,99891,200,100105,100,99885,100,100147,100,99798,100
2019-06-28 09:30:00.000000067,100023,300,100000,100,100033,100,99982,100,100034,100,99966,100,100041,100,99960,100,100072,100,99952,100,100078,100,99915,100,100079,100,99905,100,100086,100,99891,200,100087,100,99885,100,100105,100,99798,100
2019-06-28 09:30:00.000000071,100023,300,100000,100,100033,100,99997,100,100034,100,99982,100,100041,100,99966,100,100072,100,99960,100,100078,100,99952,100,100079,100,99915,100,100086,100,99905,100,100087,100,99891,200,100105,100,99885,100
2019-06-28 09:30:00.000000073,100023,300,100000,100,100033,100,99997,100,100034,100,99982,100,100041,100,99966,100,100072,100,99960,100,100078,100,99952,100,100079,100,99915,100,100086,100,99906,100,100087,100,99905,100,100105,100,99891,200
2019-06-28 09:30:00.000000078,100023,200,100000,100,100033,100,99997,100,100034,100,99982,100,100041,100,99966,100,100072,100,99960,100,100078,100,99952,100,100079,100,99915,100,100086,100,99906,100,100087,100,99905,100,100105,100,99891,200
2019-06-28 09:30:00.000000079,100023,200,100000,100,100033,100,99997,100,100034,100,99982,100,100041,100,99976,100,100072,100,99966,100,100078,100,99960,100,100079,100,99952,100,100086,100,99915,100,100087,100,99906,100,100105,100,99905,100
2019-06-28 09:30:00.000000081,100023,200,100000,100,100033,100,99997,200,100034,100,99982,100,100041,100,99976,100,100072,100,99966,100,100078,100,99960,100,100079,100,99952,100,100086,100,99915,100,100087,100,99906,100,100105,100,99905,100
2019-06-28 09:30:00.000000084,100023,200,100009,100,100033,100,100000,100,100034,100,99997,200,100041,100,99982,100,100072,100,99976,100,100078,100,99966,100,100079,100,99960,100,100086,100,99952,100,100087,100,99915,100,100105,100,99906,100
2019-06-28 09:30:00.000000088,100022,100,100009,100,100023,200,100000,100,100033,100,99997,200,100034,100,99982,100,100041,100,99976,100,100072,100,99966,100,100078,100,99960,100,100079,100,99952,100,100086,100,99915,100,100087,100,99906,100
2019-06-28 09:30:00.000000089,100011,100,100009,100,100022,100,100000,100,100023,200,99997,200,100033,100,99982,100,100034,100,99980,100,100041,100,99976,100,100072,100,99966,100,100078,100,99960,100,100079,100,99952,100,100086,100,99915,100
2019-06-28 09:30:00.000000093,100011,100,100009,100,100022,100,100000,100,100023,200,99997,200,100033,100,99994,100,100034,100,99982,100,100041,100,99980,100,100072,100,99976,100,100078,100,99966,100,100079,100,99960,100,100086,100,99952,100
2019-06-28 09:30:00.000000094,100011,100,100009,100,100022,100,100000,100,100023,200,99997,200,100033,100,99994,100,100034,100,99982,100,100041,100,99980,100,100072,100,99976,100,100078,100,99966,100,100079,100,99960,100,100086,100,99952,100
2019-06-28 09:30:00.000000095,100011,100,100009,100,100022,100,100000,100,100023,200,99997,200,100033,100,99994,100,100034,100,99982,100,100041,100,99980,100,100072,100,99976,100,100078,100,99966,100,100079,100,99960,100,100086,100,99952,100
2019-06-28 09:30:10.000000000,100011,260,100009,260,100022,256,100000,256,100023,356,99997,356,100033,100,99994,100,100034,100,99982,100,100041,100,99980,100,100072,100,99976,100,100078,100,99966,100,100079,100,99960,100,100086,100,99952,100
2019-06-28 09:30:20.000000000,100011,336,100009,336,100022,336,100000,336,100023,200,99997,200,100033,100,99994,100,100034,100,99982,100,100041,100,99980,100,100072,100,99976,100,100078,100,99966,100,100079,100,99960,100,100086,100,99952,100
2019-06-28 09:30:30.000000000,100011,572,100009,572,100022,100,100000,100,100023,200,99997,200,100033,100,99994,100,100034,100,99982,100,100041,100,99980,100,100072,100,99976,100,100078,100,99966,100,100079,100,99960,100,100086,100,99952,100
2019-06-28 09:30:40.000000000,100011,260,100009,260,100022,256,100000,256,100023,356,99997,356,100033,100,99994,100,100034,100,99982,100,100041,100,99980,100,100072,100,99976,100,100078,100,99966,100,100079,100,99960,100,100086,100,99952,100
2019-06-28 09:30:49.033325140,100011,260,100009,260,100022,256,100000,256,100023,356,99997,356,100033,100,99994,100,100034,100,99982,100,100041,100,99980,100,100072,100,99976,100,100078,100,99966,100,100079,100,99960,100,100086,100,99952,100
2019-06-28 09:30:50.000000000,100011,194,100009,194,100022,194,100000,194,100023,294,99997,294,100033,194,99994,194,100034,194,99982,194,100041,100,99980,100,100072,100,99976,100,100078,100,99966,100,100079,100,99960,100,100086,100,99952,100
2019-06-28 09:30:56.593247824,100011,94,100009,194,100022,194,100000,194,100023,294,99997,294,100033,194,99994,194,100034,194,99982,194,100041,100,99980,100,100072,100,99976,100,100078,100,99966,100,100079,100,99960,100,100086,100,99952,100
2019-06-28 09:31:00.000000000,100022,194,100009,194,100023,294,100000,194,100033,194,99997,294,100034,194,99994,194,100041,194,99982,194,100072,100,99980,100,100078,100,99976,100,100079,100,99966,100,100086,100,99960,100,100087,100,99952,100
2019-06-28 09:31:01.085761571,100022,194,100009,194,100023,294,100000,194,100033,194,99997,294,100034,194,99996,100,100041,194,99994,194,100072,100,99982,194,100078,100,99980,100,100079,100,99976,100,100086,100,99966,100,100087,100,99960,100
2019-06-28 09:31:04.557618784,100022,194,100009,194,100023,294,100000,194,100033,194,99997,294,100034,194,99996,100,100041,194,99994,194,100072,100,99982,194,100078,100,99980,100,100079,100,99976,100,100086,100,99966,100,100087,100,99960,100
2019-06-28 09:31:10.000000000,100022,194,100009,194,100023,294,100000,194,100033,194,99997,294,100034,194,99996,194,100041,194,99994,194,100072,100,99982,100,100078,100,99980,100,100079,100,99976,100,100086,100,99966,100,100087,100,99960,100
2019-06-28 09:31:20.000000000,100022,572,100009,572,100023,200,100000,100,100033,100,99997,200,100034,100,99996,100,100041,100,99994,100,100072,100,99982,100,100078,100,99980,100,100079,100,99976,100,100086,100,99966,100,100087,100,99960,100
2019-06-28 09:31:30.000000000,100022,218,100009,218,100023,318,100000,218,100033,218,99997,318,100034,218,99996,218,100041,100,99994,100,100072,100,99982,100,100078,100,99980,100,100079,100,99976,100,100086,100,99966,100,100087,100,99960,100
2019-06-28 09:31:40.000000000,100022,572,100009,572,100023,200,100000,100,100033,100,99997,200,100034,100,99996,100,100041,100,99994,100,100072,100,99982,100,100078,100,99980,100,100079,100,99976,100,100086,100,99966,100,100087,100,99960,100
2019-06-28 09:31:50.000000000,100022,218,100009,218,100023,318,100000,218,100033,218,99997,318,100034,218,99996,218,100041,100,99994,100,100072,100,99982,100,100078,100,99980,100,100079,100,99976,100,100086,100,99966,100,100087,100,99960,100
2019-06-28 09:32:00.000000000,100022,218,100009,218,100023,318,100000,218,100033,218,99997,318,100034,218,99996,218,100041,100,99994,100,100072,100,99982,100,100078,100,99980,100,100079,100,99976,100,100086,100,99966,100,100087,100,99960,100
2019-06-28 09:32:00.968720799,100022,218,100009,218,100023,318,100000,218,100033,218,99997,318,100034,218,99996,218,100041,100,99994,100,100072,100,99982,100,100078,100,99980,100,100079,100,99976,100,100086,100,99966,100,100087,100,99960,100
2019-06-28 09:32:10.000000000,100022,260,100009,260,100023,356,100000,256,100033,256,99997,356,100034,100,99996,100,100041,100,99994,100,100072,100,99982,100,100078,100,99980,100,100079,100,99976,100,100086,100,99966,100,100087,100,99960,100
2019-06-28 09:32:20.000000000,100022,218,100009,218,100023,318,100000,218,100033,218,99997,318,100034,218,99996,218,100041,100,99994,100,100072,100,99982,100,100078,100,99980,100,100079,100,99976,100,100086,100,99966,100,100087,100,99960,100
2019-06-28 09:32:30.000000000,100022,572,100009,572,100023,200,100000,100,100033,100,99997,200,100034,100,99996,100,100041,100,99994,100,100072,100,99982,100,100078,100,99980,100,100079,100,99976,100,100086,100,99966,100,100087,100,99960,100
2019-06-28 09:32:40.000000000,100022,194,100009,194,100023,294,100000,194,100033,194,99997,294,100034,194,99996,194,100041,194,99994,194,100072,100,99982,100,100078,100,99980,100,100079,100,99976,100,100086,100,99966,100,100087,100,99960,100
2019-06-28 09:32:50.000000000,100022,336,100009,336,100023,436,100000,336,100033,100,99997,200,100034,100,99996,100,100041,100,99994,100,100072,100,99982,100,100078,100,99980,100,100079,100,99976,100,100086,100,99966,100,100087,100,99960,100
2019-06-28 09:33:00.000000000,100022,194,100009,194,100023,294,100000,194,100033,194,99997,294,100034,194,99996,194,100041,194,99994,194,100072,100,99982,100,100078,100,99980,100,100079,100,99976,100,100086,100,99966,100,100087,100,99960,100
2019-06-28 09:33:10.000000000,100022,336,100009,336,100023,436,100000,336,100033,100,99997,200,100034,100,99996,100,100041,100,99994,100,100072,100,99982,100,100078,100,99980,100,100079,100,99976,100,100086,100,99966,100,100087,100,99960,100
2019-06-28 09:33:19.049407769,100022,236,100009,336,100023,436,100000,336,100033,100,99997,200,100034,100,99996,100,100041,100,99994,100,100078,100,99982,100,100079,100,99980,100,100086,100,99976,100,100087,100,99966,100,100105,100,99960,100
2019-06-28 09:33:20.000000000,100023,294,100009,194,100033,194,100000,194,100034,194,99997,294,100041,194,99996,194,100078,194,99994,194,100079,100,99982,100,100086,100,99980,100,100087,100,99976,100,100105,100,99966,100,100151,300,99960,100
2019-06-28 09:33:21.945454731,100023,194,100009,194,100033,194,100000,194,100034,194,99997,294,100041,194,99996,194,100078,194,99994,94,100079,100,99982,100,100086,100,99980,100,100087,100,99976,100,100105,100,99966,100,100151,300,99960,100
2019-06-28 09:33:30.000000000,100023,336,100009,336,100033,336,100000,336,100034,100,99997,200,100041,100,99996,100,100078,100,99982,100,100079,100,99980,100,100086,100,99976,100,100087,100,99966,100,100105,100,99960,100,100151,300,99952,100
2019-06-28 09:33:34.465044303,100023,236,100009,336,100033,336,100000,336,100034,100,99997,200,100041,100,99996,100,100078,100,99982,100,100079,100,99980,100,100086,100,99976,100,100087,100,99966,100,100105,100,99960,100,100151,300,99952,100
2019-06-28 09:33:40.000000000,100033,218,100009,218,100034,218,100000,218,100041,218,99997,318,100078,218,99996,218,100079,100,99982,100,100086,100,99980,100,100087,100,99976,100,100105,100,99966,100,100151,300,99960,100,100163,100,99952,100
2019-06-28 09:33:44.453491223,100033,218,100009,218,100034,118,100000,218,100041,218,99997,318,100078,218,99996,218,100079,100,99982,100,100086,100,99980,100,100087,100,99976,100,100105,100,99966,100,100151,300,99960,100,100163,100,99952,100
2019-06-28 09:33:50.000000000,100033,336,100009,336,100041,336,100000,336,100078,100,99997,200,100079,100,99996,100,100086,100,99982,100,100087,100,99980,100,100105,100,99976,100,100151,300,99966,100,100163,100,99960,100,100171,100,99952,100
2019-06-28 09:33:55.391342323,100033,336,100009,336,100041,336,100000,336,100078,100,99997,200,100079,100,99996,100,100086,100,99982,100,100087,100,99980,100,100105,100,99976,100,100151,300,99966,100,100163,100,99960,100,100171,100,99952,100
2019-06-28 09:34:00.000000000,100033,260,100009,260,100041,256,100000,256,100078,256,99997,356,100079,100,99996,100,100086,100,99982,100,100087,100,99980,100,100105,100,99976,100,100151,300,99966,100,100163,100,99960,100,100171,100,99952,100
2019-06-28 09:34:06.595232476,100033,260,100009,260,100041,256,100000,256,100078,256,99997,356,100079,100,99996,100,100086,100,99982,100,100087,100,99980,100,100105,100,99976,100,100151,300,99966,100,100163,100,99960,100,100171,100,99952,100
2019-06-28 09:34:07.892692482,100033,160,100009,260,100041,256,100000,256,100078,256,99997,356,100079,100,99996,100,100086,100,99982,100,100087,100,99980,100,100105,100,99976,100,100151,300,99966,100,100163,100,99960,100,100171,100,99952,100
2019-06-28 09:34:10.000000000,100041,336,100009,336,100078,336,100000,336,100079,100,99997,200,100086,100,99996,100,100087,100,99982,100,100105,100,99980,100,100151,300,99976,100,100163,100,99966,100,100171,100,99960,100,100876,100,99952,100
2019-06-28 09:34:10.945213177,100041,336,100009,336,100078,336,100000,336,100079,100,99997,200,100086,100,99996,100,100087,100,99982,100,100151,300,99980,100,100163,100,99976,100,100171,100,99966,100,100613,100,99960,100,100876,100,99952,100
2019-06-28 09:34:20.000000000,100041,336,100009,336,100078,336,100000,336,100079,100,99997,200,100086,100,99996,100,100087,100,99982,100,100151,300,99980,100,100163,100,99976,100,100171,100,99966,100,100613,100,99960,100,100876,100,99952,100
2019-06-28 09:34:30.000000000,100041,260,100009,260,100078,256,100000,256,100079,256,99997,356,100086,100,99996,100,100087,100,99982,100,100151,300,99980,100,100163,100,99976,100,100171,100,99966,100,100613,100,99960,100,100876,100,99952,100
2019-06-28 09:34:32.690622856,100041,160,100009,260,100078,256,100000,256,100079,256,99997,356,100086,100,99996,100,100087,100,99982,100,100151,300,99980,100,100163,100,99976,100,100171,100,99966,100,100613,100,99960,100,100876,100,99952,100
2019-06-28 09:34:39.035099062,100041,160,100009,260,100078,256,100000,256,100079,256,99997,356,100086,100,99996,100,100087,100,99982,100,100151,300,99980,100,100163,100,99976,100,100171,100,99966,100,100613,100,99960,100,100876,100,99952,100
2019-06-28 09:34:40.000000000,100078,260,100009,260,100079,256,100000,256,100086,256,99997,356,100087,100,99996,100,100151,300,99982,100,100163,100,99980,100,100171,100,99976,100,100613,100,99966,100,100876,100,99960,100,100936,100,99952,100
2019-06-28 09:34:46.402656376,100078,260,100009,260,100079,256,100000,256,100086,256,99997,356,100087,100,99996,100,100151,200,99982,100,100163,100,99980,100,100171,100,99976,100,100613,100,99966,100,100876,100,99960,100,100936,100,99952,100
2019-06-28 09:34:48.636666482,100078,160,100009,260,100079,256,100000,256,100086,256,99997,356,100087,100,99996,100,100151,200,99982,100,100163,100,99980,100,100171,100,99976,100,100613,100,99966,100,100876,100,99960,100,100936,100,99952,100
2019-06-28 09:34:49.172111856,100078,60,100009,260,100079,256,100000,256,100086,256,99997,356,100087,100,99996,100,100151,200,99982,100,100163,100,99980,100,100171,100,99976,100,100613,100,99966,100,100876,100,99960,100,100936,100,99952,100
2019-06-28 09:34:50.000000000,100079,194,100009,194,100086,194,100000,194,100087,194,99997,294,100151,294,99996,194,100163,194,99982,194,100171,100,99980,100,100613,100,99976,100,100876,100,99966,100,100936,100,99960,100,101003,100,99952,100
2019-06-28 09:34:53.893400736,100079,94,100009,194,100086,194,100000,194,100087,194,99997,294,100151,294,99996,194,100163,194,99982,194,100171,100,99980,100,100613,100,99976,100,100876,100,99960,100,100936,100,99952,100,101003,100,99951,100
2019-06-28 09:35:00.000000000,100086,218,100009,218,100087,218,100000,218,100151,318,99997,318,100163,218,99996,218,100171,100,99982,100,100613,100,99980,100,100876,100,99976,100,100936,100,99960,100,101003,100,99952,100,101124,100,99951,100
2019-06-28 09:35:10.000000000,100086,336,100009,336,100087,336,100000,336,100151,200,99997,200,100163,100,99996,100,100171,100,99982,100,100613,100,99980,100,100876,100,99976,100,100936,100,99960,100,101003,100,99952,100,101124,100,99951,100
2019-06-28 09:35:13.031836527,100086,336,100078,100,100087,336,100009,336,100151,200,100000,336,100163,100,99997,200,100171,100,99996,100,100613,100,99982,100,100876,100,99980,100,100936,100,99976,100,101003,100,99960,100,101124,100,99952,100
2019-06-28 09:35:15.302348497,100086,236,100078,100,100087,336,100009,336,100151,200,100000,336,100163,100,99997,100,100171,100,99996,100,100613,100,99982,100,100876,100,99980,100,100936,100,99976,100,101003,100,99960,100,101124,100,99952,100
2019-06-28 09:35:20.000000000,100087,194,100078,194,100151,294,100009,194,100163,194,100000,194,100171,194,99997,194,100613,194,99996,194,100876,100,99982,100,100936,100,99980,100,101003,100,99976,100,101124,100,99960,100,,,99952,100
2019-06-28 09:35:30.000000000,100087,260,100078,260,100151,356,100009,256,100163,256,100000,256,100171,100,99997,100,100613,100,99996,100,100876,100,99982,100,100936,100,99980,100,101003,100,99976,100,101124,100,99960,100,,,99952,100
2019-06-28 09:35:40.000000000,100087,260,100078,260,100151,356,100009,256,100163,256,100000,256,100171,100,99997,100,100613,100,99996,100,100876,100,99982,100,100936,100,99980,100,101003,100,99976,100,101124,100,99960,100,,,99952,100
2019-06-28 09:35:50.000000000,100087,194,100078,194,100151,294,100009,194,100163,194,100000,194,100171,194,99997,194,100613,194,99996,194,100876,100,99982,100,100936,100,99980,100,101003,100,99976,100,101124,100,99960,100,,,99952,100
2019-06-28 09:36:00.000000000,100087,572,100078,572,100151,200,100009,100,100163,100,100000,100,100171,100,99997,100,100613,100,99996,100,100876,100,99982,100,100936,100,99980,100,101003,100,99976,100,101124,100,99960,100,,,99952,100
2019-06-28 09:36:10.000000000,100087,336,100078,336,100151,436,100009,336,100163,100,100000,100,100171,100,99997,100,100613,100,99996,100,100876,100,99982,100,100936,100,99980,100,101003,100,99976,100,101124,100,99960,100,,,99952,100
2019-06-28 09:36:15.604341401,100087,336,100078,336,100151,436,100009,336,100163,100,100000,100,100171,100,99997,100,100613,100,99996,100,100876,100,99982,100,100921,100,99980,100,100936,100,99976,100,101124,100,99960,100,,,99952,100
2019-06-28 09:36:20.000000000,100087,218,100078,218,100151,318,100009,218,100163,218,100000,218,100171,218,99997,218,100613,100,99996,100,100876,100,99982,100,100921,100,99980,100,100936,100,99976,100,101124,100,99960,100,,,99952,100
2019-06-28 09:36:27.259188961,100087,118,100078,218,100151,318,100009,218,100163,218,100000,218,100171,218,99997,218,100613,100,99996,100,100876,100,99982,100,100921,100,99980,100,100936,100,99976,100,101124,100,99960,100,,,99952,100
2019-06-28 09:36:30.000000000,100151,436,100078,336,100163,336,100009,336,100171,100,100000,100,100613,100,99997,100,100876,100,99996,100,100921,100,99982,100,100936,100,99980,100,101124,100,99976,100,,,99960,100,,,99952,100
2019-06-28 09:36:40.000000000,100151,436,100078,336,100163,336,100009,336,100171,100,100000,100,100613,100,99997,100,100876,100,99996,100,100921,100,99982,100,100936,100,99980,100,101124,100,99976,100,,,99960,100,,,99952,100
2019-06-28 09:36:50.000000000,100151,294,100078,194,100163,194,100009,194,100171,194,100000,194,100613,194,99997,194,100876,194,99996,194,100921,100,99982,100,100936,100,99980,100,101124,100,99976,100,,,99960,100,,,99952,100
2019-06-28 09:37:00.000000000,100151,672,100078,572,100163,100,100009,100,100171,100,100000,100,100613,100,99997,100,100876,100,99996,100,100921,100,99982,100,100936,100,99980,100,101124,100,99976,100,,,99960,100,,,99952,100
2019-06-28 09:37:07.979549302,100151,672,100078,572,100163,100,100009,100,100171,100,100000,100,100457,100,99997,100,100613,100,99996,100,100876,100,99982,100,100921,100,99980,100,100936,100,99976,100,101124,100,99960,100,,,99952,100
2019-06-28 09:37:08.044840987,100151,672,100086,100,100163,100,100078,572,100171,100,100009,100,100457,100,100000,100,100613,100,99997,100,100876,100,99996,100,100921,100,99982,100,100936,100,99980,100,101124,100,99976,100,,,99960,100
2019-06-28 09:37:10.000000000,100151,360,100086,260,100163,256,100078,256,100171,256,100009,256,100457,100,100000,100,100613,100,99997,100,100876,100,99996,100,100921,100,99982,100,100936,100,99980,100,101124,100,99976,100,,,99960,100
2019-06-28 09:37:20.000000000,100151,436,100086,336,100163,336,100078,336,100171,100,100009,100,100457,100,100000,100,100613,100,99997,100,100876,100,99996,100,100921,100,99982,100,100936,100,99980,100,101124,100,99976,100,,,99960,100
2019-06-28 09:37:28.910431300,100151,336,100086,336,100163,336,100078,336,100171,100,100009,100,100457,100,100000,100,100613,100,99997,100,100876,100,99996,100,100921,100,99982,100,100936,100,99980,100,101124,100,99976,100,,,99960,100
2019-06-28 09:37:30.000000000,100151,218,100086,218,100163,218,100078,218,100171,218,100009,218,100457,218,100000,218,100613,100,99997,100,100876,100,99996,100,100921,100,99982,100,100936,100,99980,100,101124,100,99976,100,,,99960,100
2019-06-28 09:37:35.445718228,100151,218,100086,218,100163,218,100078,218,100171,218,100009,218,100457,218,100000,218,100613,100,99997,100,100876,100,99996,100,100919,100,99982,100,100921,100,99976,100,100936,100,99960,100,101124,100,99952,100
2019-06-28 09:37:40.000000000,100151,218,100086,218,100163,218,100078,218,100171,218,100009,218,100457,218,100000,218,100613,100,99997,100,100876,100,99996,100,100919,100,99982,100,100921,100,99976,100,100936,100,99960,100,101124,100,99952,100
2019-06-28 09:37:42.019165734,100151,118,100086,218,100163,218,100078,218,100171,218,100009,218,100457,218,100000,218,100613,100,99996,100,100876,100,99982,100,100919,100,99976,100,100921,100,99960,100,100936,100,99952,100,101124,100,99951,100
2019-06-28 09:37:50.000000000,100163,218,100086,218,100171,218,100078,218,100457,218,100009,218,100613,218,100000,218,100876,100,99996,100,100919,100,99982,100,100921,100,99976,100,100936,100,99960,100,101124,100,99952,100,,,99951,100
2019-06-28 09:37:50.071997436,100163,118,100086,218,100171,218,100078,218,100457,218,100009,218,100613,218,100000,218,100876,100,99996,100,100919,100,99982,100,100921,100,99976,100,100936,100,99960,100,101124,100,99952,100,,,99951,100
2019-06-28 09:37:51.423200490,100163,18,100086,218,100171,218,100078,218,100457,218,100009,218,100613,218,100000,218,100876,100,99996,100,100919,100,99982,100,100921,100,99976,100,100936,100,99960,100,101124,100,99952,100,,,99951,100
2019-06-28 09:37:52.356091641,100171,218,100163,82,100457,218,100086,218,100613,218,100078,218,100876,100,100009,218,100919,100,100000,218,100921,100,99996,100,100936,100,99982,100,101124,100,99976,100,,,99960,100,,,99952,100
2019-06-28 09:37:59.548593263,100171,118,100163,82,100457,218,100086,218,100613,218,100078,218,100876,100,100009,218,100919,100,100000,218,100921,100,99996,100,100936,100,99982,100,101124,100,99976,100,,,99960,100,,,99952,100
2019-06-28 09:38:00.000000000,100457,194,100163,176,100613,194,100086,194,100876,194,100078,194,100919,194,100009,194,100921,194,100000,194,100936,100,99996,100,101124,100,99982,100,,,99976,100,,,99960,100,,,99952,100
2019-06-28 09:38:01.855650361,100457,194,100163,176,100613,194,100086,194,100876,194,100078,194,100919,194,100009,194,100921,194,100000,194,100936,100,99996,100,101003,100,99982,100,101124,100,99976,100,,,99960,100,,,99952,100
2019-06-28 09:38:10.000000000,100457,194,100163,176,100613,194,100086,194,100876,194,100078,194,100919,194,100009,194,100921,194,100000,194,100936,100,99996,100,101003,100,99982,100,101124,100,99976,100,,,99960,100,,,99952,100
2019-06-28 09:38:20.000000000,100457,572,100163,554,100613,100,100086,100,100876,100,100078,100,100919,100,100009,100,100921,100,100000,100,100936,100,99996,100,101003,100,99982,100,101124,100,99976,100,,,99960,100,,,99952,100
2019-06-28 09:38:21.656567752,100457,572,100163,554,100613,100,100086,100,100710,100,100078,100,100876,100,100009,100,100919,100,100000,100,100921,100,99996,100,100936,100,99982,100,101003,100,99976,100,101124,100,99960,100,,,99952,100
2019-06-28 09:38:25.034596484,100457,472,100163,554,100613,100,100086,100,100876,100,100078,100,100919,100,100009,100,100921,100,100000,100,100936,100,99996,100,101003,100,99982,100,101124,100,99976,100,,,99960,100,,,99952,100
2019-06-28 09:38:30.000000000,100613,336,100163,318,100876,336,100086,336,100919,100,100078,100,100921,100,100009,100,100936,100,100000,100,101003,100,99996,100,101124,100,99982,100,,,99976,100,,,99960,100,,,99952,100
2019-06-28 09:38:38.647753997,100613,336,100519,100,100876,336,100163,318,100919,100,100086,336,100921,100,100078,100,100936,100,100009,100,101003,100,100000,100,101124,100,99996,100,,,99982,100,,,99976,100,,,99960,100
2019-06-28 09:38:40.000000000,100613,572,100519,572,100876,100,100163,82,100919,100,100086,100,100921,100,100078,100,100936,100,100009,100,101003,100,100000,100,101124,100,99996,100,,,99982,100,,,99976,100,,,99960,100
2019-06-28 09:38:50.000000000,100613,260,100519,260,100876,256,100163,238,100919,256,100086,256,100921,100,100078,100,100936,100,100009,100,101003,100,100000,100,101124,100,99996,100,,,99982,100,,,99976,100,,,99960,100
2019-06-28 09:39:00.000000000,100613,336,100519,336,100876,336,100163,318,100919,100,100086,100,100921,100,100078,100,100936,100,100009,100,101003,100,100000,100,101124,100,99996,100,,,99982,100,,,99976,100,,,99960,100
2019-06-28 09:39:07.606110587,100613,336,100519,336,100876,336,100390,100,100919,100,100163,318,100921,100,100086,100,100936,100,100078,100,101003,100,100009,100,101124,100,100000,100,,,99996,100,,,99982,100,,,99976,100
2019-06-28 09:39:08.306175587,100613,336,100519,336,100876,336,100390,100,100919,100,100171,100,100921,100,100163,318,100936,100,100086,100,101003,100,100078,100,101124,100,100009,100,,,100000,100,,,99996,100,,,99982,100
2019-06-28 09:39:10.000000000,100613,260,100519,260,100876,256,100390,256,100919,256,100171,256,100921,100,100163,82,100936,100,100086,100,101003,100,100078,100,101124,100,100009,100,,,100000,100,,,99996,100,,,99982,100
2019-06-28 09:39:14.538845853,100613,260,100519,160,100876,256,100390,256,100919,256,100171,256,100921,100,100163,82,100936,100,100086,100,101003,100,100078,100,101124,100,100009,100,,,100000,100,,,99996,100,,,99982,100
2019-06-28 09:39:20.000000000,100613,218,100390,218,100876,218,100171,218,100919,218,100163,200,100921,218,100086,218,100936,100,100078,100,101003,100,100009,100,101124,100,100000,100,,,99996,100,,,99982,100,,,99976,100
2019-06-28 09:39:30.000000000,100613,218,100390,218,100876,218,100171,218,100919,218,100163,200,100921,218,100086,218,100936,100,100078,100,101003,100,100009,100,101124,100,100000,100,,,99996,100,,,99982,100,,,99976,100
2019-06-28 09:39:37.423455757,100613,218,100520,100,100876,218,100390,218,100919,218,100171,218,100921,218,100163,118,100936,100,100086,218,101003,100,100078,100,101124,100,100009,100,,,100000,100,,,99996,100,,,99982,100
2019-06-28 09:39:38.647506428,100613,218,100520,100,100635,100,100390,218,100876,218,100171,218,100919,218,100163,118,100921,218,100086,218,100936,100,100078,100,101003,100,100009,100,101124,100,100000,100,,,99996,100,,,99976,100
2019-06-28 09:39:40.000000000,100613,260,100520,260,100635,256,100390,256,100876,256,100171,256,100919,100,100086,100,100921,100,100078,100,100936,100,100009,100,101003,100,100000,100,101124,100,99996,100,,,99976,100,,,99960,100
2019-06-28 09:39:46.562629743,100613,260,100520,260,100633,100,100390,256,100635,256,100171,256,100876,256,100086,100,100919,100,100078,100,100921,100,100009,100,101003,100,100000,100,101124,100,99996,100,,,99976,100,,,99960,100
2019-06-28 09:39:50.000000000,100613,260,100520,260,100633,256,100390,256,100635,256,100171,256,100876,100,100086,100,100919,100,100078,100,100921,100,100009,100,101003,100,100000,100,101124,100,99996,100,,,99976,100,,,99960,100
2019-06-28 09:40:00.000000000,100613,260,100520,260,100633,256,100390,256,100635,256,100171,256,100876,100,100086,100,100919,100,100078,100,100921,100,100009,100,101003,100,100000,100,101124,100,99996,100,,,99976,100,,,99960,100
2019-06-28 09:40:01.216713106,100613,260,100520,260,100633,256,100390,256,100635,256,100171,256,100810,100,100086,100,100876,100,100078,100,100919,100,100009,100,101003,100,100000,100,101124,100,99996,100,,,99976,100,,,99960,100
2019-06-28 09:40:10.000000000,100613,218,100520,218,100633,218,100390,218,100635,218,100171,218,100810,218,100086,218,100876,100,100078,100,100919,100,100009,100,101003,100,100000,100,101124,100,99996,100,,,99976,100,,,99960,100
2019-06-28 09:40:20.000000000,100613,336,100520,336,100633,336,100390,336,100635,100,100171,100,100810,100,100086,100,100876,100,100078,100,100919,100,100009,100,101003,100,100000,100,101124,100,99996,100,,,99976,100,,,99960,100
2019-06-28 09:40:30.000000000,100613,260,100520,260,100633,256,100390,256,100635,256,100171,256,100810,100,100086,100,100876,100,100078,100,100919,100,100009,100,101003,100,100000,100,101124,100,99996,100,,,99976,100,,,99960,100
2019-06-28 09:40:36.704248805,100613,260,100520,360,100633,256,100390,256,100635,256,100171,256,100810,100,100086,100,100876,100,100078,100,100919,100,100009,100,101003,100,100000,100,101124,100,99996,100,,,99976,100,,,99960,100
2019-06-28 09:40:40.000000000,100613,572,100520,672,100633,100,100390,100,100635,100,100171,100,100810,100,100086,100,100876,100,100078,100,100919,100,100009,100,101003,100,100000,100,101124,100,99996,100,,,99976,100,,,99960,100
2019-06-28 09:40:50.000000000,100613,572,100520,672,100633,100,100390,100,100635,100,100171,100,100810,100,100086,100,100876,100,100078,100,100919,100,100009,100,101003,100,100000,100,101124,100,99996,100,,,99976,100,,,99960,100
2019-06-28 09:41:00.000000000,100613,218,100520,318,100633,218,100390,218,100635,218,100171,218,100810,218,100086,218,100876,100,100078,100,100919,100,100009,100,101003,100,100000,100,101124,100,99996,100,,,99976,100,,,99960,100
2019-06-28 09:41:00.521351865,100613,218,100520,318,100633,218,100390,218,100635,218,100171,218,100810,218,100086,218,100876,100,100078,100,100919,100,100009,100,100928,100,100000,100,101003,100,99996,100,101124,100,99976,100,,,99960,100
2019-06-28 09:41:10.000000000,100613,572,100520,672,100633,100,100390,100,100635,100,100171,100,100810,100,100086,100,100876,100,100078,100,100919,100,100009,100,100928,100,100000,100,101003,100,99996,100,101124,100,99976,100,,,99960,100
2019-06-28 09:41:16.784528276,100613,572,100520,672,100633,100,100390,100,100635,100,100171,100,100810,100,100086,100,100876,100,100078,100,100919,100,100009,100,100928,100,100000,100,100954,100,99996,100,101003,100,99976,100,101124,100,99960,100
2019-06-28 09:41:20.000000000,100613,260,100520,360,100633,256,100390,256,100635,256,100171,256,100810,100,100086,100,100876,100,100078,100,100919,100,100009,100,100928,100,100000,100,100954,100,99996,100,101003,100,99976,100,101124,100,99960,100
2019-06-28 09:41:30.000000000,100613,218,100520,318,100633,218,100390,218,100635,218,100171,218,100810,218,100086,218,100876,100,100078,100,100919,100,100009,100,100928,100,100000,100,100954,100,99996,100,101003,100,99976,100,101124,100,99960,100
2019-06-28 09:41:30.866232464,100613,218,100520,318,100633,218,100390,218,100635,218,100171,218,100810,218,100086,218,100876,100,100078,100,100919,100,100009,100,100928,100,100000,100,100954,100,99996,100,101003,100,99976,100,101124,100,99960,100
2019-06-28 09:41:40.000000000,100613,572,100520,672,100633,100,100390,100,100635,100,100171,100,100810,100,100086,100,100876,100,100078,100,100919,100,100009,100,100928,100,100000,100,100954,100,99996,100,101003,100,99976,100,101124,100,99960,100
2019-06-28 09:41:43.072179093,100613,472,100520,672,100633,100,100390,100,100810,100,100171,100,100876,100,100086,100,100919,100,100078,100,100928,100,100009,100,100954,100,100000,100,101003,100,99996,100,101124,100,99976,100,101312,100,99960,100
2019-06-28 09:41:50.000000000,100633,260,100520,360,100810,256,100390,256,100876,256,100171,256,100919,100,100086,100,100928,100,100078,100,100954,100,100009,100,101003,100,100000,100,101124,100,99996,100,101312,100,99976,100,,,99960,100
2019-06-28 09:41:54.570841596,100633,160,100520,360,100810,256,100390,256,100876,256,100171,256,100919,100,100086,100,100928,100,100078,100,100954,100,100009,100,101003,100,100000,100,101124,100,99996,100,101312,100,99976,100,,,99960,100
2019-06-28 09:42:00.000000000,100810,218,100520,318,100876,218,100390,218,100919,218,100171,218,100928,218,100086,218,100954,100,100078,100,101003,100,100009,100,101124,100,100000,100,101312,100,99996,100,,,99976,100,,,99960,100
2019-06-28 09:42:10.000000000,100810,572,100520,672,100876,100,100390,100,100919,100,100171,100,100928,100,100086,100,100954,100,100078,100,101003,100,100009,100,101124,100,100000,100,101312,100,99996,100,,,99976,100,,,99960,100
2019-06-28 09:42:20.000000000,100810,194,100520,294,100876,194,100390,194,100919,194,100171,194,100928,194,100086,194,100954,194,100078,194,101003,100,100009,100,101124,100,100000,100,101312,100,99996,100,,,99976,100,,,99960,100
2019-06-28 09:42:30.000000000,100810,260,100520,360,100876,256,100390,256,100919,256,100171,256,100928,100,100086,100,100954,100,100078,100,101003,100,100009,100,101124,100,100000,100,101312,100,99996,100,,,99976,100,,,99960,100
2019-06-28 09:42:31.905628332,100810,260,100613,100,100876,256,100520,360,100919,256,100390,256,100928,100,100171,256,100954,100,100086,100,101003,100,100078,100,101124,100,100009,100,101312,100,100000,100,,,99996,100,,,99976,100
2019-06-28 09:42:40.000000000,100810,194,100613,194,100876,194,100520,294,100919,194,100390,194,100928,194,100171,194,100954,194,100086,194,101003,100,100078,100,101124,100,100009,100,101312,100,100000,100,,,99996,100,,,99976,100
2019-06-28 09:42:50.000000000,100810,336,100613,336,100876,336,100520,436,100919,100,100390,100,100928,100,100171,100,100954,100,100086,100,101003,100,100078,100,101124,100,100009,100,101312,100,100000,100,,,99996,100,,,99976,100
2019-06-28 09:42:59.677591004,100810,336,100613,336,100876,336,100520,436,100919,100,100390,100,100928,100,100171,100,100954,100,100086,100,101087,100,100078,100,101124,100,100009,100,101312,100,100000,100,,,99996,100,,,99976,100
2019-06-28 09:43:00.000000000,100810,218,100613,218,100876,218,100520,318,100919,218,100390,218,100928,218,100171,218,100954,100,100086,100,101087,100,100078,100,101124,100,100009,100,101312,100,100000,100,,,99996,100,,,99976,100
2019-06-28 09:43:10.000000000,100810,194,100613,194,100876,194,100520,294,100919,194,100390,194,100928,194,100171,194,100954,194,100086,194,101087,100,100078,100,101124,100,100009,100,101312,100,100000,100,,,99996,100,,,99976,100
2019-06-28 09:43:16.257840541,100810,194,100613,194,100876,194,100520,294,100919,194,100390,194,100928,194,100171,194,100954,194,100086,194,100959,100,100078,100,101087,100,100009,100,101124,100,100000,100,101312,100,99996,100,,,99976,100
2019-06-28 09:43:20.000000000,100810,260,100613,260,100876,256,100520,356,100919,256,100390,256,100928,100,100171,100,100954,100,100086,100,100959,100,100078,100,101087,100,100009,100,101124,100,100000,100,101312,100,99996,100,,,99976,100
2019-06-28 09:43:30.000000000,100810,218,100613,218,100876,218,100520,318,100919,218,100390,218,100928,218,100171,218,100954,100,100086,100,100959,100,100078,100,101087,100,100009,100,101124,100,100000,100,101312,100,99996,100,,,99976,100
2019-06-28 09:43:40.000000000,100810,260,100613,260,100876,256,100520,356,100919,256,100390,256,100928,100,100171,100,100954,100,100086,100,100959,100,100078,100,101087,100,100009,100,101124,100,100000,100,101312,100,99996,100,,,99976,100
2019-06-28 09:43:50.000000000,100810,572,100613,572,100876,100,100520,200,100919,100,100390,100,100928,100,100171,100,100954,100,100086,100,100959,100,100078,100,101087,100,100009,100,101124,100,100000,100,101312,100,99996,100,,,99976,100
2019-06-28 09:43:50.521409863,100810,572,100613,472,100876,100,100520,200,100919,100,100390,100,100928,100,100171,100,100954,100,100086,100,100959,100,100078,100,101087,100,100009,100,101124,100,100000,100,101312,100,99996,100,,,99976,100
2019-06-28 09:44:00.000000000,100810,218,100520,318,100876,218,100390,218,100919,218,100171,218,100928,218,100086,218,100954,100,100078,100,100959,100,100009,100,101087,100,100000,100,101124,100,99996,100,101312,100,99976,100,,,99960,100
2019-06-28 09:44:10.000000000,100810,218,100520,318,100876,218,100390,218,100919,218,100171,218,100928,218,100086,218,100954,100,100078,100,100959,100,100009,100,101087,100,100000,100,101124,100,99996,100,101312,100,99976,100,,,99960,100
2019-06-28 09:44:20.000000000,100810,218,100520,318,100876,218,100390,218,100919,218,100171,218,100928,218,100086,218,100954,100,100078,100,100959,100,100009,100,101087,100,100000,100,101124,100,99996,100,101312,100,99976,100,,,99960,100
2019-06-28 09:44:30.000000000,100810,260,100520,360,100876,256,100390,256,100919,256,100171,256,100928,100,100086,100,100954,100,100078,100,100959,100,100009,100,101087,100,100000,100,101124,100,99996,100,101312,100,99976,100,,,99960,100
2019-06-28 09:44:33.243118256,100810,260,100520,260,100876,256,100390,256,100919,256,100171,256,100928,100,100086,100,100954,100,100078,100,100959,100,100009,100,101087,100,99996,100,101124,100,99976,100,101312,100,99960,100,,,99952,100
2019-06-28 09:44:39.126514006,100810,260,100520,260,100876,256,100390,256,100919,256,100171,256,100928,100,100086,100,100954,100,100078,100,100959,100,100009,100,101087,100,99996,100,101124,100,99976,100,101312,100,99960,100,,,99952,100
2019-06-28 09:44:39.691350192,100810,260,100520,160,100876,256,100390,256,100919,256,100171,256,100928,100,100086,100,100954,100,100078,100,100959,100,100009,100,101087,100,99996,100,101124,100,99976,100,101312,100,99960,100,,,99952,100
2019-06-28 09:44:40.000000000,100810,260,100390,260,100876,256,100171,256,100919,256,100086,256,100928,100,100078,100,100954,100,100009,100,100959,100,99996,100,101087,100,99976,100,101124,100,99960,100,101312,100,99952,100,,,99928,100
2019-06-28 09:44:44.382946331,100520,100,100390,260,100810,260,100171,256,100876,256,100086,256,100919,256,100078,100,100928,100,100009,100,100954,100,99996,100,100959,100,99976,100,101087,100,99960,100,101124,100,99952,100,101312,100,99928,100
2019-06-28 09:44:50.000000000,100520,194,100390,194,100810,194,100171,194,100876,194,100086,194,100919,194,100078,194,100928,194,100009,194,100954,100,99996,100,100959,100,99976,100,101087,100,99960,100,101124,100,99952,100,101312,100,99928,100
2019-06-28 09:45:00.000000000,100520,572,100390,572,100810,100,100171,100,100876,100,100086,100,100919,100,100078,100,100928,100,100009,100,100954,100,99996,100,100959,100,99976,100,101087,100,99960,100,101124,100,99952,100,101312,100,99928,100
2019-06-28 09:45:10.000000000,100520,218,100390,218,100810,218,100171,218,100876,218,100086,218,100919,218,100078,218,100928,100,100009,100,100954,100,99996,100,100959,100,99976,100,101087,100,99960,100,101124,100,99952,100,101312,100,99928,100
2019-06-28 09:45:20.000000000,100520,336,100390,336,100810,336,100171,336,100876,100,100086,100,100919,100,100078,100,100928,100,100009,100,100954,100,99996,100,100959,100,99976,100,101087,100,99960,100,101124,100,99952,100,101312,100,99928,100
2019-06-28 09:45:30.000000000,100520,260,100390,260,100810,256,100171,256,100876,256,100086,256,100919,100,100078,100,100928,100,100009,100,100954,100,99996,100,100959,100,99976,100,101087,100,99960,100,101124,100,99952,100,101312,100,99928,100
2019-06-28 09:45:33.384447362,100520,360,100390,260,100810,256,100171,256,100876,256,100086,256,100919,100,100078,100,100928,100,100009,100,100954,100,99996,100,100959,100,99976,100,101087,100,99960,100,101124,100,99952,100,101312,100,99928,100
2019-06-28 09:45:40.000000000,100520,294,100390,194,100810,194,100171,194,100876,194,100086,194,100919,194,100078,194,100928,194,100009,194,100954,100,99996,100,100959,100,99976,100,101087,100,99960,100,101124,100,99952,100,101312,100,99928,100
2019-06-28 09:45:40.079705818,100520,294,100390,194,100810,194,100171,194,100876,194,100086,194,100919,194,100078,194,100928,194,100009,194,100954,100,99996,100,100959,100,99976,100,101087,100,99960,100,101124,100,99952,100,101312,100,99928,100
2019-06-28 09:45:50.000000000,100520,360,100390,260,100810,256,100171,256,100876,256,100086,256,100919,100,100078,100,100928,100,100009,100,100954,100,99996,100,100959,100,99976,100,101087,100,99960,100,101124,100,99952,100,101312,100,99928,100
2019-06-28 09:46:00.000000000,100520,360,100390,260,100810,256,100171,256,100876,256,100086,256,100919,100,100078,100,100928,100,100009,100,100954,100,99996,100,100959,100,99976,100,101087,100,99960,100,101124,100,99952,100,101312,100,99928,100
2019-06-28 09:46:08.514514124,100520,460,100390,260,100810,256,100171,256,100876,256,100086,156,100919,100,100078,100,100928,100,100009,100,100954,100,99996,100,100959,100,99976,100,101087,100,99960,100,101124,100,99952,100,101312,100,99928,100
2019-06-28 09:46:10.000000000,100520,460,100390,260,100810,256,100171,256,100876,256,100078,256,100919,100,100009,100,100928,100,99996,100,100954,100,99976,100,100959,100,99960,100,101087,100,99952,100,101124,100,99928,100,101312,100,99915,100
2019-06-28 09:46:13.700233563,100520,460,100390,160,100810,256,100171,256,100876,256,100078,256,100919,100,100009,100,100928,100,99996,100,100954,100,99976,100,100959,100,99960,100,101087,100,99952,100,101124,100,99928,100,101312,100,99915,100
2019-06-28 09:46:20.000000000,100520,418,100171,218,100810,218,100078,218,100876,218,100009,218,100919,218,99996,218,100928,100,99976,100,100954,100,99960,100,100959,100,99952,100,101087,100,99928,100,101124,100,99915,100,101312,100,99914,100
2019-06-28 09:46:23.561981973,100520,418,100171,118,100810,218,100078,218,100876,218,100009,218,100919,218,99996,218,100928,100,99976,100,100954,100,99960,100,100959,100,99952,100,101087,100,99928,100,101124,100,99915,100,101312,100,99914,100
2019-06-28 09:46:30.000000000,100520,394,100078,194,100810,194,100009,194,100876,194,99996,194,100919,194,99976,194,100928,194,99960,194,100954,100,99952,100,100959,100,99928,100,101087,100,99915,100,101124,100,99914,100,101312,100,99905,100
2019-06-28 09:46:40.000000000,100520,460,100078,260,100810,256,100009,256,100876,256,99996,256,100919,100,99976,100,100928,100,99960,100,100954,100,99952,100,100959,100,99928,100,101087,100,99915,100,101124,100,99914,100,101312,100,99905,100
2019-06-28 09:46:50.000000000,100520,460,100078,260,100810,256,100009,256,100876,256,99996,256,100919,100,99976,100,100928,100,99960,100,100954,100,99952,100,100959,100,99928,100,101087,100,99915,100,101124,100,99914,100,101312,100,99905,100
2019-06-28 09:47:00.000000000,100520,460,100078,260,100810,256,100009,256,100876,256,99996,256,100919,100,99976,100,100928,100,99960,100,100954,100,99952,100,100959,100,99928,100,101087,100,99915,100,101124,100,99914,100,101312,100,99905,100
2019-06-28 09:47:10.000000000,100520,772,100078,572,100810,100,100009,100,100876,100,99996,100,100919,100,99976,100,100928,100,99960,100,100954,100,99952,100,100959,100,99928,100,101087,100,99915,100,101124,100,99914,100,101312,100,99905,100
2019-06-28 09:47:20.000000000,100520,772,100078,572,100810,100,100009,100,100876,100,99996,100,100919,100,99976,100,100928,100,99960,100,100954,100,99952,100,100959,100,99928,100,101087,100,99915,100,101124,100,99914,100,101312,100,99905,100
2019-06-28 09:47:24.031819514,100520,772,100078,572,100810,100,99996,100,100876,100,99976,100,100919,100,99960,100,100928,100,99952,100,100954,100,99928,100,100959,100,99915,100,101087,100,99914,100,101124,100,99905,100,101312,100,99891,100
2019-06-28 09:47:30.000000000,100520,536,100078,336,100810,336,99996,336,100876,100,99976,100,100919,100,99960,100,100928,100,99952,100,100954,100,99928,100,100959,100,99915,100,101087,100,99914,100,101124,100,99905,100,101312,100,99891,100
2019-06-28 09:47:40.000000000,100520,772,100078,572,100810,100,99996,100,100876,100,99976,100,100919,100,99960,100,100928,100,99952,100,100954,100,99928,100,100959,100,99915,100,101087,100,99914,100,101124,100,99905,100,101312,100,99891,100
2019-06-28 09:47:45.356599160,100520,772,100078,572,100810,100,99996,100,100876,100,99976,100,100919,100,99960,100,100928,100,99952,100,100954,100,99928,100,100959,100,99915,100,101087,100,99914,100,101124,100,99905,100,101312,100,99891,100
2019-06-28 09:47:46.969582516,100520,772,100078,572,100810,100,99996,100,100876,100,99976,100,100919,100,99960,100,100928,100,99952,100,100954,100,99928,100,100959,100,99915,100,101087,100,99914,100,101124,100,99905,100,101312,100,99891,100
2019-06-28 09:47:50.000000000,100520,460,100078,260,100810,256,99996,256,100876,256,99976,256,100919,100,99960,100,100928,100,99952,100,100954,100,99928,100,100959,100,99915,100,101087,100,99914,100,101124,100,99905,100,101312,100,99891,100
2019-06-28 09:48:00.000000000,100520,536,100078,336,100810,336,99996,336,100876,100,99976,100,100919,100,99960,100,100928,100,99952,100,100954,100,99928,100,100959,100,99915,100,101087,100,99914,100,101124,100,99905,100,101312,100,99891,100
2019-06-28 09:48:03.920503040,100520,536,100078,336,100810,236,99996,336,100876,100,99976,100,100919,100,99960,100,100928,100,99952,100,100954,100,99928,100,100959,100,99915,100,101087,100,99914,100,101124,100,99905,100,101312,100,99891,100
2019-06-28 09:48:10.000000000,100520,536,100078,336,100876,336,99996,336,100919,100,99976,100,100928,100,99960,100,100954,100,99952,100,100959,100,99928,100,101087,100,99915,100,101124,100,99914,100,101312,100,99905,100,,,99891,100
2019-06-28 09:48:20.000000000,100520,536,100078,336,100876,336,99996,336,100919,100,99976,100,100928,100,99960,100,100954,100,99952,100,100959,100,99928,100,101087,100,99915,100,101124,100,99914,100,101312,100,99905,100,,,99891,100
2019-06-28 09:48:23.823504945,100520,536,100078,336,100876,336,99996,336,100919,100,99976,100,100928,100,99960,100,100954,100,99952,100,100959,100,99928,100,101087,100,99915,100,101124,100,99914,100,101312,100,99905,100,,,99891,100
2019-06-28 09:48:30.000000000,100520,772,100078,572,100876,100,99996,100,100919,100,99976,100,100928,100,99960,100,100954,100,99952,100,100959,100,99928,100,101087,100,99915,100,101124,100,99914,100,101312,100,99905,100,,,99891,100
2019-06-28 09:48:40.000000000,100520,460,100078,260,100876,256,99996,256,100919,256,99976,256,100928,100,99960,100,100954,100,99952,100,100959,100,99928,100,101087,100,99915,100,101124,100,99914,100,101312,100,99905,100,,,99891,100
2019-06-28 09:48:48.324527117,100520,460,100078,160,100876,256,99996,256,100919,256,99976,256,100928,100,99960,100,100954,100,99952,100,100959,100,99928,100,101087,100,99915,100,101124,100,99914,100,101312,100,99905,100,,,99891,100
2019-06-28 09:48:50.000000000,100520,460,99996,260,100876,256,99976,256,100919,256,99960,256,100928,100,99952,100,100954,100,99928,100,100959,100,99915,100,101087,100,99914,100,101124,100,99905,100,101312,100,99891,100,,,99858,100
2019-06-28 09:49:00.000000000,100520,394,99996,194,100876,194,99976,194,100919,194,99960,194,100928,194,99952,194,100954,194,99928,194,100959,100,99915,100,101087,100,99914,100,101124,100,99905,100,101312,100,99891,100,,,99858,100
2019-06-28 09:49:06.802076380,100520,394,99996,94,100876,194,99976,194,100919,194,99960,194,100928,194,99952,194,100954,194,99928,194,100959,100,99915,100,101087,100,99914,100,101124,100,99905,100,101312,100,99891,100,,,99858,100
2019-06-28 09:49:10.000000000,100520,536,99976,336,100876,336,99960,336,100919,100,99952,100,100928,100,99928,100,100954,100,99915,100,100959,100,99914,100,101087,100,99905,100,101124,100,99891,100,101312,100,99858,100,,,99798,100
2019-06-28 09:49:20.000000000,100520,394,99976,194,100876,194,99960,194,100919,194,99952,194,100928,194,99928,194,100954,194,99915,194,100959,100,99914,100,101087,100,99905,100,101124,100,99891,100,101312,100,99858,100,,,99798,100
2019-06-28 09:49:20.194916347,100520,394,99976,194,100876,194,99960,194,100919,194,99952,194,100928,194,99928,194,100954,194,99915,194,100959,100,99914,100,101087,100,99905,100,101124,100,99891,100,101312,100,99858,100,,,99798,100
2019-06-28 09:49:22.422568150,100520,394,99976,94,100876,194,99960,194,100919,194,99952,194,100928,194,99928,194,100954,194,99915,194,100959,100,99914,100,101087,100,99905,100,101124,100,99891,100,101312,100,99858,100,,,99798,100
2019-06-28 09:49:30.000000000,100520,394,99960,194,100876,194,99952,194,100919,194,99928,194,100928,194,99915,194,100954,194,99914,194,100959,100,99905,100,101087,100,99891,100,101124,100,99858,100,101312,100,99798,100,,,98834,100
2019-06-28 09:49:32.404946908,100520,394,99960,94,100876,194,99952,194,100919,194,99928,194,100928,194,99915,194,100954,194,99914,194,100959,100,99905,100,101087,100,99891,100,101124,100,99858,100,101312,100,99798,100,,,98834,100
2019-06-28 09:49:40.000000000,100520,418,99952,218,100876,218,99928,218,100919,218,99915,218,100928,218,99914,218,100954,100,99905,100,100959,100,99891,100,101087,100,99858,100,101124,100,99798,100,101312,100,98834,100,,,98725,100
2019-06-28 09:49:50.000000000,100520,460,99952,260,100876,256,99928,256,100919,256,99915,256,100928,100,99914,100,100954,100,99905,100,100959,100,99891,100,101087,100,99858,100,101124,100,99798,100,101312,100,98834,100,,,98725,100
2019-06-28 09:50:00.000000000,100520,418,99952,218,100876,218,99928,218,100919,218,99915,218,100928,218,99914,218,100954,100,99905,100,100959,100,99891,100,101087,100,99858,100,101124,100,99798,100,101312,100,98834,100,,,98725,100
2019-06-28 09:50:01.783137550,100520,318,99952,218,100876,218,99928,218,100919,218,99915,218,100928,218,99914,218,100954,100,99905,100,100959,100,99891,100,101087,100,99858,100,101124,100,99798,100,101312,100,98834,100,,,98725,100
2019-06-28 09:50:10.000000000,100520,436,99952,336,100876,336,99928,336,100919,100,99915,100,100928,100,99914,100,100954,100,99905,100,100959,100,99891,100,101087,100,99858,100,101124,100,99798,100,101312,100,98834,100,,,98725,100
2019-06-28 09:50:15.890774745,100520,436,99952,236,100876,336,99928,336,100919,100,99915,100,100928,100,99914,100,100954,100,99905,100,100959,100,99891,100,101087,100,99858,100,101124,100,99798,100,101312,100,98834,100,,,98725,100
2019-06-28 09:50:20.000000000,100520,294,99928,194,100876,194,99915,194,100919,194,99914,194,100928,194,99905,194,100954,194,99891,194,100959,100,99858,100,101087,100,99798,100,101124,100,98834,100,101312,100,98725,100,,,98712,100
2019-06-28 09:50:22.285077675,100520,294,99928,94,100876,194,99915,194,100919,194,99914,194,100928,194,99905,194,100954,194,99891,194,100959,100,99858,100,101087,100,99798,100,101124,100,98834,100,101312,100,98725,100,,,98712,100
2019-06-28 09:50:30.000000000,100520,672,99915,572,100876,100,99914,100,100919,100,99905,100,100928,100,99891,100,100954,100,99858,100,100959,100,99798,100,101087,100,98834,100,101124,100,98725,100,101312,100,98712,100,,,98706,100
2019-06-28 09:50:40.000000000,100520,294,99915,194,100876,194,99914,194,100919,194,99905,194,100928,194,99891,194,100954,194,99858,194,100959,100,99798,100,101087,100,98834,100,101124,100,98725,100,101312,100,98712,100,,,98706,100
2019-06-28 09:50:50.000000000,100520,294,99915,194,100876,194,99914,194,100919,194,99905,194,100928,194,99891,194,100954,194,99858,194,100959,100,99798,100,101087,100,98834,100,101124,100,98725,100,101312,100,98712,100,,,98706,100
2019-06-28 09:50:54.239489015,99952,100,99915,194,100520,294,99914,194,100876,194,99905,194,100919,194,99891,194,100928,194,99858,194,100954,194,99798,100,100959,100,98834,100,101087,100,98725,100,101124,100,98712,100,101312,100,98706,100
2019-06-28 09:51:00.000000000,99952,336,99915,336,100520,436,99914,336,100876,100,99905,100,100919,100,99891,100,100928,100,99858,100,100954,100,99798,100,100959,100,98834,100,101087,100,98725,100,101124,100,98712,100,101312,100,98706,100
2019-06-28 09:51:10.000000000,99952,194,99915,194,100520,294,99914,194,100876,194,99905,194,100919,194,99891,194,100928,194,99858,194,100954,100,99798,100,100959,100,98834,100,101087,100,98725,100,101124,100,98712,100,101312,100,98706,100
2019-06-28 09:51:20.000000000,99952,194,99915,194,100520,294,99914,194,100876,194,99905,194,100919,194,99891,194,100928,194,99858,194,100954,100,99798,100,100959,100,98834,100,101087,100,98725,100,101124,100,98712,100,101312,100,98706,100
2019-06-28 09:51:28.064465949,99952,194,99915,194,99983,100,99914,194,100520,294,99905,194,100876,194,99891,194,100919,194,99858,194,100928,194,99798,100,100954,100,98834,100,100959,100,98725,100,101087,100,98712,100,101124,100,98706,100
2019-06-28 09:51:30.000000000,99952,260,99915,260,99983,256,99914,256,100520,356,99905,256,100876,100,99891,100,100919,100,99858,100,100928,100,99798,100,100954,100,98834,100,100959,100,98725,100,101087,100,98712,100,101124,100,98706,100
2019-06-28 09:51:37.967005900,99952,260,99915,260,99983,256,99914,256,100520,356,99905,256,100876,100,99891,100,100919,100,99858,100,100928,100,99798,100,100954,100,99516,100,100959,100,98834,100,101087,100,98725,100,101124,100,98712,100
2019-06-28 09:51:40.000000000,99952,336,99915,336,99983,336,99914,336,100520,200,99905,100,100876,100,99891,100,100919,100,99858,100,100928,100,99798,100,100954,100,99516,100,100959,100,98834,100,101087,100,98725,100,101124,100,98712,100
2019-06-28 09:51:46.882521426,99952,336,99915,336,99983,336,99914,336,100520,200,99905,100,100876,100,99891,100,100919,100,99858,100,100928,100,99798,100,100954,100,99516,100,100959,100,99313,100,101087,100,98834,100,101124,100,98725,100
2019-06-28 09:51:50.000000000,99952,260,99915,260,99983,256,99914,256,100520,356,99905,256,100876,100,99891,100,100919,100,99858,100,100928,100,99798,100,100954,100,99516,100,100959,100,99313,100,101087,100,98834,100,101124,100,98725,100
2019-06-28 09:51:50.036734086,99952,360,99915,260,99983,256,99914,256,100520,356,99905,256,100876,100,99891,100,100919,100,99858,100,100928,100,99798,100,100954,100,99516,100,100959,100,99313,100,101087,100,98834,100,101124,100,98725,100
2019-06-28 09:51:50.115304926,99952,360,99915,260,99983,256,99914,256,100520,356,99905,256,100876,100,99891,100,100919,100,99858,100,100928,100,99798,100,100954,100,99516,100,100959,100,99498,100,101087,100,99313,100,101124,100,98834,100
2019-06-28 09:51:54.078121253,99952,360,99915,60,99983,256,99914,256,100520,356,99905,256,100876,100,99891,100,100919,100,99858,100,100928,100,99798,100,100954,100,99516,100,100959,100,99498,100,101087,100,99313,100,101124,100,98834,100
2019-06-28 09:52:00.000000000,99952,672,99914,572,99983,100,99905,100,100520,200,99891,100,100876,100,99858,100,100919,100,99798,100,100928,100,99516,100,100954,100,99498,100,100959,100,99313,100,101087,100,98834,100,101124,100,98725,100
2019-06-28 09:52:10.000000000,99952,294,99914,194,99983,194,99905,194,100520,294,99891,194,100876,194,99858,194,100919,194,99798,194,100928,100,99516,100,100954,100,99498,100,100959,100,99313,100,101087,100,98834,100,101124,100,98725,100
2019-06-28 09:52:20.000000000,99952,672,99914,572,99983,100,99905,100,100520,200,99891,100,100876,100,99858,100,100919,100,99798,100,100928,100,99516,100,100954,100,99498,100,100959,100,99313,100,101087,100,98834,100,101124,100,98725,100
2019-06-28 09:52:20.035598400,99952,672,99914,472,99983,100,99905,100,100520,200,99891,100,100876,100,99858,100,100919,100,99798,100,100928,100,99516,100,100954,100,99498,100,100959,100,99313,100,101087,100,98834,100,101124,100,98725,100
2019-06-28 09:52:30.000000000,99952,672,99905,572,99983,100,99891,100,100520,200,99858,100,100876,100,99798,100,100919,100,99516,100,100928,100,99498,100,100954,100,99313,100,100959,100,98834,100,101087,100,98725,100,101124,100,98712,100
2019-06-28 09:52:40.000000000,99952,318,99905,218,99983,218,99891,218,100520,318,99858,218,100876,218,99798,218,100919,100,99516,100,100928,100,99498,100,100954,100,99313,100,100959,100,98834,100,101087,100,98725,100,101124,100,98712,100
2019-06-28 09:52:50.000000000,99952,318,99905,218,99983,218,99891,218,100520,318,99858,218,100876,218,99798,218,100919,100,99516,100,100928,100,99498,100,100954,100,99313,100,100959,100,98834,100,101087,100,98725,100,101124,100,98712,100
2019-06-28 09:52:56.700209667,99952,318,99905,218,99983,218,99891,218,100125,100,99858,218,100520,318,99798,218,100876,218,99516,100,100919,100,99498,100,100928,100,99313,100,100954,100,98834,100,100959,100,98725,100,101087,100,98712,100
2019-06-28 09:53:00.000000000,99952,318,99905,218,99983,218,99891,218,100125,218,99858,218,100520,318,99798,218,100876,100,99516,100,100919,100,99498,100,100928,100,99313,100,100954,100,98834,100,100959,100,98725,100,101087,100,98712,100
2019-06-28 09:53:03.303112924,99952,318,99905,218,99983,218,99891,218,100125,218,99858,218,100187,100,99798,218,100520,318,99516,100,100876,100,99498,100,100919,100,99313,100,100928,100,98834,100,100954,100,98725,100,100959,100,98712,100
2019-06-28 09:53:10.000000000,99952,436,99905,336,99983,336,99891,336,100125,100,99858,100,100187,100,99798,100,100520,200,99516,100,100876,100,99498,100,100919,100,99313,100,100928,100,98834,100,100954,100,98725,100,100959,100,98712,100
2019-06-28 09:53:20.000000000,99952,294,99905,194,99983,194,99891,194,100125,194,99858,194,100187,194,99798,194,100520,294,99516,194,100876,100,99498,100,100919,100,99313,100,100928,100,98834,100,100954,100,98725,100,100959,100,98712,100
2019-06-28 09:53:21.278374474,99952,294,99905,194,99983,194,99891,194,100125,194,99884,100,100187,194,99858,194,100520,294,99798,194,100876,100,99516,194,100919,100,99498,100,100928,100,99313,100,100954,100,98834,100,100959,100,98725,100
2019-06-28 09:53:27.625730622,99952,294,99905,194,99983,194,99891,194,100125,194,99884,100,100187,194,99866,100,100520,294,99858,194,100876,100,99798,194,100928,100,99516,194,100954,100,99498,100,100959,100,99313,100,101087,100,98834,100
2019-06-28 09:53:30.000000000,99952,672,99905,572,99983,100,99891,100,100125,100,99884,100,100187,100,99866,100,100520,200,99858,100,100876,100,99798,100,100928,100,99516,100,100954,100,99498,100,100959,100,99313,100,101087,100,98834,100
2019-06-28 09:53:40.000000000,99952,318,99905,218,99983,218,99891,218,100125,218,99884,218,100187,218,99866,218,100520,200,99858,100,100876,100,99798,100,100928,100,99516,100,100954,100,99498,100,100959,100,99313,100,101087,100,98834,100
2019-06-28 09:53:42.432720040,99952,318,99905,218,99983,218,99891,218,100125,218,99884,218,100187,218,99866,218,100363,100,99858,100,100520,200,99798,100,100876,100,99516,100,100928,100,99498,100,100954,100,99313,100,100959,100,98834,100
2019-06-28 09:53:50.000000000,99952,318,99905,218,99983,218,99891,218,100125,218,99884,218,100187,218,99866,218,100363,100,99858,100,100520,200,99798,100,100876,100,99516,100,100928,100,99498,100,100954,100,99313,100,100959,100,98834,100
2019-06-28 09:54:00.000000000,99952,318,99905,218,99983,218,99891,218,100125,218,99884,218,100187,218,99866,218,100363,100,99858,100,100520,200,99798,100,100876,100,99516,100,100928,100,99498,100,100954,100,99313,100,100959,100,98834,100
2019-06-28 09:54:04.724509649,99952,318,99905,218,99983,218,99891,218,100125,218,99884,218,100187,218,99866,218,100205,100,99858,100,100363,100,99798,100,100520,200,99516,100,100876,100,99498,100,100928,100,99313,100,100954,100,98834,100
2019-06-28 09:54:07.637522994,99952,318,99905,218,99983,218,99891,218,100082,100,99884,218,100125,218,99866,218,100187,218,99858,100,100205,100,99798,100,100363,100,99516,100,100520,200,99498,100,100876,100,99313,100,100928,100,98834,100
2019-06-28 09:54:09.384501060,99952,218,99905,218,99983,218,99891,218,100082,100,99884,218,100125,218,99866,218,100187,218,99858,100,100205,100,99798,100,100363,100,99516,100,100520,200,99498,100,100876,100,99313,100,100928,100,98834,100
2019-06-28 09:54:10.000000000,99952,218,99905,218,99983,218,99891,218,100082,218,99884,218,100125,218,99866,218,100187,100,99858,100,100205,100,99798,100,100363,100,99516,100,100520,200,99498,100,100876,100,99313,100,100928,100,98834,100
2019-06-28 09:54:20.000000000,99952,336,99905,336,99983,336,99891,336,100082,100,99884,100,100125,100,99866,100,100187,100,99858,100,100205,100,99798,100,100363,100,99516,100,100520,200,99498,100,100876,100,99313,100,100928,100,98834,100
2019-06-28 09:54:30.000000000,99952,218,99905,218,99983,218,99891,218,100082,218,99884,218,100125,218,99866,218,100187,100,99858,100,100205,100,99798,100,100363,100,99516,100,100520,200,99498,100,100876,100,99313,100,100928,100,98834,100
2019-06-28 09:54:40.000000000,99952,194,99905,194,99983,194,99891,194,100082,194,99884,194,100125,194,99866,194,100187,194,99858,194,100205,100,99798,100,100363,100,99516,100,100520,200,99498,100,100876,100,99313,100,100928,100,98834,100
2019-06-28 09:54:50.000000000,99952,194,99905,194,99983,194,99891,194,100082,194,99884,194,100125,194,99866,194,100187,194,99858,194,100205,100,99798,100,100363,100,99516,100,100520,200,99498,100,100876,100,99313,100,100928,100,98834,100
2019-06-28 09:55:00.000000000,99952,572,99905,572,99983,100,99891,100,100082,100,99884,100,100125,100,99866,100,100187,100,99858,100,100205,100,99798,100,100363,100,99516,100,100520,200,99498,100,100876,100,99313,100,100928,100,98834,100
2019-06-28 09:55:09.539685774,99952,572,99905,572,99983,100,99891,100,100082,100,99884,100,100088,100,99866,100,100125,100,99858,100,100187,100,99798,100,100205,100,99516,100,100363,100,99498,100,100520,200,99313,100,100876,100,98834,100
2019-06-28 09:55:10.000000000,99952,572,99905,572,99983,100,99891,100,100082,100,99884,100,100088,100,99866,100,100125,100,99858,100,100187,100,99798,100,100205,100,99516,100,100363,100,99498,100,100520,200,99313,100,100876,100,98834,100
2019-06-28 09:55:20.000000000,99952,260,99905,260,99983,256,99891,256,100082,256,99884,256,100088,100,99866,100,100125,100,99858,100,100187,100,99798,100,100205,100,99516,100,100363,100,99498,100,100520,200,99313,100,100876,100,98834,100
2019-06-28 09:55:22.546325107,99952,260,99905,160,99983,256,99891,256,100082,256,99884,256,100088,100,99866,100,100125,100,99858,100,100187,100,99822,100,100205,100,99798,100,100363,100,99516,100,100520,200,99498,100,100876,100,99313,100
2019-06-28 09:55:30.000000000,99952,260,99891,260,99983,256,99884,256,100082,256,99866,256,100088,100,99858,100,100125,100,99822,100,100187,100,99798,100,100205,100,99516,100,100363,100,99498,100,100520,200,99313,100,100876,100,98834,100
2019-06-28 09:55:40.000000000,99952,260,99891,260,99983,256,99884,256,100082,256,99866,256,100088,100,99858,100,100125,100,99822,100,100187,100,99798,100,100205,100,99516,100,100363,100,99498,100,100520,200,99313,100,100876,100,98834,100
2019-06-28 09:55:50.000000000,99952,260,99891,260,99983,256,99884,256,100082,256,99866,256,100088,100,99858,100,100125,100,99822,100,100187,100,99798,100,100205,100,99516,100,100363,100,99498,100,100520,200,99313,100,100876,100,98834,100
2019-06-28 09:56:00.000000000,99952,336,99891,336,99983,336,99884,336,100082,100,99866,100,100088,100,99858,100,100125,100,99822,100,100187,100,99798,100,100205,100,99516,100,100363,100,99498,100,100520,200,99313,100,100876,100,98834,100
2019-06-28 09:56:10.000000000,99952,260,99891,260,99983,256,99884,256,100082,256,99866,256,100088,100,99858,100,100125,100,99822,100,100187,100,99798,100,100205,100,99516,100,100363,100,99498,100,100520,200,99313,100,100876,100,98834,100
2019-06-28 09:56:20.000000000,99952,194,99891,194,99983,194,99884,194,100082,194,99866,194,100088,194,99858,194,100125,194,99822,194,100187,100,99798,100,100205,100,99516,100,100363,100,99498,100,100520,200,99313,100,100876,100,98834,100
2019-06-28 09:56:30.000000000,99952,218,99891,218,99983,218,99884,218,100082,218,99866,218,100088,218,99858,218,100125,100,99822,100,100187,100,99798,100,100205,100,99516,100,100363,100,99498,100,100520,200,99313,100,100876,100,98834,100
2019-06-28 09:56:40.000000000,99952,572,99891,572,99983,100,99884,100,100082,100,99866,100,100088,100,99858,100,100125,100,99822,100,100187,100,99798,100,100205,100,99516,100,100363,100,99498,100,100520,200,99313,100,100876,100,98834,100
2019-06-28 09:56:50.000000000,99952,572,99891,572,99983,100,99884,100,100082,100,99866,100,100088,100,99858,100,100125,100,99822,100,100187,100,99798,100,100205,100,99516,100,100363,100,99498,100,100520,200,99313,100,100876,100,98834,100
2019-06-28 09:57:00.000000000,99952,194,99891,194,99983,194,99884,194,100082,194,99866,194,100088,194,99858,194,100125,194,99822,194,100187,100,99798,100,100205,100,99516,100,100363,100,99498,100,100520,200,99313,100,100876,100,98834,100
2019-06-28 09:57:06.506403097,99952,194,99935,100,99983,194,99891,194,100082,194,99884,194,100088,194,99866,194,100125,194,99858,194,100187,100,99822,194,100205,100,99798,100,100363,100,99516,100,100520,200,99498,100,100876,100,99313,100
2019-06-28 09:57:10.000000000,99952,194,99935,194,99983,194,99891,194,100082,194,99884,194,100088,194,99866,194,100125,194,99858,194,100187,100,99822,100,100205,100,99798,100,100363,100,99516,100,100520,200,99498,100,100876,100,99313,100
2019-06-28 09:57:15.926846878,99952,194,99935,94,99983,194,99891,194,100082,194,99884,194,100088,194,99866,194,100125,194,99858,194,100187,100,99822,100,100205,100,99798,100,100363,100,99516,100,100520,200,99498,100,100876,100,99313,100
2019-06-28 09:57:20.000000000,99952,336,99891,336,99983,336,99884,336,100082,100,99866,100,100088,100,99858,100,100125,100,99822,100,100187,100,99798,100,100205,100,99516,100,100363,100,99498,100,100520,200,99313,100,100876,100,98834,100
2019-06-28 09:57:30.000000000,99952,194,99891,194,99983,194,99884,194,100082,194,99866,194,100088,194,99858,194,100125,194,99822,194,100187,100,99798,100,100205,100,99516,100,100363,100,99498,100,100520,200,99313,100,100876,100,98834,100
2019-06-28 09:57:33.470588356,99952,194,99936,100,99983,194,99891,194,100082,194,99884,194,100088,194,99866,194,100125,194,99858,194,100187,100,99822,194,100205,100,99798,100,100363,100,99516,100,100520,200,99498,100,100876,100,99313,100
2019-06-28 09:57:40.000000000,99952,194,99936,194,99983,194,99891,194,100082,194,99884,194,100088,194,99866,194,100125,194,99858,194,100187,100,99822,100,100205,100,99798,100,100363,100,99516,100,100520,200,99498,100,100876,100,99313,100
2019-06-28 09:57:50.000000000,99952,572,99936,572,99983,100,99891,100,100082,100,99884,100,100088,100,99866,100,100125,100,99858,100,100187,100,99822,100,100205,100,99798,100,100363,100,99516,100,100520,200,99498,100,100876,100,99313,100
2019-06-28 09:57:56.543203418,99952,572,99936,572,99983,100,99891,100,100082,100,99884,100,100088,100,99866,100,100125,100,99858,100,100187,100,99822,100,100205,100,99798,100,100363,100,99759,100,100520,200,99516,100,100876,100,99498,100
2019-06-28 09:58:00.000000000,99952,572,99936,572,99983,100,99891,100,100082,100,99884,100,100088,100,99866,100,100125,100,99858,100,100187,100,99822,100,100205,100,99798,100,100363,100,99759,100,100520,200,99516,100,100876,100,99498,100
2019-06-28 09:58:10.000000000,99952,336,99936,336,99983,336,99891,336,100082,100,99884,100,100088,100,99866,100,100125,100,99858,100,100187,100,99822,100,100205,100,99798,100,100363,100,99759,100,100520,200,99516,100,100876,100,99498,100
2019-06-28 09:58:20.000000000,99952,260,99936,260,99983,256,99891,256,100082,256,99884,256,100088,100,99866,100,100125,100,99858,100,100187,100,99822,100,100205,100,99798,100,100363,100,99759,100,100520,200,99516,100,100876,100,99498,100
2019-06-28 09:58:30.000000000,99952,194,99936,194,99983,194,99891,194,100082,194,99884,194,100088,194,99866,194,100125,194,99858,194,100187,100,99822,100,100205,100,99798,100,100363,100,99759,100,100520,200,99516,100,100876,100,99498,100
2019-06-28 09:58:40.000000000,99952,218,99936,218,99983,218,99891,218,100082,218,99884,218,100088,218,99866,218,100125,100,99858,100,100187,100,99822,100,100205,100,99798,100,100363,100,99759,100,100520,200,99516,100,100876,100,99498,100
2019-06-28 09:58:40.899398094,99951,100,99936,218,99952,218,99891,218,99983,218,99884,218,100082,218,99866,218,100088,218,99858,100,100125,100,99822,100,100187,100,99798,100,100205,100,99759,100,100363,100,99516,100,100520,100,99498,100
2019-06-28 09:58:46.242942443,99951,100,99936,118,99952,218,99891,218,99983,218,99884,218,100082,218,99866,218,100088,218,99858,100,100125,100,99822,100,100187,100,99798,100,100205,100,99759,100,100363,100,99516,100,100520,100,99498,100
2019-06-28 09:58:50.000000000,99951,260,99891,260,99952,256,99884,256,99983,256,99866,256,100082,100,99858,100,100088,100,99822,100,100125,100,99798,100,100187,100,99759,100,100205,100,99516,100,100363,100,99498,100,100520,100,99313,100
2019-06-28 09:59:00.000000000,99951,336,99891,336,99952,336,99884,336,99983,100,99866,100,100082,100,99858,100,100088,100,99822,100,100125,100,99798,100,100187,100,99759,100,100205,100,99516,100,100363,100,99498,100,100520,100,99313,100
2019-06-28 09:59:02.232127382,99951,336,99891,236,99952,336,99884,336,99983,100,99866,100,100082,100,99858,100,100088,100,99822,100,100125,100,99798,100,100187,100,99759,100,100205,100,99516,100,100363,100,99498,100,100520,100,99313,100
2019-06-28 09:59:10.000000000,99951,194,99884,194,99952,194,99866,194,99983,194,99858,194,100082,194,99822,194,100088,194,99798,194,100125,100,99759,100,100187,100,99516,100,100205,100,99498,100,100363,100,99313,100,100520,100,98834,100
2019-06-28 09:59:20.000000000,99951,194,99884,194,99952,194,99866,194,99983,194,99858,194,100082,194,99822,194,100088,194,99798,194,100125,100,99759,100,100187,100,99516,100,100205,100,99498,100,100363,100,99313,100,100520,100,98834,100
2019-06-28 09:59:23.415416762,99951,194,99884,94,99952,194,99866,194,99983,194,99858,194,100082,194,99822,194,100088,194,99798,194,100125,100,99759,100,100187,100,99516,100,100205,100,99498,100,100363,100,99313,100,100520,100,98834,100
2019-06-28 09:59:29.386531319,99884,6,99866,194,99951,194,99858,194,99952,194,99822,194,99983,194,99798,194,100082,194,99759,100,100088,194,99516,100,100125,100,99498,100,100187,100,99313,100,100363,100,98834,100,100520,100,98725,100
2019-06-28 09:59:30.000000000,99884,124,99866,218,99951,218,99858,218,99952,218,99822,218,99983,218,99798,218,100082,100,99759,100,100088,100,99516,100,100125,100,99498,100,100187,100,99313,100,100363,100,98834,100,100520,100,98725,100
2019-06-28 09:59:30.194409432,99884,124,99866,118,99951,218,99858,218,99952,218,99822,218,99983,218,99798,218,100082,100,99759,100,100088,100,99516,100,100125,100,99498,100,100363,100,99313,100,100520,100,98834,100,100876,100,98725,100
2019-06-28 09:59:40.000000000,99884,478,99858,572,99951,100,99822,100,99952,100,99798,100,99983,100,99759,100,100082,100,99516,100,100088,100,99498,100,100125,100,99313,100,100363,100,98834,100,100520,100,98725,100,100876,100,98616,100
2019-06-28 09:59:40.705684516,99884,478,99858,572,99951,100,99822,100,99952,100,99798,100,99983,100,99759,100,100082,100,99646,100,100088,100,99516,100,100125,100,99498,100,100363,100,99313,100,100520,100,98834,100,100928,100,98725,100
2019-06-28 09:59:50.000000000,99884,100,99858,194,99951,194,99822,194,99952,194,99798,194,99983,194,99759,194,100082,194,99646,194,100088,100,99516,100,100125,100,99498,100,100363,100,99313,100,100520,100,98834,100,100928,100,98725,100
2019-06-28 10:00:00.000000000,99884,242,99858,336,99951,336,99822,336,99952,100,99798,100,99983,100,99759,100,100082,100,99646,100,100088,100,99516,100,100125,100,99498,100,100363,100,99313,100,100520,100,98834,100,100928,100,98725,100
2019-06-28 10:00:03.517748123,99884,242,99858,336,99951,336,99822,336,99952,100,99798,100,99953,100,99759,100,99983,100,99646,100,100082,100,99516,100,100088,100,99498,100,100125,100,99313,100,100363,100,98834,100,100520,100,98725,100
2019-06-28 10:00:04.887947704,99884,242,99858,336,99951,336,99822,336,99952,100,99798,100,99953,100,99759,100,99983,100,99650,100,100082,100,99646,100,100088,100,99516,100,100125,100,99498,100,100363,100,99313,100,100520,100,98834,100
2019-06-28 10:00:09.346598844,99883,100,99858,336,99884,242,99822,336,99951,336,99798,100,99952,100,99759,100,99953,100,99650,100,99983,100,99646,100,100082,100,99516,100,100088,100,99498,100,100125,100,99313,100,100363,100,98834,100
2019-06-28 10:00:10.000000000,99883,194,99858,194,99884,100,99822,194,99951,194,99798,194,99952,194,99759,194,99953,194,99650,194,99983,100,99646,100,100082,100,99516,100,100088,100,99498,100,100125,100,99313,100,100363,100,98834,100
2019-06-28 10:00:20.000000000,99883,218,99858,218,99884,124,99822,218,99951,218,99798,218,99952,218,99759,218,99953,100,99650,100,99983,100,99646,100,100082,100,99516,100,100088,100,99498,100,100125,100,99313,100,100363,100,98834,100
2019-06-28 10:00:21.547389308,99883,218,99858,118,99884,124,99822,218,99951,218,99798,218,99952,218,99759,218,99953,100,99650,100,99983,100,99646,100,100082,100,99516,100,100088,100,99498,100,100125,100,99313,100,100363,100,98834,100
2019-06-28 10:00:30.000000000,99883,194,99822,194,99884,100,99798,194,99951,194,99759,194,99952,194,99650,194,99953,194,99646,194,99983,100,99516,100,100082,100,99498,100,100088,100,99313,100,100125,100,98834,100,100363,100,98725,100
2019-06-28 10:00:40.000000000,99883,572,99822,572,99884,6,99798,100,99951,100,99759,100,99952,100,99650,100,99953,100,99646,100,99983,100,99516,100,100082,100,99498,100,100088,100,99313,100,100125,100,98834,100,100363,100,98725,100
2019-06-28 10:00:50.000000000,99883,260,99822,260,99884,162,99798,256,99951,256,99759,256,99952,100,99650,100,99953,100,99646,100,99983,100,99516,100,100082,100,99498,100,100088,100,99313,100,100125,100,98834,100,100363,100,98725,100
2019-06-28 10:01:00.000000000,99883,194,99822,194,99884,100,99798,194,99951,194,99759,194,99952,194,99650,194,99953,194,99646,194,99983,100,99516,100,100082,100,99498,100,100088,100,99313,100,100125,100,98834,100,100363,100,98725,100
2019-06-28 10:01:10.000000000,99883,218,99822,218,99884,124,99798,218,99951,218,99759,218,99952,218,99650,218,99953,100,99646,100,99983,100,99516,100,100082,100,99498,100,100088,100,99313,100,100125,100,98834,100,100363,100,98725,100
2019-06-28 10:01:20.000000000,99883,572,99822,572,99884,6,99798,100,99951,100,99759,100,99952,100,99650,100,99953,100,99646,100,99983,100,99516,100,100082,100,99498,100,100088,100,99313,100,100125,100,98834,100,100363,100,98725,100
2019-06-28 10:01:30.000000000,99883,336,99822,336,99884,242,99798,336,99951,100,99759,100,99952,100,99650,100,99953,100,99646,100,99983,100,99516,100,100082,100,99498,100,100088,100,99313,100,100125,100,98834,100,100363,100,98725,100
2019-06-28 10:01:40.000000000,99883,194,99822,194,99884,100,99798,194,99951,194,99759,194,99952,194,99650,194,99953,194,99646,194,99983,100,99516,100,100082,100,99498,100,100088,100,99313,100,100125,100,98834,100,100363,100,98725,100
2019-06-28 10:01:50.000000000,99883,260,99822,260,99884,162,99798,256,99951,256,99759,256,99952,100,99650,100,99953,100,99646,100,99983,100,99516,100,100082,100,99498,100,100088,100,99313,100,100125,100,98834,100,100363,100,98725,100
2019-06-28 10:02:00.000000000,99883,336,99822,336,99884,242,99798,336,99951,100,99759,100,99952,100,99650,100,99953,100,99646,100,99983,100,99516,100,100082,100,99498,100,100088,100,99313,100,100125,100,98834,100,100363,100,98725,100
2019-06-28 10:02:10.000000000,99883,218,99822,218,99884,124,99798,218,99951,218,99759,218,99952,218,99650,218,99953,100,99646,100,99983,100,99516,100,100082,100,99498,100,100088,100,99313,100,100125,100,98834,100,100363,100,98725,100
2019-06-28 10:02:20.000000000,99883,194,99822,194,99884,100,99798,194,99951,194,99759,194,99952,194,99650,194,99953,194,99646,194,99983,100,99516,100,100082,100,99498,100,100088,100,99313,100,100125,100,98834,100,100363,100,98725,100
2019-06-28 10:02:30.000000000,99883,572,99822,572,99884,6,99798,100,99951,100,99759,100,99952,100,99650,100,99953,100,99646,100,99983,100,99516,100,100082,100,99498,100,100088,100,99313,100,100125,100,98834,100,100363,100,98725,100
2019-06-28 10:02:40.000000000,99883,260,99822,260,99884,162,99798,256,99951,256,99759,256,99952,100,99650,100,99953,100,99646,100,99983,100,99516,100,100082,100,99498,100,100088,100,99313,100,100125,100,98834,100,100363,100,98725,100
2019-06-28 10:02:40.527168303,99883,260,99867,100,99884,162,99822,260,99951,256,99798,256,99952,100,99759,256,99953,100,99650,100,99983,100,99646,100,100082,100,99516,100,100088,100,99498,100,100125,100,99313,100,100363,100,98834,100
2019-06-28 10:02:50.000000000,99883,194,99867,194,99884,100,99822,194,99951,194,99798,194,99952,194,99759,194,99953,194,99650,194,99983,100,99646,100,100082,100,99516,100,100088,100,99498,100,100125,100,99313,100,100363,100,98834,100
2019-06-28 10:02:56.321745488,99883,94,99867,194,99884,100,99822,194,99951,194,99798,194,99952,194,99759,194,99953,194,99650,194,99983,100,99646,100,100082,100,99516,100,100088,100,99498,100,100125,100,99313,100,100363,100,98834,100
2019-06-28 10:03:00.000000000,99884,166,99867,260,99951,256,99822,256,99952,256,99798,256,99953,100,99759,100,99983,100,99650,100,100082,100,99646,100,100088,100,99516,100,100125,100,99498,100,100363,100,99313,100,100520,100,98834,100
2019-06-28 10:03:06.799600082,99884,166,99868,100,99951,156,99867,260,99952,256,99822,256,99953,100,99798,256,99983,100,99759,100,100082,100,99650,100,100088,100,99646,100,100125,100,99516,100,100363,100,99498,100,100520,100,99313,100
2019-06-28 10:03:10.000000000,99884,124,99868,218,99952,218,99867,218,99953,218,99822,218,99983,218,99798,218,100082,100,99759,100,100088,100,99650,100,100125,100,99646,100,100363,100,99516,100,100520,100,99498,100,100954,100,99313,100
2019-06-28 10:03:20.000000000,99884,100,99868,194,99952,194,99867,194,99953,194,99822,194,99983,194,99798,194,100082,194,99759,194,100088,100,99650,100,100125,100,99646,100,100363,100,99516,100,100520,100,99498,100,100954,100,99313,100
2019-06-28 10:03:21.189023634,99884,100,99868,294,99952,194,99867,194,99953,194,99822,194,99983,194,99798,194,100082,194,99759,194,100088,100,99650,100,100125,100,99646,100,100363,100,99516,100,100520,100,99498,100,100954,100,99313,100
2019-06-28 10:03:24.974267788,99952,194,99868,294,99953,194,99867,194,99983,194,99822,194,100082,194,99798,194,100088,100,99759,194,100125,100,99650,100,100363,100,99646,100,100520,100,99516,100,100954,100,99498,100,100959,100,99313,100
2019-06-28 10:03:30.000000000,99952,572,99868,672,99953,100,99867,100,99983,100,99822,100,100082,100,99798,100,100088,100,99759,100,100125,100,99650,100,100363,100,99646,100,100520,100,99516,100,100954,100,99498,100,100959,100,99313,100
2019-06-28 10:03:40.000000000,99952,194,99868,294,99953,194,99867,194,99983,194,99822,194,100082,194,99798,194,100088,194,99759,194,100125,100,99650,100,100363,100,99646,100,100520,100,99516,100,100954,100,99498,100,100959,100,99313,100
2019-06-28 10:03:50.000000000,99952,572,99868,672,99953,100,99867,100,99983,100,99822,100,100082,100,99798,100,100088,100,99759,100,100125,100,99650,100,100363,100,99646,100,100520,100,99516,100,100954,100,99498,100,100959,100,99313,100
2019-06-28 10:04:00.000000000,99952,218,99868,318,99953,218,99867,218,99983,218,99822,218,100082,218,99798,218,100088,100,99759,100,100125,100,99650,100,100363,100,99646,100,100520,100,99516,100,100954,100,99498,100,100959,100,99313,100
2019-06-28 10:04:10.000000000,99952,218,99868,318,99953,218,99867,218,99983,218,99822,218,100082,218,99798,218,100088,100,99759,100,100125,100,99650,100,100363,100,99646,100,100520,100,99516,100,100954,100,99498,100,100959,100,99313,100
2019-06-28 10:04:15.634938272,99952,218,99868,318,99953,218,99867,218,99983,218,99822,218,100082,218,99798,218,100088,100,99759,100,100125,100,99650,100,100363,100,99646,100,100520,100,99516,100,100954,100,99498,100,100959,100,99313,100
2019-06-28 10:04:17.304678026,99952,118,99868,318,99953,218,99867,218,99983,218,99822,218,100082,218,99798,218,100088,100,99759,100,100125,100,99650,100,100363,100,99646,100,100520,100,99516,100,100954,100,99498,100,100959,100,99313,100
2019-06-28 10:04:20.000000000,99953,218,99868,318,99983,218,99867,218,100082,218,99822,218,100088,218,99798,218,100125,100,99759,100,100363,100,99650,100,100520,100,99646,100,100954,100,99516,100,100959,100,99498,100,101124,100,99313,100
2019-06-28 10:04:27.670749943,99953,218,99868,318,99983,218,99867,218,100082,218,99822,218,100088,218,99798,218,100125,100,99759,100,100363,100,99650,100,100520,100,99646,100,100954,100,99516,100,100959,100,99498,100,101124,100,99313,100
2019-06-28 10:04:28.239789437,99953,218,99868,318,99983,118,99867,218,100082,218,99822,218,100088,218,99798,218,100125,100,99759,100,100363,100,99650,100,100520,100,99646,100,100954,100,99516,100,100959,100,99498,100,101124,100,99313,100
2019-06-28 10:04:30.000000000,99953,218,99868,318,100082,218,99867,218,100088,218,99822,218,100125,218,99798,218,100363,100,99759,100,100520,100,99650,100,100954,100,99646,100,100959,100,99516,100,101124,100,99498,100,101337,100,99313,100
2019-06-28 10:04:40.000000000,99953,218,99868,318,100082,218,99867,218,100088,218,99822,218,100125,218,99798,218,100363,100,99759,100,100520,100,99650,100,100954,100,99646,100,100959,100,99516,100,101124,100,99498,100,101337,100,99313,100
2019-06-28 10:04:42.530270812,99953,218,99868,318,100082,218,99867,218,100088,218,99822,218,100125,218,99798,218,100363,100,99759,100,100520,100,99650,100,100954,100,99646,100,100959,100,99498,100,101124,100,99313,100,101337,100,98834,100
2019-06-28 10:04:50.000000000,99953,572,99868,672,100082,100,99867,100,100088,100,99822,100,100125,100,99798,100,100363,100,99759,100,100520,100,99650,100,100954,100,99646,100,100959,100,99498,100,101124,100,99313,100,101337,100,98834,100
2019-06-28 10:05:00.000000000,99953,336,99868,436,100082,336,99867,336,100088,100,99822,100,100125,100,99798,100,100363,100,99759,100,100520,100,99650,100,100954,100,99646,100,100959,100,99498,100,101124,100,99313,100,101337,100,98834,100
2019-06-28 10:05:09.600050307,99953,236,99868,436,100082,336,99867,336,100088,100,99822,100,100125,100,99798,100,100363,100,99759,100,100520,100,99650,100,100954,100,99646,100,100959,100,99498,100,101124,100,99313,100,101337,100,98834,100
2019-06-28 10:05:10.000000000,100082,336,99868,436,100088,336,99867,336,100125,100,99822,100,100363,100,99798,100,100520,100,99759,100,100954,100,99650,100,100959,100,99646,100,101124,100,99498,100,101337,100,99313,100,101368,100,98834,100
2019-06-28 10:05:15.444465015,100082,236,99868,436,100088,336,99867,336,100125,100,99822,100,100363,100,99798,100,100520,100,99759,100,100954,100,99650,100,100959,100,99646,100,101124,100,99498,100,101368,100,99313,100,101479,100,98834,100
2019-06-28 10:05:20.000000000,100088,260,99868,360,100125,256,99867,256,100363,256,99822,256,100520,100,99798,100,100954,100,99759,100,100959,100,99650,100,101124,100,99646,100,101368,100,99498,100,101479,100,99313,100,101844,100,98834,100
2019-06-28 10:05:30.000000000,100088,336,99868,436,100125,336,99867,336,100363,100,99822,100,100520,100,99798,100,100954,100,99759,100,100959,100,99650,100,101124,100,99646,100,101368,100,99498,100,101479,100,99313,100,101844,100,98834,100
2019-06-28 10:05:34.874201757,100088,336,99868,436,100125,336,99867,336,100520,100,99822,100,100883,100,99798,100,100954,100,99759,100,100959,100,99650,100,101124,100,99646,100,101368,100,99498,100,101479,100,99313,100,101844,100,98834,100
2019-06-28 10:05:40.000000000,100088,194,99868,294,100125,194,99867,194,100520,194,99822,194,100883,194,99798,194,100954,194,99759,194,100959,100,99650,100,101124,100,99646,100,101368,100,99498,100,101479,100,99313,100,101844,100,98834,100
2019-06-28 10:05:45.122406825,100088,94,99868,294,100125,194,99867,194,100520,194,99822,194,100883,194,99798,194,100954,194,99759,194,100959,100,99650,100,101124,100,99646,100,101368,100,99498,100,101479,100,99313,100,101844,100,98834,100
2019-06-28 10:05:50.000000000,100125,572,99868,672,100520,100,99867,100,100883,100,99822,100,100954,100,99798,100,100959,100,99759,100,101124,100,99650,100,101368,100,99646,100,101479,100,99498,100,101844,100,99313,100,,,98834,100
2019-06-28 10:06:00.000000000,100125,336,99868,436,100520,336,99867,336,100883,100,99822,100,100954,100,99798,100,100959,100,99759,100,101124,100,99650,100,101368,100,99646,100,101479,100,99498,100,101844,100,99313,100,,,98834,100
2019-06-28 10:06:03.532235176,100125,336,100082,100,100520,336,99868,436,100883,100,99867,336,100954,100,99822,100,100959,100,99798,100,101124,100,99759,100,101368,100,99650,100,101479,100,99646,100,101844,100,99498,100,,,99313,100
2019-06-28 10:06:10.000000000,100125,218,100082,218,100520,218,99868,318,100883,218,99867,218,100954,218,99822,218,100959,100,99798,100,101124,100,99759,100,101368,100,99650,100,101479,100,99646,100,101844,100,99498,100,,,99313,100
2019-06-28 10:06:20.000000000,100125,572,100082,572,100520,100,99868,200,100883,100,99867,100,100954,100,99822,100,100959,100,99798,100,101124,100,99759,100,101368,100,99650,100,101479,100,99646,100,101844,100,99498,100,,,99313,100
2019-06-28 10:06:30.000000000,100125,260,100082,260,100520,256,99868,356,100883,256,99867,256,100954,100,99822,100,100959,100,99798,100,101124,100,99759,100,101368,100,99650,100,101479,100,99646,100,101844,100,99498,100,,,99313,100
2019-06-28 10:06:40.000000000,100125,194,100082,194,100520,194,99868,294,100883,194,99867,194,100954,194,99822,194,100959,194,99798,194,101124,100,99759,100,101368,100,99650,100,101479,100,99646,100,101844,100,99498,100,,,99313,100
2019-06-28 10:06:50.000000000,100125,218,100082,218,100520,218,99868,318,100883,218,99867,218,100954,218,99822,218,100959,100,99798,100,101124,100,99759,100,101368,100,99650,100,101479,100,99646,100,101844,100,99498,100,,,99313,100
2019-06-28 10:07:00.000000000,100125,336,100082,336,100520,336,99868,436,100883,100,99867,100,100954,100,99822,100,100959,100,99798,100,101124,100,99759,100,101368,100,99650,100,101479,100,99646,100,101844,100,99498,100,,,99313,100
2019-06-28 10:07:06.213269824,100125,336,100082,236,100520,336,99868,436,100883,100,99867,100,100954,100,99822,100,100959,100,99798,100,101124,100,99759,100,101368,100,99650,100,101479,100,99646,100,101844,100,99498,100,,,99313,100
2019-06-28 10:07:10.000000000,100125,336,99868,436,100520,336,99867,336,100883,100,99822,100,100954,100,99798,100,100959,100,99759,100,101124,100,99650,100,101368,100,99646,100,101479,100,99498,100,101844,100,99313,100,,,98834,100
2019-06-28 10:07:10.495999695,99870,100,99868,436,100125,336,99867,336,100520,336,99822,100,100883,100,99798,100,100954,100,99759,100,100959,100,99650,100,101124,100,99646,100,101368,100,99498,100,101479,100,99313,100,101844,100,98834,100
2019-06-28 10:07:13.238547522,99870,100,99868,436,100125,336,99867,336,100212,100,99822,100,100520,336,99798,100,100883,100,99759,100,100954,100,99650,100,100959,100,99646,100,101124,100,99498,100,101368,100,98834,100,101479,100,98725,100
2019-06-28 10:07:20.000000000,99870,336,99868,436,100125,336,99867,336,100212,100,99822,100,100520,100,99798,100,100883,100,99759,100,100954,100,99650,100,100959,100,99646,100,101124,100,99498,100,101368,100,98834,100,101479,100,98725,100
2019-06-28 10:07:26.426576993,99870,336,99868,436,100125,336,99867,336,100173,100,99822,100,100212,100,99798,100,100520,100,99759,100,100883,100,99650,100,100954,100,99646,100,100959,100,99498,100,101368,100,98834,100,101479,100,98725,100
2019-06-28 10:07:30.000000000,99870,194,99868,294,100125,194,99867,194,100173,194,99822,194,100212,194,99798,194,100520,194,99759,194,100883,100,99650,100,100954,100,99646,100,100959,100,99498,100,101368,100,98834,100,101479,100,98725,100
2019-06-28 10:07:31.710032459,99870,94,99868,294,100125,194,99867,194,100173,194,99822,194,100212,194,99798,194,100520,194,99759,194,100883,100,99650,100,100954,100,99646,100,100959,100,99498,100,101368,100,98834,100,101844,100,98725,100
2019-06-28 10:07:35.950020237,100125,194,99870,6,100173,194,99868,294,100212,194,99867,194,100520,194,99822,194,100883,100,99798,194,100954,100,99759,194,100959,100,99650,100,101368,100,99498,100,101844,100,98834,100,,,98725,100
2019-06-28 10:07:37.945673835,100125,194,99870,106,100173,194,99868,294,100212,194,99867,194,100520,194,99822,194,100883,100,99798,194,100954,100,99759,194,100959,100,99650,100,101368,100,99498,100,101844,100,98834,100,,,98725,100
2019-06-28 10:07:40.000000000,100125,194,99870,200,100173,194,99868,294,100212,194,99867,194,100520,194,99822,194,100883,194,99798,194,100954,100,99759,100,100959,100,99650,100,101368,100,99498,100,101844,100,98834,100,,,98725,100
2019-06-28 10:07:44.846260030,100125,94,99870,200,100173,194,99868,294,100212,194,99867,194,100520,194,99822,194,100883,194,99798,194,100954,100,99759,100,101368,100,99650,100,101844,100,99498,100,,,98834,100,,,98725,100
2019-06-28 10:07:50.000000000,100173,194,99870,200,100212,194,99868,294,100520,194,99867,194,100883,194,99822,194,100954,194,99798,194,101368,100,99759,100,101844,100,99650,100,,,99498,100,,,98834,100,,,98725,100
2019-06-28 10:08:00.000000000,100173,260,99870,266,100212,256,99868,356,100520,256,99867,256,100883,100,99822,100,100954,100,99798,100,101368,100,99759,100,101844,100,99650,100,,,99498,100,,,98834,100,,,98725,100
2019-06-28 10:08:07.394345473,100173,160,99870,266,100212,256,99868,356,100520,256,99867,256,100883,100,99822,100,100954,100,99798,100,101368,100,99759,100,101844,100,99650,100,,,99498,100,,,98834,100,,,98725,100
2019-06-28 10:08:10.000000000,100212,194,99870,200,100520,194,99868,294,100883,194,99867,194,100954,194,99822,194,101368,194,99798,194,101844,100,99759,100,,,99650,100,,,99498,100,,,98834,100,,,98725,100
2019-06-28 10:08:20.000000000,100212,218,99870,224,100520,218,99868,318,100883,218,99867,218,100954,218,99822,218,101368,100,99798,100,101844,100,99759,100,,,99650,100,,,99498,100,,,98834,100,,,98725,100
2019-06-28 10:08:26.488633717,100212,218,100125,100,100520,218,99870,224,100883,218,99868,318,100954,218,99867,118,101368,100,99822,218,101844,100,99798,100,,,99759,100,,,99650,100,,,99498,100,,,98834,100
2019-06-28 10:08:30.000000000,100212,572,100125,572,100520,100,99870,106,100883,100,99868,200,100954,100,99822,100,101368,100,99798,100,101844,100,99759,100,,,99650,100,,,99498,100,,,98834,100,,,98725,100
2019-06-28 10:08:40.000000000,100212,260,100125,260,100520,256,99870,262,100883,256,99868,356,100954,100,99822,100,101368,100,99798,100,101844,100,99759,100,,,99650,100,,,99498,100,,,98834,100,,,98725,100
2019-06-28 10:08:50.000000000,100212,218,100125,218,100520,218,99870,224,100883,218,99868,318,100954,218,99822,218,101368,100,99798,100,101844,100,99759,100,,,99650,100,,,99498,100,,,98834,100,,,98725,100
2019-06-28 10:08:55.937006700,100212,218,100125,218,100520,218,99870,224,100632,100,99868,318,100883,218,99822,218,100954,218,99798,100,101368,100,99759,100,,,99650,100,,,99498,100,,,98834,100,,,98725,100
2019-06-28 10:09:00.000000000,100212,260,100125,260,100520,256,99870,262,100632,256,99868,356,100883,100,99822,100,100954,100,99798,100,101368,100,99759,100,,,99650,100,,,99498,100,,,98834,100,,,98725,100
2019-06-28 10:09:10.000000000,100212,336,100125,336,100520,336,99870,342,100632,100,99868,200,100883,100,99822,100,100954,100,99798,100,101368,100,99759,100,,,99650,100,,,99498,100,,,98834,100,,,98725,100
2019-06-28 10:09:10.790672764,100212,336,100125,436,100520,336,99870,342,100632,100,99868,200,100883,100,99822,100,100954,100,99798,100,101368,100,99759,100,,,99650,100,,,99498,100,,,98834,100,,,98725,100
2019-06-28 10:09:12.923047202,100212,236,100125,436,100520,336,99870,342,100632,100,99868,200,100883,100,99822,100,100954,100,99798,100,101368,100,99759,100,,,99650,100,,,99498,100,,,98834,100,,,98725,100
2019-06-28 10:09:13.461197923,100212,236,100128,100,100520,336,100125,436,100632,100,99870,342,100883,100,99868,200,100954,100,99822,100,101368,100,99798,100,,,99759,100,,,99650,100,,,99498,100,,,98834,100
2019-06-28 10:09:20.000000000,100520,336,100128,336,100632,336,100125,436,100883,100,99870,106,100954,100,99868,200,101368,100,99822,100,,,99798,100,,,99759,100,,,99650,100,,,99498,100,,,98834,100
2019-06-28 10:09:30.000000000,100520,336,100128,336,100632,336,100125,436,100883,100,99870,106,100954,100,99868,200,101368,100,99822,100,,,99798,100,,,99759,100,,,99650,100,,,99498,100,,,98834,100
2019-06-28 10:09:30.646665406,100172,100,100128,336,100520,336,100125,436,100632,336,99870,106,100883,100,99868,200,100954,100,99822,100,101368,100,99798,100,,,99759,100,,,99650,100,,,99498,100,,,98834,100
2019-06-28 10:09:30.898125760,100172,100,100128,336,100365,100,100125,436,100520,336,99870,106,100632,236,99868,200,100883,100,99822,100,100954,100,99798,100,101368,100,99759,100,,,99650,100,,,99498,100,,,98834,100
2019-06-28 10:09:40.000000000,100172,572,100128,572,100365,100,100125,200,100520,100,99870,106,100883,100,99868,200,100954,100,99822,100,101368,100,99798,100,,,99759,100,,,99650,100,,,99498,100,,,98834,100
2019-06-28 10:09:47.068486390,100172,572,100128,572,100365,100,100125,200,100520,100,99870,106,100883,100,99868,200,100954,100,99822,100,101368,100,99798,100,,,99787,100,,,99759,100,,,99650,100,,,99498,100
2019-06-28 10:09:50.000000000,100172,194,100128,194,100365,194,100125,294,100520,194,99870,200,100883,194,99868,294,100954,194,99822,194,101368,100,99798,100,,,99787,100,,,99759,100,,,99650,100,,,99498,100
2019-06-28 10:10:00.000000000,100172,194,100128,194,100365,194,100125,294,100520,194,99870,200,100883,194,99868,294,100954,194,99822,194,101368,100,99798,100,,,99787,100,,,99759,100,,,99650,100,,,99498,100
2019-06-28 10:10:00.102711738,100172,194,100128,194,100365,194,100125,294,100520,194,99941,100,100883,194,99870,200,100954,194,99868,294,101368,100,99822,194,,,99798,100,,,99787,100,,,99759,100,,,99650,100
2019-06-28 10:10:00.408242225,100172,294,100128,194,100365,194,100125,294,100520,194,99941,100,100883,194,99870,200,100954,194,99868,294,101368,100,99822,194,,,99787,100,,,99759,100,,,99650,100,,,99498,100
2019-06-28 10:10:10.000000000,100172,318,100128,218,100365,218,100125,318,100520,218,99941,218,100883,218,99870,224,100954,100,99868,200,101368,100,99822,100,,,99787,100,,,99759,100,,,99650,100,,,99498,100
2019-06-28 10:10:12.524594374,100172,318,100128,118,100365,218,100125,318,100520,218,99941,218,100883,218,99870,224,100954,100,99868,200,101368,100,99822,100,,,99787,100,,,99759,100,,,99650,100,,,99498,100
2019-06-28 10:10:14.519039571,100172,318,100128,18,100365,218,100125,318,100520,218,99941,218,100883,218,99870,224,100954,100,99868,200,101368,100,99822,100,,,99759,100,,,99650,100,,,99498,100,,,98834,100
2019-06-28 10:10:16.021234884,100172,318,100128,18,100365,218,100125,318,100520,218,99941,218,100883,218,99870,224,100954,100,99868,200,101368,100,99822,100,,,99814,100,,,99759,100,,,99650,100,,,99498,100
2019-06-28 10:10:20.000000000,100172,436,100125,436,100365,336,99941,336,100520,100,99870,106,100883,100,99868,200,100954,100,99822,100,101368,100,99814,100,,,99759,100,,,99650,100,,,99498,100,,,98834,100
