,ask_price_1,ask_size_1,bid_price_1,bid_size_1,ask_price_2,ask_size_2,bid_price_2,bid_size_2,ask_price_3,ask_size_3,bid_price_3,bid_size_3,ask_price_4,ask_size_4,bid_price_4,bid_size_4,ask_price_5,ask_size_5,bid_price_5,bid_size_5,ask_price_6,ask_size_6,bid_price_6,bid_size_6,ask_price_7,ask_size_7,bid_price_7,bid_size_7,ask_price_8,ask_size_8,bid_price_8,bid_size_8,ask_price_9,ask_size_9,bid_price_9,bid_size_9,ask_price_10,ask_size_10,bid_price_10,bid_size_10
2019-06-28 09:30:00.000000000,100012,100,99961,100,100044,100,,,,,,,,,,,,,,,,,,,,,,,,,,,,,,,,,,
2019-06-28 09:30:00.000000001,100044,100,99961,100,,,,,,,,,,,,,,,,,,,,,,,,,,,,,,,,,,,,
2019-06-28 09:30:00.000000002,100044,100,99974,100,,,99961,100,,,99872,100,,,,,,,,,,,,,,,,,,,,,,,,,,,,
2019-06-28 09:30:00.000000003,,,99974,100,,,99961,100,,,99872,100,,,,,,,,,,,,,,,,,,,,,,,,,,,,
2019-06-28 09:30:00.000000006,100057,100,99974,100,,,99961,100,,,99872,100,,,,,,,,,,,,,,,,,,,,,,,,,,,,
2019-06-28 09:30:00.000000007,100044,100,99974,100,100051,100,99961,100,100057,100,99872,100,,,,,,,,,,,,,,,,,,,,,,,,,,,,
2019-06-28 09:30:00.000000008,100003,100,99974,100,100044,100,99961,100,100049,100,99872,100,100051,100,,,100057,100,,,,,,,,,,,,,,,,,,,,,,
2019-06-28 09:30:00.000000011,100003,100,99974,100,100044,100,99961,100,100049,100,99872,100,100051,100,,,100057,100,,,100104,100,,,,,,,,,,,,,,,,,,
2019-06-28 09:30:00.000000014,100003,100,99961,100,100043,100,99872,100,100044,100,,,100049,100,,,100051,100,,,100057,100,,,100100,100,,,100104,100,,,,,,,,,,
2019-06-28 09:30:00.000000016,100003,100,99970,100,100043,100,99961,100,100044,100,99872,100,100049,100,,,100051,100,,,100057,100,,,100100,100,,,100104,100,,,100208,100,,,,,,
2019-06-28 09:30:00.000000017,100003,100,99970,100,100043,100,99965,100,100044,100,99961,100,100049,100,99872,100,100051,100,,,100057,100,,,100100,100,,,100104,100,,,100208,100,,,,,,
2019-06-28 09:30:00.000000019,100003,100,99970,100,100043,100,99965,100,100044,100,99961,100,100049,100,99872,100,100051,100,,,100057,100,,,100077,100,,,100100,100,,,100104,100,,,100208,100,,
2019-06-28 09:30:00.000000020,100003,100,99984,100,100043,100,99970,100,100044,100,99965,100,100049,100,99961,100,100051,100,99922,100,100057,100,99872,100,100077,100,,,100100,100,,,100104,100,,,100208,100,,
2019-06-28 09:30:00.000000021,100003,100,99984,100,100043,100,99974,100,100044,100,99970,100,100049,100,99965,100,100051,100,99961,100,100057,100,99922,100,100077,100,99872,100,100100,100,,,100104,100,,,100208,100,,
2019-06-28 09:30:00.000000022,100003,100,99984,100,100043,200,99974,100,100044,100,99970,100,100049,100,99965,100,100051,100,99961,100,100057,100,99922,100,100077,100,99872,100,100100,100,,,100104,100,,,100208,100,,
2019-06-28 09:30:00.000000027,100003,100,99984,100,100043,200,99974,200,100044,100,99970,100,100049,100,99965,100,100051,100,99961,100,100057,100,99922,100,100077,100,99872,100,100100,100,,,100104,100,,,100208,100,,
2019-06-28 09:30:00.000000028,100003,100,99974,200,100043,200,99970,100,100044,100,99965,100,100049,100,99961,100,100051,100,99922,100,100057,100,99872,100,100077,100,,,100100,100,,,100104,100,,,100208,100,,
2019-06-28 09:30:00.000000030,100003,100,99974,200,100043,200,99970,100,100044,100,99965,100,100049,100,99961,100,100051,100,99922,100,100057,100,99872,100,100077,100,99856,100,100100,100,,,100104,100,,,100208,100,,
2019-06-28 09:30:00.000000031,100043,200,99974,200,100044,100,99970,100,100049,100,99965,100,100051,100,99961,100,100057,100,99922,100,100077,100,99872,100,100100,100,99856,100,100104,100,,,100208,100,,,,,,
2019-06-28 09:30:00.000000034,100043,200,99974,100,100044,100,99970,100,100049,100,99965,100,100051,100,99961,100,100057,100,99922,100,100077,100,99872,100,100100,100,99856,100,100104,100,,,100208,100,,,,,,
2019-06-28 09:30:00.000000035,100043,200,99974,100,100044,100,99970,100,100049,100,99965,100,100051,100,99961,100,100057,100,99922,100,100077,100,99872,100,100086,100,99856,100,100100,100,,,100104,100,,,100208,100,,
2019-06-28 09:30:00.000000038,100043,200,99974,200,100044,100,99970,100,100049,100,99965,100,100051,100,99961,100,100057,100,99922,100,100077,100,99872,100,100086,100,99856,100,100100,100,,,100104,100,,,100208,100,,
2019-06-28 09:30:00.000000040,100043,200,99974,300,100044,100,99970,100,100049,100,99965,100,100051,100,99961,100,100057,100,99922,100,100077,100,99872,100,100086,100,99856,100,100100,100,,,100104,100,,,100208,100,,
2019-06-28 09:30:00.000000043,100043,200,99974,300,100044,100,99970,100,100049,100,99965,100,100051,100,99961,100,100057,100,99922,100,100077,100,99872,100,100086,100,99856,100,100094,100,,,100100,100,,,100104,100,,
2019-06-28 09:30:00.000000045,100043,200,99988,100,100044,100,99974,300,100049,100,99970,100,100051,100,99965,100,100057,100,99961,100,100077,100,99922,100,100086,100,99872,100,100094,100,99856,100,100100,100,,,100104,100,,
2019-06-28 09:30:00.000000050,99997,100,99988,100,100043,200,99974,300,100044,100,99970,100,100049,100,99965,100,100051,100,99961,100,100057,100,99922,100,100077,100,99906,100,100086,100,99872,100,100094,100,99856,100,100100,100,,
2019-06-28 09:30:00.000000052,99997,100,99988,100,100003,100,99974,300,100043,200,99970,100,100044,100,99965,100,100049,100,99961,100,100051,100,99922,100,100052,100,99906,100,100057,100,99872,100,100077,100,99856,100,100086,100,,
2019-06-28 09:30:00.000000054,99997,100,99974,300,100003,100,99970,100,100043,200,99965,100,100044,100,99961,100,100049,100,99922,100,100051,100,99906,100,100052,100,99901,100,100057,100,99872,100,100077,100,99856,100,100086,100,,
2019-06-28 09:30:00.000000056,99997,100,99974,300,100003,100,99971,100,100043,200,99970,100,100044,100,99965,100,100049,100,99961,100,100051,100,99922,100,100052,100,99906,100,100057,100,99901,100,100077,100,99872,100,100086,100,99856,100
2019-06-28 09:30:00.000000059,99997,100,99975,100,100003,100,99974,300,100043,200,99971,100,100044,100,99970,100,100049,100,99965,100,100051,100,99961,100,100052,100,99922,100,100057,100,99906,100,100077,100,99901,100,100086,100,99872,100
2019-06-28 09:30:00.000000060,99997,100,99975,100,100003,100,99974,300,100043,200,99971,100,100044,100,99970,100,100049,100,99965,100,100051,100,99961,100,100052,100,99922,100,100053,100,99906,100,100057,100,99901,100,100077,100,99872,100
2019-06-28 09:30:00.000000062,99997,100,99975,100,100003,100,99974,300,100043,200,99971,100,100044,100,99970,100,100049,100,99965,100,100051,100,99961,100,100052,100,99922,100,100053,100,99906,100,100057,100,99901,100,100077,100,99872,100
2019-06-28 09:30:00.000000066,100003,100,99975,100,100043,200,99974,300,100044,100,99971,100,100049,100,99970,100,100051,100,99965,100,100052,100,99961,100,100053,100,99922,100,100057,100,99906,100,100077,100,99901,100,100086,100,99872,100
2019-06-28 09:30:00.000000069,100043,200,99997,100,100044,100,99975,100,100049,100,99974,300,100051,100,99971,100,100052,100,99970,100,100053,100,99965,100,100057,100,99961,100,100077,100,99922,100,100080,100,99906,100,100086,100,99901,100
2019-06-28 09:30:00.000000070,100003,100,99997,100,100043,200,99975,100,100044,100,99974,300,100049,100,99971,100,100051,100,99970,100,100052,100,99965,100,100053,100,99961,100,100057,100,99922,100,100077,100,99906,100,100080,100,99901,100
2019-06-28 09:30:00.000000071,100003,100,99997,100,100043,200,99975,100,100044,100,99974,300,100049,100,99971,100,100051,100,99970,100,100052,100,99965,100,100053,100,99961,100,100057,100,99922,100,100077,100,99906,100,100080,100,99901,100
2019-06-28 09:30:00.000000074,100043,200,100003,100,100044,100,99997,100,100049,100,99975,100,100051,100,99974,300,100052,100,99971,100,100053,100,99970,100,100057,100,99965,100,100077,100,99961,100,100080,100,99922,100,100086,100,99906,100
2019-06-28 09:30:00.000000076,100043,200,99997,100,100044,100,99975,100,100049,100,99974,300,100051,100,99971,100,100052,100,99970,100,100053,100,99965,100,100057,100,99961,100,100077,100,99922,100,100080,100,99906,100,100086,100,99901,100
2019-06-28 09:30:00.000000077,100043,200,99975,100,100044,100,99974,300,100049,100,99971,100,100051,100,99970,100,100052,100,99965,100,100053,100,99961,100,100057,100,99922,100,100077,100,99906,100,100080,100,99901,100,100086,100,99872,100
2019-06-28 09:30:00.000000080,100043,200,99995,100,100044,100,99975,100,100049,100,99974,300,100051,100,99971,100,100052,100,99970,100,100053,100,99965,100,100057,100,99961,100,100077,100,99922,100,100080,100,99906,100,100086,100,99901,100
2019-06-28 09:30:00.000000084,100043,200,99995,100,100044,100,99975,100,100045,100,99974,300,100049,100,99971,100,100051,100,99970,100,100052,100,99965,100,100053,100,99961,100,100057,100,99926,100,100077,100,99922,100,100080,100,99906,100
2019-06-28 09:30:00.000000086,100043,200,99995,100,100044,100,99975,100,100045,100,99974,300,100049,100,99971,100,100051,100,99970,100,100052,100,99965,100,100053,100,99961,100,100057,100,99926,100,100077,100,99922,100,100080,100,99906,100
2019-06-28 09:30:00.000000090,100043,200,99995,100,100044,100,99975,100,100045,100,99974,300,100049,100,99971,100,100051,100,99970,100,100052,100,99965,100,100053,100,99961,100,100057,100,99958,100,100077,100,99926,100,100080,100,99922,100
2019-06-28 09:30:00.000000091,100043,200,99995,100,100044,100,99975,100,100045,100,99974,300,100049,100,99971,100,100051,100,99970,100,100052,100,99965,100,100053,100,99961,100,100057,100,99958,100,100076,100,99926,100,100077,100,99922,100
2019-06-28 09:30:00.000000092,100043,200,99995,100,100044,100,99975,100,100045,100,99974,300,100049,100,99971,100,100051,100,99970,100,100052,100,99965,100,100053,100,99961,100,100057,100,99958,100,100076,100,99926,100,100077,100,99922,100
2019-06-28 09:30:00.000000093,100043,200,99995,100,100044,100,99986,100,100045,100,99975,100,100049,100,99974,300,100051,100,99971,100,100052,100,99970,100,100053,100,99965,100,100057,100,99961,100,100076,100,99958,100,100077,100,99926,100
2019-06-28 09:30:00.000000095,100043,200,99995,100,100044,100,99986,100,100045,100,99975,100,100049,100,99974,300,100051,100,99971,100,100052,100,99970,100,100053,100,99965,100,100057,100,99961,100,100076,100,99958,100,100077,100,99926,100
2019-06-28 09:30:00.000000096,100041,100,99995,100,100043,200,99986,100,100044,100,99975,100,100045,100,99974,300,100049,100,99971,100,100051,100,99970,100,100052,100,99965,100,100053,100,99961,100,100057,100,99958,100,100076,100,99926,100
2019-06-28 09:30:00.000000097,100041,100,99995,100,100043,200,99986,100,100044,100,99975,100,100045,100,99974,300,100049,100,99971,100,100051,100,99970,100,100052,100,99965,100,100053,100,99961,100,100057,100,99958,100,100076,100,99926,100
2019-06-28 09:30:00.000000098,100041,100,99995,100,100043,200,99986,100,100044,100,99975,100,100045,100,99974,300,100049,100,99971,100,100051,100,99970,100,100052,100,99965,100,100053,100,99961,100,100057,100,99958,100,100076,100,99926,100
2019-06-28 09:30:10.000000000,100041,200,99995,200,100043,300,99986,200,100044,200,99975,200,100045,200,99974,400,100049,100,99971,100,100051,100,99970,100,100052,100,99965,100,100053,100,99961,100,100057,100,99958,100,100076,100,99926,100
2019-06-28 09:30:10.282358897,100041,200,99995,200,100043,300,99986,200,100044,200,99975,200,100045,200,99974,400,100049,100,99971,100,100051,100,99970,100,100052,100,99965,100,100053,100,99961,100,100057,100,99958,100,100076,100,99926,100
2019-06-28 09:30:20.000000000,100041,301,99995,301,100043,401,99986,301,100044,100,99975,100,100045,100,99974,300,100049,100,99971,100,100051,100,99970,100,100052,100,99965,100,100053,100,99961,100,100057,100,99958,100,100076,100,99926,100
2019-06-28 09:30:30.000000000,100041,180,99995,180,100043,280,99986,180,100044,180,99975,180,100045,180,99974,380,100049,180,99971,180,100051,100,99970,100,100052,100,99965,100,100053,100,99961,100,100057,100,99958,100,100076,100,99926,100
2019-06-28 09:30:37.780715934,100041,180,99995,180,100043,280,99986,180,100044,180,99975,180,100045,180,99974,380,100049,180,99971,180,100051,100,99970,100,100052,100,99965,100,100053,100,99961,100,100057,100,99958,100,100076,100,99926,100
2019-06-28 09:30:40.000000000,100041,200,99995,200,100043,300,99986,200,100044,200,99975,200,100045,200,99974,400,100049,100,99971,100,100051,100,99970,100,100052,100,99965,100,100053,100,99961,100,100057,100,99958,100,100076,100,99926,100
2019-06-28 09:30:50.000000000,100041,301,99995,301,100043,401,99986,301,100044,100,99975,100,100045,100,99974,300,100049,100,99971,100,100051,100,99970,100,100052,100,99965,100,100053,100,99961,100,100057,100,99958,100,100076,100,99926,100
2019-06-28 09:31:00.000000000,100041,502,99995,502,100043,200,99986,100,100044,100,99975,100,100045,100,99974,300,100049,100,99971,100,100051,100,99970,100,100052,100,99965,100,100053,100,99961,100,100057,100,99958,100,100076,100,99926,100
2019-06-28 09:31:10.000000000,100041,180,99995,180,100043,280,99986,180,100044,180,99975,180,100045,180,99974,380,100049,180,99971,180,100051,100,99970,100,100052,100,99965,100,100053,100,99961,100,100057,100,99958,100,100076,100,99926,100
2019-06-28 09:31:20.000000000,100041,180,99995,180,100043,280,99986,180,100044,180,99975,180,100045,180,99974,380,100049,180,99971,180,100051,100,99970,100,100052,100,99965,100,100053,100,99961,100,100057,100,99958,100,100076,100,99926,100
2019-06-28 09:31:27.386038288,100041,180,99995,80,100043,280,99986,180,100044,180,99975,180,100045,180,99974,380,100049,180,99971,180,100051,100,99970,100,100052,100,99965,100,100053,100,99961,100,100057,100,99958,100,100076,100,99926,100
2019-06-28 09:31:30.000000000,100041,237,99986,237,100043,333,99975,233,100044,233,99974,433,100045,100,99971,100,100049,100,99970,100,100051,100,99965,100,100052,100,99961,100,100053,100,99958,100,100057,100,99926,100,100076,100,99922,100
2019-06-28 09:31:32.403998773,100041,237,99986,237,100043,333,99975,233,100044,233,99974,433,100045,100,99971,100,100049,100,99970,100,100051,100,99965,100,100052,100,99961,100,100053,100,99958,100,100057,100,99926,100,100076,100,99922,100
2019-06-28 09:31:40.000000000,100041,301,99986,301,100043,401,99975,301,100044,100,99974,300,100045,100,99971,100,100049,100,99970,100,100051,100,99965,100,100052,100,99961,100,100053,100,99958,100,100057,100,99926,100,100076,100,99922,100
2019-06-28 09:31:45.774963427,100041,301,99986,201,100043,401,99975,301,100044,100,99974,300,100045,100,99971,100,100049,100,99970,100,100051,100,99965,100,100052,100,99961,100,100053,100,99958,100,100057,100,99926,100,100076,100,99920,100
2019-06-28 09:31:50.000000000,100041,502,99975,502,100043,200,99974,300,100044,100,99971,100,100045,100,99970,100,100049,100,99965,100,100051,100,99961,100,100052,100,99958,100,100053,100,99926,100,100057,100,99920,100,100076,100,99906,100
2019-06-28 09:32:00.000000000,100041,237,99975,237,100043,333,99974,433,100044,233,99971,233,100045,100,99970,100,100049,100,99965,100,100051,100,99961,100,100052,100,99958,100,100053,100,99926,100,100057,100,99920,100,100076,100,99906,100
2019-06-28 09:32:08.102737179,100041,237,99975,137,100043,333,99974,433,100044,233,99971,133,100045,100,99970,100,100049,100,99965,100,100051,100,99961,100,100052,100,99958,100,100053,100,99926,100,100057,100,99920,100,100076,100,99906,100
2019-06-28 09:32:10.000000000,100041,180,99974,380,100043,280,99970,180,100044,180,99965,180,100045,180,99961,180,100049,180,99958,180,100051,100,99926,100,100052,100,99920,100,100053,100,99906,100,100057,100,99901,100,100076,100,99900,100
2019-06-28 09:32:18.961015626,100041,180,99974,380,100043,280,99970,180,100044,180,99965,180,100045,180,99961,180,100049,180,99958,180,100051,100,99926,100,100052,100,99920,100,100053,100,99906,100,100057,100,99901,100,100076,100,99900,100
2019-06-28 09:32:20.000000000,100041,180,99974,380,100043,280,99970,180,100044,180,99965,180,100045,180,99961,180,100049,180,99958,180,100051,100,99926,100,100052,100,99920,100,100053,100,99906,100,100057,100,99901,100,100076,100,99900,100
2019-06-28 09:32:30.000000000,100041,237,99974,437,100043,333,99970,233,100044,233,99965,233,100045,100,99961,100,100049,100,99958,100,100051,100,99926,100,100052,100,99920,100,100053,100,99906,100,100057,100,99901,100,100076,100,99900,100
2019-06-28 09:32:37.037681240,99986,100,99974,437,100041,237,99970,233,100043,233,99965,233,100044,233,99961,100,100045,100,99958,100,100049,100,99926,100,100051,100,99920,100,100052,100,99906,100,100053,100,99901,100,100057,100,99900,100
2019-06-28 09:32:40.000000000,99986,180,99974,380,100041,180,99970,180,100043,180,99965,180,100044,180,99961,180,100045,180,99958,180,100049,100,99926,100,100051,100,99920,100,100052,100,99906,100,100053,100,99901,100,100057,100,99900,100
2019-06-28 09:32:42.741867382,99986,180,99974,280,100041,180,99970,180,100043,180,99965,180,100044,180,99961,180,100045,180,99958,180,100049,100,99926,100,100051,100,99920,100,100052,100,99906,100,100053,100,99901,100,100057,100,99885,100
2019-06-28 09:32:45.572869594,99986,180,99974,280,100041,180,99970,180,100043,180,99965,180,100044,180,99961,180,100045,180,99958,180,100049,100,99926,100,100051,100,99920,100,100052,100,99906,100,100053,100,99901,100,100057,100,99885,100
2019-06-28 09:32:50.000000000,99986,502,99974,602,100041,100,99970,100,100043,100,99965,100,100044,100,99961,100,100045,100,99958,100,100049,100,99926,100,100051,100,99920,100,100052,100,99906,100,100053,100,99901,100,100057,100,99885,100
2019-06-28 09:33:00.000000000,99986,301,99974,401,100041,301,99970,301,100043,100,99965,100,100044,100,99961,100,100045,100,99958,100,100049,100,99926,100,100051,100,99920,100,100052,100,99906,100,100053,100,99901,100,100057,100,99885,100
2019-06-28 09:33:10.000000000,99986,502,99974,602,100041,100,99970,100,100043,100,99965,100,100044,100,99961,100,100045,100,99958,100,100049,100,99926,100,100051,100,99920,100,100052,100,99906,100,100053,100,99901,100,100057,100,99885,100
2019-06-28 09:33:16.351224603,99986,502,99974,602,100041,100,99970,100,100043,100,99965,100,100044,100,99961,100,100045,100,99958,100,100049,100,99926,100,100051,100,99920,100,100052,100,99906,100,100053,100,99901,100,100057,100,99885,100
2019-06-28 09:33:20.000000000,99986,502,99974,602,100041,100,99970,100,100043,100,99965,100,100044,100,99961,100,100045,100,99958,100,100049,100,99926,100,100051,100,99920,100,100052,100,99906,100,100053,100,99901,100,100057,100,99885,100
2019-06-28 09:33:25.232135107,99986,502,99974,602,100041,100,99970,100,100043,100,99965,100,100044,100,99961,100,100045,100,99958,100,100049,100,99926,100,100051,100,99920,100,100052,100,99906,100,100053,100,99901,100,100057,100,99885,100
2019-06-28 09:33:30.000000000,99986,200,99974,300,100041,200,99970,200,100043,200,99965,200,100044,200,99961,200,100045,100,99958,100,100049,100,99926,100,100051,100,99920,100,100052,100,99906,100,100053,100,99901,100,100057,100,99885,100
2019-06-28 09:33:39.446855761,99986,200,99974,300,100041,200,99970,200,100043,200,99965,200,100044,200,99961,200,100045,100,99958,100,100049,100,99950,100,100051,100,99926,100,100053,100,99920,100,100057,100,99906,100,100080,100,99901,100
2019-06-28 09:33:40.000000000,99986,200,99974,300,100041,200,99970,200,100043,200,99965,200,100044,200,99961,200,100045,100,99958,100,100049,100,99950,100,100051,100,99926,100,100053,100,99920,100,100057,100,99906,100,100080,100,99901,100
2019-06-28 09:33:40.645156926,99986,200,99974,300,100041,200,99970,200,100043,200,99965,200,100044,200,99961,200,100045,100,99958,100,100049,100,99950,100,100051,100,99926,100,100053,100,99920,100,100057,100,99906,100,100080,100,99901,100
2019-06-28 09:33:50.000000000,99986,301,99974,401,100041,301,99970,301,100043,100,99965,100,100044,100,99961,100,100045,100,99958,100,100049,100,99950,100,100051,100,99926,100,100053,100,99920,100,100057,100,99906,100,100080,100,99901,100
2019-06-28 09:33:50.176912401,99986,301,99974,401,100041,301,99970,301,100043,100,99965,100,100044,100,99961,100,100045,100,99958,100,100049,100,99950,100,100051,100,99926,100,100053,100,99920,100,100057,100,99906,100,100080,100,99901,100
2019-06-28 09:33:52.752396130,99986,301,99974,301,100041,301,99970,301,100043,100,99965,100,100044,100,99961,100,100045,100,99958,100,100049,100,99950,100,100051,100,99926,100,100053,100,99920,100,100057,100,99906,100,100080,100,99901,100
2019-06-28 09:33:57.877410762,99986,301,99974,201,100041,301,99970,301,100043,100,99965,100,100044,100,99961,100,100045,100,99958,100,100049,100,99950,100,100051,100,99926,100,100053,100,99920,100,100057,100,99906,100,100080,100,99901,100
2019-06-28 09:34:00.000000000,99986,301,99970,301,100041,301,99965,301,100043,100,99961,100,100044,100,99958,100,100045,100,99950,100,100049,100,99926,100,100051,100,99920,100,100053,100,99906,100,100057,100,99901,100,100080,100,99885,100
2019-06-28 09:34:10.000000000,99986,502,99970,502,100041,100,99965,100,100043,100,99961,100,100044,100,99958,100,100045,100,99950,100,100049,100,99926,100,100051,100,99920,100,100053,100,99906,100,100057,100,99901,100,100080,100,99885,100
2019-06-28 09:34:17.917448718,99974,100,99970,502,99986,502,99965,100,100041,100,99961,100,100043,100,99958,100,100044,100,99950,100,100045,100,99926,100,100049,100,99920,100,100051,100,99906,100,100053,100,99901,100,100057,100,99885,100
2019-06-28 09:34:20.000000000,99974,180,99970,180,99986,180,99965,180,100041,180,99961,180,100043,180,99958,180,100044,180,99950,180,100045,100,99926,100,100049,100,99920,100,100051,100,99906,100,100053,100,99901,100,100057,100,99885,100
2019-06-28 09:34:23.656055521,99974,180,99970,180,99986,180,99965,180,100041,180,99961,180,100043,180,99958,180,100044,180,99950,180,100045,100,99926,100,100049,100,99920,100,100053,100,99906,100,100057,100,99901,100,100080,100,99885,100
2019-06-28 09:34:25.995832714,99974,180,99970,80,99986,180,99965,180,100041,180,99961,180,100043,180,99958,180,100044,180,99950,180,100045,100,99926,100,100049,100,99920,100,100053,100,99906,100,100057,100,99901,100,100080,100,99885,100
2019-06-28 09:34:30.000000000,99974,301,99965,301,99986,301,99961,301,100041,100,99958,100,100043,100,99950,100,100044,100,99926,100,100045,100,99920,100,100049,100,99906,100,100053,100,99901,100,100057,100,99885,100,100080,100,99872,100
2019-06-28 09:34:33.150454953,99974,301,99965,301,99986,301,99961,301,100041,100,99958,100,100043,100,99950,100,100044,100,99926,100,100045,100,99920,100,100049,100,99906,100,100053,100,99901,100,100057,100,99885,100,100080,100,99872,100
2019-06-28 09:34:36.781036455,99974,301,99965,201,99986,301,99961,301,100043,100,99958,100,100044,100,99950,100,100045,100,99926,100,100049,100,99920,100,100053,100,99906,100,100057,100,99901,100,100080,100,99885,100,100086,100,99872,100
2019-06-28 09:34:40.000000000,99974,200,99961,200,99986,200,99958,200,100043,200,99950,200,100044,200,99926,200,100045,100,99920,100,100049,100,99906,100,100053,100,99901,100,100057,100,99885,100,100080,100,99872,100,100086,100,99849,100
2019-06-28 09:34:48.542443770,99973,100,99961,200,99974,200,99958,200,99986,200,99950,200,100043,200,99926,200,100044,200,99920,100,100045,100,99906,100,100049,100,99901,100,100053,100,99885,100,100057,100,99872,100,100080,100,99849,100
2019-06-28 09:34:50.000000000,99973,180,99961,180,99974,180,99958,180,99986,180,99950,180,100043,180,99926,180,100044,180,99920,180,100045,100,99906,100,100049,100,99901,100,100053,100,99885,100,100057,100,99872,100,100080,100,99849,100
2019-06-28 09:35:00.000000000,99973,301,99961,301,99974,301,99958,301,99986,100,99950,100,100043,100,99926,100,100044,100,99920,100,100045,100,99906,100,100049,100,99901,100,100053,100,99885,100,100057,100,99872,100,100080,100,99849,100
2019-06-28 09:35:10.000000000,99973,502,99961,502,99974,100,99958,100,99986,100,99950,100,100043,100,99926,100,100044,100,99920,100,100045,100,99906,100,100049,100,99901,100,100053,100,99885,100,100057,100,99872,100,100080,100,99849,100
2019-06-28 09:35:11.127409945,99973,602,99961,502,99974,100,99958,100,99986,100,99950,100,100043,100,99926,100,100044,100,99920,100,100045,100,99906,100,100049,100,99901,100,100053,100,99885,100,100057,100,99872,100,100080,100,99849,100
2019-06-28 09:35:16.604756408,99973,602,99961,402,99974,100,99958,100,99986,100,99950,100,100043,100,99926,100,100044,100,99920,100,100045,100,99906,100,100049,100,99901,100,100053,100,99885,100,100057,100,99872,100,100080,100,99849,100
2019-06-28 09:35:20.000000000,99973,401,99958,301,99974,301,99950,301,99986,100,99926,100,100043,100,99920,100,100044,100,99906,100,100045,100,99901,100,100049,100,99885,100,100053,100,99872,100,100057,100,99849,100,100080,100,99798,100
2019-06-28 09:35:25.488492292,99973,501,99958,301,99974,301,99950,301,99986,100,99926,100,100043,100,99920,100,100044,100,99906,100,100045,100,99901,100,100049,100,99885,100,100053,100,99872,100,100057,100,99849,100,100080,100,99798,100
2019-06-28 09:35:30.000000000,99973,501,99958,301,99974,301,99950,301,99986,100,99926,100,100043,100,99920,100,100044,100,99906,100,100045,100,99901,100,100049,100,99885,100,100053,100,99872,100,100057,100,99849,100,100080,100,99798,100
2019-06-28 09:35:40.000000000,99973,400,99958,200,99974,200,99950,200,99986,200,99926,200,100043,200,99920,200,100044,100,99906,100,100045,100,99901,100,100049,100,99885,100,100053,100,99872,100,100057,100,99849,100,100080,100,99798,100
2019-06-28 09:35:48.727148636,99973,400,99958,100,99974,200,99950,200,99986,200,99926,200,100043,200,99920,200,100044,100,99906,100,100045,100,99901,100,100053,100,99885,100,100057,100,99872,100,100080,100,99849,100,100086,100,99798,100
2019-06-28 09:35:50.000000000,99973,702,99950,502,99974,100,99926,100,99986,100,99920,100,100043,100,99906,100,100044,100,99901,100,100045,100,99885,100,100053,100,99872,100,100057,100,99849,100,100080,100,99798,100,100086,100,99796,100
2019-06-28 09:36:00.000000000,99973,501,99950,301,99974,301,99926,301,99986,100,99920,100,100043,100,99906,100,100044,100,99901,100,100045,100,99885,100,100053,100,99872,100,100057,100,99849,100,100080,100,99798,100,100086,100,99796,100
2019-06-28 09:36:09.498288933,99970,100,99950,301,99973,501,99926,301,99974,201,99920,100,99986,100,99906,100,100043,100,99901,100,100044,100,99885,100,100045,100,99872,100,100053,100,99849,100,100057,100,99798,100,100080,100,99796,100
2019-06-28 09:36:10.000000000,99970,301,99950,301,99973,501,99926,301,99986,100,99920,100,100043,100,99906,100,100044,100,99901,100,100045,100,99885,100,100053,100,99872,100,100057,100,99849,100,100080,100,99798,100,100086,100,99796,100
2019-06-28 09:36:20.000000000,99970,237,99950,237,99973,433,99926,233,99986,233,99920,233,100043,100,99906,100,100044,100,99901,100,100045,100,99885,100,100053,100,99872,100,100057,100,99849,100,100080,100,99798,100,100086,100,99796,100
2019-06-28 09:36:28.553730530,99970,237,99950,137,99973,433,99926,233,99986,233,99920,233,100043,100,99906,100,100044,100,99901,100,100045,100,99885,100,100053,100,99872,100,100057,100,99849,100,100080,100,99796,100,100086,100,99793,100
2019-06-28 09:36:30.000000000,99970,502,99926,502,99973,300,99920,100,99986,100,99906,100,100043,100,99901,100,100044,100,99885,100,100045,100,99872,100,100053,100,99849,100,100057,100,99796,100,100080,100,99793,100,100086,100,99730,200
2019-06-28 09:36:39.940499655,99970,502,99926,502,99973,300,99920,100,99986,100,99906,100,100043,100,99901,100,100044,100,99885,100,100045,100,99872,100,100053,100,99849,100,100057,100,99796,100,100080,100,99793,100,100086,100,99730,200
2019-06-28 09:36:40.000000000,99970,237,99926,237,99973,433,99920,233,99986,233,99906,233,100043,100,99901,100,100044,100,99885,100,100045,100,99872,100,100053,100,99849,100,100057,100,99796,100,100080,100,99793,100,100086,100,99730,200
2019-06-28 09:36:46.949024460,99970,237,99926,237,99973,433,99920,233,99986,233,99906,233,100043,100,99901,100,100044,100,99885,100,100045,100,99872,100,100053,100,99849,100,100057,100,99796,100,100080,100,99793,100,100086,100,99730,100
2019-06-28 09:36:50.000000000,99970,502,99926,502,99973,300,99920,100,99986,100,99906,100,100043,100,99901,100,100044,100,99885,100,100045,100,99872,100,100053,100,99849,100,100057,100,99796,100,100080,100,99793,100,100086,100,99730,100
2019-06-28 09:37:00.000000000,99970,502,99926,502,99973,300,99920,100,99986,100,99906,100,100043,100,99901,100,100044,100,99885,100,100045,100,99872,100,100053,100,99849,100,100057,100,99796,100,100080,100,99793,100,100086,100,99730,100
2019-06-28 09:37:09.951820051,99970,502,99926,502,99973,300,99920,100,99986,100,99906,100,100033,100,99901,100,100043,100,99885,100,100044,100,99872,100,100045,100,99849,100,100053,100,99796,100,100057,100,99793,100,100080,100,99730,100
2019-06-28 09:37:10.000000000,99970,301,99926,301,99973,501,99920,301,99986,100,99906,100,100033,100,99901,100,100043,100,99885,100,100044,100,99872,100,100045,100,99849,100,100053,100,99796,100,100057,100,99793,100,100080,100,99730,100
2019-06-28 09:37:12.197224832,99961,100,99926,301,99970,301,99920,301,99973,501,99906,100,100033,100,99901,100,100043,100,99885,100,100044,100,99872,100,100045,100,99849,100,100053,100,99796,100,100057,100,99793,100,100080,100,99730,100
2019-06-28 09:37:20.000000000,99961,301,99926,301,99970,301,99920,301,99973,300,99906,100,100033,100,99901,100,100043,100,99885,100,100044,100,99872,100,100045,100,99849,100,100053,100,99796,100,100057,100,99793,100,100080,100,99730,100
2019-06-28 09:37:30.000000000,99961,200,99926,200,99970,200,99920,200,99973,400,99906,200,100033,200,99901,200,100043,100,99885,100,100044,100,99872,100,100045,100,99849,100,100053,100,99796,100,100057,100,99793,100,100080,100,99730,100
2019-06-28 09:37:35.548745392,99961,200,99926,200,99970,200,99920,200,99973,400,99906,200,100033,200,99901,200,100043,100,99885,100,100044,100,99872,100,100045,100,99849,100,100053,100,99841,100,100057,100,99793,100,100080,100,99730,100
2019-06-28 09:37:39.453952975,99961,200,99926,200,99970,200,99920,200,99973,500,99906,200,100033,200,99901,200,100043,100,99885,100,100044,100,99872,100,100045,100,99849,100,100053,100,99793,100,100057,100,99730,100,100080,100,99687,100
2019-06-28 09:37:40.000000000,99961,200,99926,200,99970,200,99920,200,99973,500,99906,200,100033,200,99901,200,100043,100,99885,100,100044,100,99872,100,100045,100,99849,100,100053,100,99793,100,100057,100,99730,100,100080,100,99687,100
2019-06-28 09:37:50.000000000,99961,237,99926,237,99970,233,99920,233,99973,533,99906,233,100033,100,99901,100,100043,100,99885,100,100044,100,99872,100,100045,100,99849,100,100053,100,99793,100,100057,100,99730,100,100080,100,99687,100
2019-06-28 09:37:54.583485061,99961,237,99926,237,99970,233,99920,233,99973,533,99906,233,100033,100,99901,100,100043,100,99885,100,100044,100,99872,100,100045,100,99849,100,100053,100,99793,100,100057,100,99730,100,100080,100,99654,100
2019-06-28 09:38:00.000000000,99961,237,99926,237,99970,233,99920,233,99973,533,99906,233,100033,100,99901,100,100043,100,99885,100,100044,100,99872,100,100045,100,99849,100,100053,100,99793,100,100057,100,99730,100,100080,100,99654,100
2019-06-28 09:38:10.000000000,99961,200,99926,200,99970,200,99920,200,99973,500,99906,200,100033,200,99901,200,100043,100,99885,100,100044,100,99872,100,100045,100,99849,100,100053,100,99793,100,100057,100,99730,100,100080,100,99654,100
2019-06-28 09:38:20.000000000,99961,237,99926,237,99970,233,99920,233,99973,533,99906,233,100033,100,99901,100,100043,100,99885,100,100044,100,99872,100,100045,100,99849,100,100053,100,99793,100,100057,100,99730,100,100080,100,99654,100
2019-06-28 09:38:20.411135218,99961,137,99926,237,99970,233,99920,233,99973,533,99906,233,100033,100,99901,100,100043,100,99885,100,100044,100,99872,100,100045,100,99849,100,100053,100,99793,100,100057,100,99730,100,100080,100,99654,100
2019-06-28 09:38:27.328017612,99961,137,99926,137,99970,233,99920,233,99973,533,99906,233,100033,100,99901,100,100043,100,99885,100,100044,100,99872,100,100045,100,99849,100,100053,100,99793,100,100057,100,99730,100,100080,100,99654,100
2019-06-28 09:38:30.000000000,99970,180,99920,180,99973,480,99906,180,100033,180,99901,180,100043,180,99885,180,100044,180,99872,180,100045,100,99849,100,100053,100,99793,100,100057,100,99730,100,100080,100,99654,100,100086,100,99610,100
2019-06-28 09:38:36.612974293,99970,180,99920,180,99973,480,99906,180,100033,180,99901,280,100043,180,99885,180,100044,180,99872,180,100045,100,99849,100,100053,100,99793,100,100057,100,99730,100,100080,100,99654,100,100086,100,99610,100
2019-06-28 09:38:40.000000000,99970,180,99920,180,99973,480,99906,180,100033,180,99901,280,100043,180,99885,180,100044,180,99872,180,100045,100,99849,100,100053,100,99793,100,100057,100,99730,100,100080,100,99654,100,100086,100,99610,100
2019-06-28 09:38:50.000000000,99970,301,99920,301,99973,601,99906,301,100033,100,99901,200,100043,100,99885,100,100044,100,99872,100,100045,100,99849,100,100053,100,99793,100,100057,100,99730,100,100080,100,99654,100,100086,100,99610,100
2019-06-28 09:38:58.522470259,99970,301,99920,301,99973,601,99906,301,100033,100,99901,200,100043,100,99885,100,100044,100,99872,100,100045,100,99849,100,100053,100,99793,100,100057,100,99730,100,100080,100,99654,100,100086,100,99610,100
2019-06-28 09:38:59.275301674,99970,201,99920,301,99973,601,99906,301,100033,100,99901,200,100043,100,99885,100,100044,100,99872,100,100045,100,99849,100,100053,100,99793,100,100057,100,99730,100,100080,100,99654,100,100086,100,99610,100
2019-06-28 09:39:00.000000000,99973,537,99920,237,100033,233,99906,233,100043,233,99901,333,100044,100,99885,100,100045,100,99872,100,100053,100,99849,100,100057,100,99793,100,100080,100,99730,100,100086,100,99654,100,100094,100,99610,100
2019-06-28 09:39:06.995991513,99973,437,99920,137,100033,233,99906,233,100043,233,99901,333,100044,100,99885,100,100045,100,99872,100,100053,100,99849,100,100057,100,99793,100,100080,100,99730,100,100086,100,99654,100,100094,100,99610,100
2019-06-28 09:39:10.000000000,99973,437,99906,237,100033,233,99901,333,100043,233,99885,233,100044,100,99872,100,100045,100,99849,100,100053,100,99793,100,100057,100,99730,100,100080,100,99654,100,100086,100,99610,100,100094,100,99607,100
2019-06-28 09:39:10.981119411,99973,437,99906,137,100033,233,99901,333,100043,233,99885,233,100044,100,99872,100,100045,100,99849,100,100053,100,99793,100,100057,100,99730,100,100080,100,99654,100,100086,100,99610,100,100094,100,99607,100
2019-06-28 09:39:11.785050149,99973,437,99906,37,100033,233,99901,333,100043,233,99885,233,100044,100,99872,100,100045,100,99849,100,100053,100,99793,100,100057,100,99730,100,100080,100,99654,100,100086,100,99610,100,100094,100,99607,100
2019-06-28 09:39:12.695858138,99908,100,99906,37,99973,437,99901,333,100033,233,99885,233,100043,233,99872,100,100044,100,99849,100,100045,100,99793,100,100053,100,99730,100,100057,100,99654,100,100080,100,99610,100,100086,100,99607,100
2019-06-28 09:39:20.000000000,99908,301,99901,401,99973,501,99885,301,100033,100,99872,100,100043,100,99849,100,100044,100,99793,100,100045,100,99730,100,100053,100,99654,100,100057,100,99610,100,100080,100,99607,100,100086,100,99571,100
2019-06-28 09:39:28.005458498,99908,301,99901,401,99973,501,99885,301,100033,100,99872,100,100043,100,99849,100,100044,100,99793,100,100045,100,99749,100,100053,100,99730,100,100057,100,99654,100,100080,100,99610,100,100086,100,99607,100
2019-06-28 09:39:30.000000000,99908,237,99901,337,99973,433,99885,233,100033,233,99872,233,100043,100,99849,100,100044,100,99793,100,100045,100,99749,100,100053,100,99730,100,100057,100,99654,100,100080,100,99610,100,100086,100,99607,100
2019-06-28 09:39:40.000000000,99908,237,99901,337,99973,433,99885,233,100033,233,99872,233,100043,100,99849,100,100044,100,99793,100,100045,100,99749,100,100053,100,99730,100,100057,100,99654,100,100080,100,99610,100,100086,100,99607,100
2019-06-28 09:39:50.000000000,99908,237,99901,337,99973,433,99885,233,100033,233,99872,233,100043,100,99849,100,100044,100,99793,100,100045,100,99749,100,100053,100,99730,100,100057,100,99654,100,100080,100,99610,100,100086,100,99607,100
2019-06-28 09:40:00.000000000,99908,502,99901,602,99973,300,99885,100,100033,100,99872,100,100043,100,99849,100,100044,100,99793,100,100045,100,99749,100,100053,100,99730,100,100057,100,99654,100,100080,100,99610,100,100086,100,99607,100
2019-06-28 09:40:04.635504023,99908,502,99901,602,99973,300,99885,100,100033,100,99872,100,100043,100,99849,100,100044,100,99793,100,100045,100,99749,100,100053,100,99730,100,100057,100,99654,100,100080,100,99610,100,100086,100,99607,100
2019-06-28 09:40:10.000000000,99908,301,99901,401,99973,501,99885,301,100033,100,99872,100,100043,100,99849,100,100044,100,99793,100,100045,100,99749,100,100053,100,99730,100,100057,100,99654,100,100080,100,99610,100,100086,100,99607,100
2019-06-28 09:40:18.298735483,99908,301,99901,401,99973,501,99889,100,100033,100,99885,301,100043,100,99872,100,100044,100,99849,100,100053,100,99793,100,100057,100,99749,100,100080,100,99730,100,100086,100,99654,100,100094,100,99610,100
2019-06-28 09:40:20.000000000,99908,180,99901,280,99973,380,99889,180,100033,180,99885,180,100043,180,99872,180,100044,180,99849,180,100053,100,99793,100,100057,100,99749,100,100080,100,99730,100,100086,100,99654,100,100094,100,99610,100
2019-06-28 09:40:23.924095285,99906,100,99901,280,99908,180,99889,180,99973,380,99885,180,100033,180,99872,180,100043,180,99849,180,100044,180,99793,100,100053,100,99749,100,100057,100,99730,100,100080,100,99654,100,100086,100,99610,100
2019-06-28 09:40:24.807289575,99906,100,99901,280,99908,180,99889,80,99973,380,99885,180,100033,180,99872,180,100043,180,99849,180,100044,180,99793,100,100053,100,99749,100,100057,100,99745,100,100080,100,99730,100,100086,100,99654,100
2019-06-28 09:40:30.000000000,99906,237,99901,337,99908,233,99885,233,99973,433,99872,233,100033,100,99849,100,100043,100,99793,100,100044,100,99749,100,100053,100,99745,100,100057,100,99730,100,100080,100,99654,100,100086,100,99610,100
2019-06-28 09:40:36.467755917,99906,237,99901,337,99908,233,99885,233,99973,433,99872,233,100033,100,99849,100,100043,100,99793,100,100044,100,99749,100,100053,100,99745,100,100057,100,99730,100,100080,100,99654,100,100086,100,99610,100
2019-06-28 09:40:39.016491537,99906,237,99901,337,99908,233,99885,233,99941,100,99872,233,99973,433,99849,100,100033,100,99793,100,100043,100,99749,100,100044,100,99745,100,100053,100,99730,100,100057,100,99654,100,100086,100,99610,100
2019-06-28 09:40:40.000000000,99906,180,99901,280,99908,180,99885,180,99941,180,99872,180,99973,380,99849,180,100033,180,99793,180,100043,100,99749,100,100044,100,99745,100,100053,100,99730,100,100057,100,99654,100,100086,100,99610,100
2019-06-28 09:40:45.381750533,99906,280,99901,280,99908,180,99885,180,99941,180,99872,180,99973,380,99849,180,100033,180,99793,180,100044,100,99749,100,100053,100,99745,100,100057,100,99730,100,100086,100,99654,100,100094,100,99610,100
2019-06-28 09:40:50.000000000,99906,300,99901,300,99908,200,99885,200,99941,200,99872,200,99973,400,99849,200,100033,100,99793,100,100044,100,99749,100,100053,100,99745,100,100057,100,99730,100,100086,100,99654,100,100094,100,99610,100
2019-06-28 09:41:00.000000000,99906,300,99901,300,99908,200,99885,200,99941,200,99872,200,99973,400,99849,200,100033,100,99793,100,100044,100,99749,100,100053,100,99745,100,100057,100,99730,100,100086,100,99654,100,100094,100,99610,100
2019-06-28 09:41:07.315935240,99906,300,99901,300,99908,200,99885,200,99941,200,99872,100,99973,400,99849,200,100033,100,99797,100,100044,100,99793,100,100053,100,99749,100,100057,100,99745,100,100086,100,99730,100,100094,100,99654,100
2019-06-28 09:41:10.000000000,99906,280,99901,280,99908,180,99885,180,99941,180,99849,180,99973,380,99797,180,100033,180,99793,180,100044,100,99749,100,100053,100,99745,100,100057,100,99730,100,100086,100,99654,100,100094,100,99610,100
2019-06-28 09:41:20.000000000,99906,337,99901,337,99908,233,99885,233,99941,233,99849,233,99973,300,99797,100,100033,100,99793,100,100044,100,99749,100,100053,100,99745,100,100057,100,99730,100,100086,100,99654,100,100094,100,99610,100
2019-06-28 09:41:26.893356374,99906,337,99901,337,99908,233,99885,233,99941,233,99849,233,99973,300,99797,100,100033,100,99793,100,100044,100,99749,100,100053,100,99745,100,100057,100,99730,100,100086,100,99688,100,100094,100,99654,100
2019-06-28 09:41:30.000000000,99906,300,99901,300,99908,200,99885,200,99941,200,99849,200,99973,400,99797,200,100033,100,99793,100,100044,100,99749,100,100053,100,99745,100,100057,100,99730,100,100086,100,99688,100,100094,100,99654,100
2019-06-28 09:41:31.357956558,99906,300,99901,200,99908,200,99885,200,99941,200,99849,200,99973,400,99797,200,100033,100,99793,100,100044,100,99749,100,100053,100,99745,100,100057,100,99730,100,100086,100,99688,100,100094,100,99654,100
2019-06-28 09:41:32.123066697,99906,300,99901,200,99908,200,99885,200,99941,200,99849,200,99973,400,99797,200,100033,100,99749,100,100044,100,99745,100,100053,100,99730,100,100057,100,99688,100,100086,100,99658,100,100094,100,99654,100
2019-06-28 09:41:32.260922986,99906,300,99901,200,99908,200,99885,200,99941,200,99849,200,99973,400,99797,200,100033,100,99749,100,100044,100,99745,100,100053,100,99730,100,100057,100,99729,100,100086,100,99688,100,100094,100,99658,100
2019-06-28 09:41:40.000000000,99906,280,99901,180,99908,180,99885,180,99941,180,99849,180,99973,380,99797,180,100033,180,99749,180,100044,100,99745,100,100053,100,99730,100,100057,100,99729,100,100086,100,99688,100,100094,100,99658,100
2019-06-28 09:41:41.384308877,99906,280,99901,180,99908,180,99885,180,99941,180,99849,180,99973,380,99797,180,100033,180,99749,180,100044,100,99745,100,100053,100,99730,100,100057,100,99729,100,100086,100,99695,100,100094,100,99688,100
2019-06-28 09:41:50.000000000,99906,401,99901,301,99908,301,99885,301,99941,100,99849,100,99973,300,99797,100,100033,100,99749,100,100044,100,99745,100,100053,100,99730,100,100057,100,99729,100,100086,100,99695,100,100094,100,99688,100
2019-06-28 09:42:00.000000000,99906,602,99901,502,99908,100,99885,100,99941,100,99849,100,99973,300,99797,100,100033,100,99749,100,100044,100,99745,100,100053,100,99730,100,100057,100,99729,100,100086,100,99695,100,100094,100,99688,100
2019-06-28 09:42:10.000000000,99906,280,99901,180,99908,180,99885,180,99941,180,99849,180,99973,380,99797,180,100033,180,99749,180,100044,100,99745,100,100053,100,99730,100,100057,100,99729,100,100086,100,99695,100,100094,100,99688,100
2019-06-28 09:42:20.000000000,99906,602,99901,502,99908,100,99885,100,99941,100,99849,100,99973,300,99797,100,100033,100,99749,100,100044,100,99745,100,100053,100,99730,100,100057,100,99729,100,100086,100,99695,100,100094,100,99688,100
2019-06-28 09:42:30.000000000,99906,401,99901,301,99908,301,99885,301,99941,100,99849,100,99973,300,99797,100,100033,100,99749,100,100044,100,99745,100,100053,100,99730,100,100057,100,99729,100,100086,100,99695,100,100094,100,99688,100
2019-06-28 09:42:32.322120561,99906,301,99901,301,99908,301,99885,301,99941,100,99849,100,99973,300,99797,100,100033,100,99749,100,100044,100,99745,100,100053,100,99730,100,100057,100,99729,100,100086,100,99695,100,100094,100,99688,100
2019-06-28 09:42:32.984183348,99906,301,99901,301,99908,301,99885,301,99941,100,99849,100,99973,300,99826,100,100033,100,99797,100,100044,100,99749,100,100053,100,99745,100,100057,100,99730,100,100086,100,99729,100,100094,100,99695,100
2019-06-28 09:42:38.149221845,99906,301,99901,201,99908,301,99885,301,99941,100,99849,100,99973,300,99826,100,100033,100,99797,100,100044,100,99749,100,100053,100,99745,100,100057,100,99730,100,100086,100,99729,100,100094,100,99695,100
2019-06-28 09:42:40.000000000,99906,237,99885,237,99908,233,99849,233,99941,233,99826,233,99973,300,99797,100,100033,100,99749,100,100044,100,99745,100,100053,100,99730,100,100057,100,99729,100,100086,100,99695,100,100094,100,99688,100
2019-06-28 09:42:50.000000000,99906,237,99885,237,99908,233,99849,233,99941,233,99826,233,99973,300,99797,100,100033,100,99749,100,100044,100,99745,100,100053,100,99730,100,100057,100,99729,100,100086,100,99695,100,100094,100,99688,100
2019-06-28 09:43:00.000000000,99906,237,99885,237,99908,233,99849,233,99941,233,99826,233,99973,300,99797,100,100033,100,99749,100,100044,100,99745,100,100053,100,99730,100,100057,100,99729,100,100086,100,99695,100,100094,100,99688,100
2019-06-28 09:43:10.000000000,99906,180,99885,180,99908,180,99849,180,99941,180,99826,180,99973,380,99797,180,100033,180,99749,180,100044,100,99745,100,100053,100,99730,100,100057,100,99729,100,100086,100,99695,100,100094,100,99688,100
2019-06-28 09:43:10.036492123,99906,180,99885,180,99908,180,99849,180,99941,180,99826,180,99973,380,99797,180,100033,180,99780,100,100044,100,99749,180,100053,100,99745,100,100057,100,99730,100,100086,100,99729,100,100094,100,99695,100
2019-06-28 09:43:13.778729914,99906,180,99885,180,99908,180,99849,180,99941,180,99826,180,99973,380,99797,180,100033,180,99780,100,100044,100,99749,180,100053,100,99745,100,100057,100,99730,100,100086,100,99729,100,100094,100,99695,100
2019-06-28 09:43:20.000000000,99906,237,99885,237,99908,233,99849,233,99941,233,99826,233,99973,300,99797,100,100033,100,99780,100,100044,100,99749,100,100053,100,99745,100,100057,100,99730,100,100086,100,99729,100,100094,100,99695,100
2019-06-28 09:43:27.275193332,99906,237,99885,237,99908,233,99849,233,99941,233,99826,233,99973,300,99797,100,100033,100,99749,100,100044,100,99745,100,100053,100,99730,100,100057,100,99729,100,100086,100,99695,100,100094,100,99688,100
2019-06-28 09:43:30.000000000,99906,180,99885,180,99908,180,99849,180,99941,180,99826,180,99973,380,99797,180,100033,180,99749,180,100044,100,99745,100,100053,100,99730,100,100057,100,99729,100,100086,100,99695,100,100094,100,99688,100
2019-06-28 09:43:35.922677785,99906,180,99885,180,99908,180,99849,180,99941,180,99826,180,99973,380,99797,180,100033,180,99749,180,100044,100,99745,100,100053,100,99730,100,100057,100,99729,100,100086,100,99695,100,100094,100,99688,100
2019-06-28 09:43:40.000000000,99906,200,99885,200,99908,200,99849,200,99941,200,99826,200,99973,400,99797,200,100033,100,99749,100,100044,100,99745,100,100053,100,99730,100,100057,100,99729,100,100086,100,99695,100,100094,100,99688,100
2019-06-28 09:43:46.732510830,99906,200,99885,100,99908,200,99849,200,99941,200,99826,200,99973,400,99797,200,100033,100,99749,100,100044,100,99745,100,100053,100,99730,100,100057,100,99729,100,100086,100,99695,100,100094,100,99688,100
2019-06-28 09:43:50.000000000,99906,502,99849,502,99908,100,99826,100,99941,100,99797,100,99973,300,99749,100,100033,100,99745,100,100044,100,99730,100,100053,100,99729,100,100057,100,99695,100,100086,100,99688,100,100094,100,99673,100
2019-06-28 09:44:00.000000000,99906,301,99849,301,99908,301,99826,301,99941,100,99797,100,99973,300,99749,100,100033,100,99745,100,100044,100,99730,100,100053,100,99729,100,100057,100,99695,100,100086,100,99688,100,100094,100,99673,100
2019-06-28 09:44:06.950145678,99906,301,99849,301,99908,301,99826,301,99941,100,99797,100,99973,300,99749,100,100033,100,99745,100,100044,100,99730,100,100053,100,99729,100,100057,100,99695,100,100086,100,99688,100,100094,100,99673,100
2019-06-28 09:44:07.713366848,99906,301,99849,301,99908,301,99826,301,99941,100,99797,100,99973,300,99749,100,100033,100,99745,100,100044,100,99730,100,100053,100,99729,100,100057,100,99695,100,100086,100,99688,100,100094,100,99683,100
2019-06-28 09:44:10.000000000,99906,502,99849,502,99908,100,99826,100,99941,100,99797,100,99973,300,99749,100,100033,100,99745,100,100044,100,99730,100,100053,100,99729,100,100057,100,99695,100,100086,100,99688,100,100094,100,99683,100
2019-06-28 09:44:19.582701426,99906,502,99849,502,99908,100,99826,100,99941,100,99797,100,99973,300,99749,100,99989,100,99745,100,100033,100,99730,100,100044,100,99729,100,100053,100,99695,100,100057,100,99688,100,100086,100,99683,100
2019-06-28 09:44:20.000000000,99906,237,99849,237,99908,233,99826,233,99941,233,99797,233,99973,300,99749,100,99989,100,99745,100,100033,100,99730,100,100044,100,99729,100,100053,100,99695,100,100057,100,99688,100,100086,100,99683,100
2019-06-28 09:44:24.816691637,99906,137,99849,237,99908,233,99826,233,99941,233,99797,233,99973,300,99749,100,99989,100,99745,100,100044,100,99730,100,100053,100,99729,100,100057,100,99695,100,100086,100,99688,100,100094,100,99683,100
2019-06-28 09:44:27.497780652,99906,137,99849,237,99908,233,99826,233,99941,233,99797,233,99973,300,99749,100,99989,100,99745,100,100044,100,99730,100,100053,100,99729,100,100057,100,99695,100,100086,100,99688,100,100094,100,99683,100
2019-06-28 09:44:28.273405435,99906,137,99849,237,99908,233,99826,233,99931,100,99797,233,99941,233,99749,100,99973,300,99745,100,99989,100,99729,100,100044,100,99695,100,100053,100,99688,100,100057,100,99683,100,100086,100,99673,100
2019-06-28 09:44:30.000000000,99908,502,99849,502,99931,100,99826,100,99941,100,99797,100,99973,300,99749,100,99989,100,99745,100,100044,100,99729,100,100053,100,99695,100,100057,100,99688,100,100086,100,99683,100,100094,100,99673,100
2019-06-28 09:44:40.000000000,99908,180,99849,180,99931,180,99826,180,99941,180,99797,180,99973,380,99749,180,99989,180,99745,180,100044,100,99729,100,100053,100,99695,100,100057,100,99688,100,100086,100,99683,100,100094,100,99673,100
2019-06-28 09:44:43.510712747,99931,180,99908,20,99941,180,99849,180,99973,380,99826,180,99989,180,99797,180,100044,100,99749,180,100053,100,99745,180,100057,100,99729,100,100086,100,99695,100,100094,100,99688,100,100114,100,99683,100
2019-06-28 09:44:50.000000000,99931,301,99908,221,99941,301,99849,301,99973,300,99826,100,99989,100,99797,100,100044,100,99749,100,100053,100,99745,100,100057,100,99729,100,100086,100,99695,100,100094,100,99688,100,100114,100,99683,100
2019-06-28 09:44:58.708784333,99931,301,99920,100,99941,301,99908,221,99973,300,99849,301,99989,100,99826,100,100044,100,99797,100,100057,100,99749,100,100086,100,99745,100,100094,100,99729,100,100114,100,99695,100,,,99688,100
2019-06-28 09:45:00.000000000,99931,200,99920,200,99941,200,99908,120,99973,400,99849,200,99989,200,99826,200,100044,100,99797,100,100057,100,99749,100,100086,100,99745,100,100094,100,99729,100,100114,100,99695,100,,,99688,100
2019-06-28 09:45:02.053194661,99931,200,99920,200,99941,200,99908,120,99973,300,99906,100,99989,200,99849,200,100044,100,99826,200,100057,100,99797,100,100086,100,99749,100,100094,100,99745,100,100114,100,99729,100,,,99695,100
2019-06-28 09:45:07.565842794,99931,200,99920,200,99941,200,99908,120,99973,300,99906,100,99989,200,99849,200,100044,100,99826,200,100057,100,99797,100,100086,100,99749,200,100094,100,99745,100,100114,100,99729,100,,,99695,100
2019-06-28 09:45:08.207295831,99931,200,99920,200,99941,200,99908,120,99973,300,99906,100,99989,200,99849,200,100044,100,99826,200,100057,100,99797,100,100086,100,99768,100,100094,100,99749,200,100114,100,99745,100,,,99729,100
2019-06-28 09:45:10.000000000,99931,237,99920,237,99941,233,99908,153,99973,333,99906,233,99989,100,99849,100,100044,100,99826,100,100057,100,99797,100,100086,100,99768,100,100094,100,99749,200,100114,100,99745,100,,,99729,100
2019-06-28 09:45:20.000000000,99931,301,99920,301,99941,301,99908,221,99973,200,99906,100,99989,100,99849,100,100044,100,99826,100,100057,100,99797,100,100086,100,99768,100,100094,100,99749,200,100114,100,99745,100,,,99729,100
2019-06-28 09:45:30.000000000,99931,237,99920,237,99941,233,99908,153,99973,333,99906,233,99989,100,99849,100,100044,100,99826,100,100057,100,99797,100,100086,100,99768,100,100094,100,99749,200,100114,100,99745,100,,,99729,100
2019-06-28 09:45:35.128869043,99931,237,99920,137,99941,233,99908,153,99973,333,99906,233,99989,100,99849,100,100044,100,99826,100,100057,100,99797,100,100086,100,99768,100,100094,100,99749,200,100114,100,99745,100,,,99729,100
2019-06-28 09:45:40.000000000,99931,301,99908,221,99941,301,99906,301,99973,200,99849,100,99989,100,99826,100,100044,100,99797,100,100057,100,99768,100,100086,100,99749,200,100094,100,99745,100,100114,100,99729,100,,,99695,100
2019-06-28 09:45:46.950413486,99931,301,99908,121,99941,301,99906,301,99973,200,99849,100,99989,100,99826,100,100044,100,99797,100,100057,100,99768,100,100086,100,99749,200,100094,100,99745,100,100114,100,99729,100,,,99695,100
2019-06-28 09:45:50.000000000,99931,200,99906,200,99941,200,99849,200,99973,300,99826,200,99989,200,99797,200,100044,100,99768,100,100057,100,99749,200,100086,100,99745,100,100094,100,99729,100,100114,100,99695,100,,,99688,100
2019-06-28 09:46:00.000000000,99931,237,99906,237,99941,233,99849,233,99973,333,99826,233,99989,100,99797,100,100044,100,99768,100,100057,100,99749,200,100086,100,99745,100,100094,100,99729,100,100114,100,99695,100,,,99688,100
2019-06-28 09:46:08.598414665,99931,237,99906,137,99941,233,99849,233,99973,333,99826,233,99989,100,99797,100,100044,100,99768,100,100057,100,99749,200,100086,100,99745,100,100094,100,99729,100,100114,100,99695,100,,,99688,100
2019-06-28 09:46:10.000000000,99931,502,99849,502,99941,100,99826,100,99973,200,99797,100,99989,100,99768,100,100044,100,99749,200,100057,100,99745,100,100086,100,99729,100,100094,100,99695,100,100114,100,99688,100,,,99683,100
2019-06-28 09:46:20.000000000,99931,502,99849,502,99941,100,99826,100,99973,200,99797,100,99989,100,99768,100,100044,100,99749,200,100057,100,99745,100,100086,100,99729,100,100094,100,99695,100,100114,100,99688,100,,,99683,100
2019-06-28 09:46:23.282064651,99931,502,99849,502,99941,100,99826,100,99973,200,99797,100,99989,100,99768,100,100044,100,99749,200,100057,100,99745,100,100086,100,99729,100,100094,100,99695,100,100114,100,99688,100,,,99683,100
2019-06-28 09:46:30.000000000,99931,180,99849,180,99941,180,99826,180,99973,280,99797,180,99989,180,99768,180,100044,180,99749,280,100057,100,99745,100,100086,100,99729,100,100094,100,99695,100,100114,100,99688,100,,,99683,100
2019-06-28 09:46:40.000000000,99931,301,99849,301,99941,301,99826,301,99973,200,99797,100,99989,100,99768,100,100044,100,99749,200,100057,100,99745,100,100086,100,99729,100,100094,100,99695,100,100114,100,99688,100,,,99683,100
2019-06-28 09:46:44.758037587,99931,301,99849,301,99941,301,99826,301,99973,200,99797,100,99989,100,99768,100,100044,100,99749,200,100057,100,99745,100,100086,100,99729,100,100094,100,99695,100,100114,100,99688,100,,,99683,100
2019-06-28 09:46:49.469327292,99908,100,99849,301,99931,301,99826,301,99941,301,99797,100,99973,200,99768,100,99989,100,99749,200,100044,100,99745,100,100057,100,99729,100,100086,100,99695,100,100094,100,99688,100,100114,100,99683,100
2019-06-28 09:46:50.000000000,99908,180,99849,180,99931,180,99826,180,99941,180,99797,180,99973,280,99768,180,99989,180,99749,280,100044,100,99745,100,100057,100,99729,100,100086,100,99695,100,100094,100,99688,100,100114,100,99683,100
2019-06-28 09:46:52.329633921,99908,180,99849,180,99931,180,99826,180,99941,180,99797,180,99973,280,99768,180,99989,180,99749,280,100044,100,99745,100,100057,100,99729,100,100094,100,99695,100,100114,100,99688,100,,,99683,100
2019-06-28 09:46:57.313146580,99908,280,99849,180,99931,180,99826,180,99941,180,99797,180,99973,280,99768,180,99989,180,99749,280,100044,100,99745,100,100057,100,99729,100,100094,100,99695,100,100114,100,99688,100,,,99683,100
2019-06-28 09:47:00.000000000,99908,280,99849,180,99931,180,99826,180,99941,180,99797,180,99973,280,99768,180,99989,180,99749,280,100044,100,99745,100,100057,100,99729,100,100094,100,99695,100,100114,100,99688,100,,,99683,100
2019-06-28 09:47:10.000000000,99908,401,99849,301,99931,301,99826,301,99941,100,99797,100,99973,200,99768,100,99989,100,99749,200,100044,100,99745,100,100057,100,99729,100,100094,100,99695,100,100114,100,99688,100,,,99683,100
2019-06-28 09:47:10.294790212,99908,401,99849,301,99931,301,99826,301,99941,100,99797,100,99973,200,99768,100,99989,100,99749,200,100044,100,99729,100,100057,100,99695,100,100094,100,99688,100,100114,100,99683,100,,,99673,100
2019-06-28 09:47:20.000000000,99908,401,99849,301,99931,301,99826,301,99941,100,99797,100,99973,200,99768,100,99989,100,99749,200,100044,100,99729,100,100057,100,99695,100,100094,100,99688,100,100114,100,99683,100,,,99673,100
2019-06-28 09:47:30.000000000,99908,401,99849,301,99931,301,99826,301,99941,100,99797,100,99973,200,99768,100,99989,100,99749,200,100044,100,99729,100,100057,100,99695,100,100094,100,99688,100,100114,100,99683,100,,,99673,100
2019-06-28 09:47:40.000000000,99908,602,99849,502,99931,100,99826,100,99941,100,99797,100,99973,200,99768,100,99989,100,99749,200,100044,100,99729,100,100057,100,99695,100,100094,100,99688,100,100114,100,99683,100,,,99673,100
2019-06-28 09:47:42.696958583,99908,602,99849,402,99931,100,99826,100,99941,100,99797,100,99973,200,99768,100,99989,100,99749,200,100044,100,99729,100,100057,100,99695,100,100094,100,99688,100,100114,100,99683,100,,,99673,100
2019-06-28 09:47:44.632461410,99906,100,99849,402,99908,602,99826,100,99931,100,99797,100,99941,100,99768,100,99973,200,99749,200,99989,100,99729,100,100044,100,99695,100,100057,100,99688,100,100094,100,99683,100,100114,100,99673,100
2019-06-28 09:47:50.000000000,99906,502,99826,502,99908,200,99797,100,99931,100,99768,100,99941,100,99749,200,99973,200,99729,100,99989,100,99695,100,100044,100,99688,100,100057,100,99683,100,100094,100,99673,100,100114,100,99664,100
2019-06-28 09:48:00.000000000,99906,200,99826,200,99908,300,99797,200,99931,200,99768,200,99941,200,99749,300,99973,200,99729,100,99989,100,99695,100,100044,100,99688,100,100057,100,99683,100,100094,100,99673,100,100114,100,99664,100
2019-06-28 09:48:10.000000000,99906,502,99826,502,99908,200,99797,100,99931,100,99768,100,99941,100,99749,200,99973,200,99729,100,99989,100,99695,100,100044,100,99688,100,100057,100,99683,100,100094,100,99673,100,100114,100,99664,100
2019-06-28 09:48:11.957522091,99906,502,99826,502,99908,200,99797,100,99931,100,99768,100,99941,100,99749,200,99973,200,99729,100,99989,100,99695,100,100044,100,99688,100,100057,100,99683,100,100094,100,99673,100,100114,100,99664,100
2019-06-28 09:48:16.269042716,99906,502,99826,402,99908,200,99797,100,99931,100,99768,100,99941,100,99749,200,99973,200,99729,100,99989,100,99695,100,100044,100,99688,100,100057,100,99683,100,100094,100,99673,100,100114,100,99664,100
2019-06-28 09:48:20.000000000,99906,180,99797,180,99908,280,99768,180,99931,180,99749,280,99941,180,99729,180,99973,280,99695,180,99989,100,99688,100,100044,100,99683,100,100057,100,99673,100,100094,100,99664,100,100114,100,99658,100
2019-06-28 09:48:23.365796541,99906,180,99797,180,99908,280,99768,180,99931,80,99749,280,99941,180,99729,180,99973,280,99695,180,99989,100,99688,100,100044,100,99683,100,100057,100,99673,100,100094,100,99664,100,100114,100,99658,100
2019-06-28 09:48:24.851114134,99906,180,99797,80,99908,280,99768,180,99931,80,99749,280,99941,180,99729,180,99973,280,99695,180,99989,100,99688,100,100044,100,99683,100,100057,100,99673,100,100094,100,99664,100,100114,100,99658,100
2019-06-28 09:48:30.000000000,99906,502,99768,502,99908,200,99749,200,99941,100,99729,100,99973,200,99695,100,99989,100,99688,100,100044,100,99683,100,100057,100,99673,100,100094,100,99664,100,100114,100,99658,100,,,99654,100
2019-06-28 09:48:32.431883338,99906,502,99768,402,99908,200,99749,200,99941,100,99729,100,99973,200,99695,100,99989,100,99688,100,100044,100,99683,100,100057,100,99673,100,100094,100,99664,100,100114,100,99658,100,,,99654,100
2019-06-28 09:48:40.000000000,99906,237,99749,337,99908,333,99729,233,99941,233,99695,233,99973,200,99688,100,99989,100,99683,100,100044,100,99673,100,100057,100,99664,100,100094,100,99658,100,100114,100,99654,100,,,99610,100
2019-06-28 09:48:50.000000000,99906,502,99749,602,99908,200,99729,100,99941,100,99695,100,99973,200,99688,100,99989,100,99683,100,100044,100,99673,100,100057,100,99664,100,100094,100,99658,100,100114,100,99654,100,,,99610,100
2019-06-28 09:48:52.447000493,99906,502,99749,502,99908,200,99729,100,99941,100,99695,100,99973,200,99688,100,99989,100,99683,100,100044,100,99673,100,100057,100,99664,100,100094,100,99654,100,100114,100,99610,100,,,99607,100
2019-06-28 09:49:00.000000000,99906,200,99749,200,99908,300,99729,200,99941,200,99695,200,99973,300,99688,200,99989,100,99683,100,100044,100,99673,100,100057,100,99664,100,100094,100,99654,100,100114,100,99610,100,,,99607,100
2019-06-28 09:49:03.442671505,99768,100,99749,200,99906,200,99729,200,99908,300,99695,200,99941,200,99688,200,99973,300,99683,100,99989,100,99673,100,100044,100,99664,100,100057,100,99654,100,100094,100,99610,100,100114,100,99607,100
2019-06-28 09:49:06.538129266,99768,100,99749,200,99906,200,99729,200,99908,300,99695,200,99941,200,99688,200,99973,300,99683,100,99989,100,99673,100,100044,100,99664,100,100057,100,99654,100,100094,100,99634,100,100114,100,99610,100
2019-06-28 09:49:10.000000000,99768,502,99749,502,99906,100,99729,100,99908,200,99695,100,99941,100,99688,100,99973,200,99683,100,99989,100,99673,100,100044,100,99664,100,100057,100,99654,100,100094,100,99634,100,100114,100,99610,100
2019-06-28 09:49:20.000000000,99768,180,99749,180,99906,180,99729,180,99908,280,99695,180,99941,180,99688,180,99973,280,99683,180,99989,100,99673,100,100044,100,99664,100,100057,100,99654,100,100094,100,99634,100,100114,100,99610,100
2019-06-28 09:49:30.000000000,99768,502,99749,502,99906,100,99729,100,99908,200,99695,100,99941,100,99688,100,99973,200,99683,100,99989,100,99673,100,100044,100,99664,100,100057,100,99654,100,100094,100,99634,100,100114,100,99610,100
2019-06-28 09:49:40.000000000,99768,200,99749,200,99906,200,99729,200,99908,300,99695,200,99941,200,99688,200,99973,200,99683,100,99989,100,99673,100,100044,100,99664,100,100057,100,99654,100,100094,100,99634,100,100114,100,99610,100
2019-06-28 09:49:50.000000000,99768,200,99749,200,99906,200,99729,200,99908,300,99695,200,99941,200,99688,200,99973,200,99683,100,99989,100,99673,100,100044,100,99664,100,100057,100,99654,100,100094,100,99634,100,100114,100,99610,100
2019-06-28 09:50:00.000000000,99768,237,99749,237,99906,233,99729,233,99908,333,99695,233,99941,100,99688,100,99973,200,99683,100,99989,100,99673,100,100044,100,99664,100,100057,100,99654,100,100094,100,99634,100,100114,100,99610,100
2019-06-28 09:50:10.000000000,99768,200,99749,200,99906,200,99729,200,99908,300,99695,200,99941,200,99688,200,99973,200,99683,100,99989,100,99673,100,100044,100,99664,100,100057,100,99654,100,100094,100,99634,100,100114,100,99610,100
2019-06-28 09:50:13.053399266,99768,200,99749,100,99906,200,99729,200,99908,300,99695,200,99941,200,99688,200,99973,200,99683,100,99989,100,99673,100,100044,100,99664,100,100057,100,99654,100,100094,100,99634,100,100114,100,99610,100
2019-06-28 09:50:20.000000000,99768,237,99729,237,99906,233,99695,233,99908,333,99688,233,99941,100,99683,100,99973,200,99673,100,99989,100,99664,100,100044,100,99654,100,100057,100,99634,100,100094,100,99610,100,100114,100,99607,100
2019-06-28 09:50:20.154180467,99768,237,99729,237,99906,233,99695,233,99908,333,99688,233,99941,100,99683,100,99973,100,99673,100,99989,100,99664,100,100044,100,99654,100,100057,100,99634,100,100094,100,99610,100,100114,100,99607,100
2019-06-28 09:50:30.000000000,99768,301,99729,301,99906,301,99695,301,99908,200,99688,100,99941,100,99683,100,99973,100,99673,100,99989,100,99664,100,100044,100,99654,100,100057,100,99634,100,100094,100,99610,100,100114,100,99607,100
2019-06-28 09:50:40.000000000,99768,502,99729,502,99906,100,99695,100,99908,200,99688,100,99941,100,99683,100,99973,100,99673,100,99989,100,99664,100,100044,100,99654,100,100057,100,99634,100,100094,100,99610,100,100114,100,99607,100
2019-06-28 09:50:50.000000000,99768,502,99729,502,99906,100,99695,100,99908,200,99688,100,99941,100,99683,100,99973,100,99673,100,99989,100,99664,100,100044,100,99654,100,100057,100,99634,100,100094,100,99610,100,100114,100,99607,100
2019-06-28 09:51:00.000000000,99768,180,99729,180,99906,180,99695,180,99908,280,99688,180,99941,180,99683,180,99973,180,99673,180,99989,100,99664,100,100044,100,99654,100,100057,100,99634,100,100094,100,99610,100,100114,100,99607,100
2019-06-28 09:51:06.619580174,99768,180,99729,180,99906,180,99695,180,99908,280,99688,180,99941,180,99683,280,99973,180,99673,180,99989,100,99664,100,100044,100,99654,100,100057,100,99634,100,100094,100,99610,100,100114,100,99607,100
2019-06-28 09:51:10.000000000,99768,200,99729,200,99906,200,99695,200,99908,300,99688,200,99941,200,99683,300,99973,100,99673,100,99989,100,99664,100,100044,100,99654,100,100057,100,99634,100,100094,100,99610,100,100114,100,99607,100
2019-06-28 09:51:10.217183344,99768,200,99729,100,99906,200,99695,200,99908,300,99688,200,99941,200,99683,300,99973,100,99673,100,99989,100,99664,100,100044,100,99654,100,100057,100,99634,100,100114,100,99610,100,,,99607,100
2019-06-28 09:51:20.000000000,99768,502,99695,502,99906,100,99688,100,99908,200,99683,200,99941,100,99673,100,99973,100,99664,100,99989,100,99654,100,100044,100,99634,100,100057,100,99610,100,100114,100,99607,100,,,99602,100
2019-06-28 09:51:28.426454089,99749,100,99695,502,99768,502,99688,100,99906,100,99683,200,99908,200,99673,100,99941,100,99664,100,99973,100,99654,100,99989,100,99634,100,100044,100,99610,100,100057,100,99607,100,100114,100,99602,100
2019-06-28 09:51:30.000000000,99749,502,99695,502,99768,100,99688,100,99906,100,99683,200,99908,200,99673,100,99941,100,99664,100,99973,100,99654,100,99989,100,99634,100,100044,100,99610,100,100057,100,99607,100,100114,100,99602,100
2019-06-28 09:51:40.000000000,99749,237,99695,237,99768,233,99688,233,99906,233,99683,333,99908,200,99673,100,99941,100,99664,100,99973,100,99654,100,99989,100,99634,100,100044,100,99610,100,100057,100,99607,100,100114,100,99602,100
2019-06-28 09:51:46.350692269,99749,137,99695,237,99768,233,99688,233,99906,233,99683,233,99908,200,99673,100,99941,100,99664,100,99973,100,99654,100,99989,100,99634,100,100044,100,99610,100,100057,100,99607,100,100114,100,99602,100
2019-06-28 09:51:50.000000000,99768,301,99695,301,99906,301,99688,301,99908,200,99683,100,99941,100,99673,100,99973,100,99664,100,99989,100,99654,100,100044,100,99634,100,100057,100,99610,100,100114,100,99607,100,,,99602,100
2019-06-28 09:51:56.319685911,99768,301,99730,100,99906,301,99695,301,99908,200,99688,301,99941,100,99683,100,99973,100,99673,100,99989,100,99664,100,100044,100,99654,100,100057,100,99634,100,100114,100,99610,100,,,99607,100
2019-06-28 09:52:00.000000000,99768,502,99730,502,99906,100,99695,100,99908,200,99688,100,99941,100,99683,100,99973,100,99673,100,99989,100,99664,100,100044,100,99654,100,100057,100,99634,100,100114,100,99610,100,,,99607,100
2019-06-28 09:52:01.017243996,99768,502,99730,502,99906,100,99695,100,99908,200,99688,100,99941,100,99683,100,99973,100,99673,100,99989,100,99664,100,100044,100,99654,100,100057,100,99634,100,100114,100,99610,100,100142,100,99607,100
2019-06-28 09:52:04.913454928,99768,402,99730,502,99906,100,99695,100,99908,200,99688,100,99941,100,99683,100,99973,100,99673,100,99989,100,99664,100,100044,100,99654,100,100057,100,99634,100,100114,100,99610,100,100142,100,99607,100
2019-06-28 09:52:10.000000000,99906,301,99730,301,99908,401,99695,301,99941,100,99688,100,99973,100,99683,100,99989,100,99673,100,100044,100,99664,100,100057,100,99654,100,100114,100,99634,100,100142,100,99610,100,,,99607,100
2019-06-28 09:52:15.658058356,99906,301,99730,301,99908,401,99695,301,99941,100,99688,100,99971,100,99683,100,99973,100,99673,100,99989,100,99664,100,100044,100,99654,100,100057,100,99634,100,100114,100,99610,100,100142,100,99607,100
2019-06-28 09:52:20.000000000,99906,180,99730,180,99908,280,99695,180,99941,180,99688,180,99971,180,99683,180,99973,180,99673,180,99989,100,99664,100,100044,100,99654,100,100057,100,99634,100,100114,100,99610,100,100142,100,99607,100
2019-06-28 09:52:30.000000000,99906,180,99730,180,99908,280,99695,180,99941,180,99688,180,99971,180,99683,180,99973,180,99673,180,99989,100,99664,100,100044,100,99654,100,100057,100,99634,100,100114,100,99610,100,100142,100,99607,100
2019-06-28 09:52:40.000000000,99906,502,99730,502,99908,200,99695,100,99941,100,99688,100,99971,100,99683,100,99973,100,99673,100,99989,100,99664,100,100044,100,99654,100,100057,100,99634,100,100114,100,99610,100,100142,100,99607,100
2019-06-28 09:52:50.000000000,99906,502,99730,502,99908,200,99695,100,99941,100,99688,100,99971,100,99683,100,99973,100,99673,100,99989,100,99664,100,100044,100,99654,100,100057,100,99634,100,100114,100,99610,100,100142,100,99607,100
2019-06-28 09:52:56.038906377,99906,502,99749,100,99908,200,99730,502,99941,100,99695,100,99971,100,99688,100,99973,100,99683,100,99989,100,99673,100,100044,100,99664,100,100057,100,99654,100,100114,100,99634,100,100142,100,99610,100
2019-06-28 09:53:00.000000000,99906,180,99749,180,99908,280,99730,180,99941,180,99695,180,99971,180,99688,180,99973,180,99683,180,99989,100,99673,100,100044,100,99664,100,100057,100,99654,100,100114,100,99634,100,100142,100,99610,100
2019-06-28 09:53:04.548546151,99906,180,99749,180,99908,280,99730,180,99941,180,99695,180,99971,80,99688,180,99973,180,99683,180,99989,100,99673,100,100044,100,99664,100,100057,100,99654,100,100114,100,99634,100,100142,100,99610,100
2019-06-28 09:53:10.000000000,99906,180,99749,180,99908,280,99730,180,99941,180,99695,180,99973,180,99688,180,99989,180,99683,180,100044,100,99673,100,100057,100,99664,100,100114,100,99654,100,100142,100,99634,100,100578,100,99610,100
2019-06-28 09:53:20.000000000,99906,237,99749,237,99908,333,99730,233,99941,233,99695,233,99973,100,99688,100,99989,100,99683,100,100044,100,99673,100,100057,100,99664,100,100114,100,99654,100,100142,100,99634,100,100578,100,99610,100
2019-06-28 09:53:28.284863648,99906,237,99749,237,99908,333,99730,233,99941,233,99695,233,99973,100,99688,100,99989,100,99683,100,100044,100,99673,100,100057,100,99664,100,100114,100,99654,100,100142,100,99634,100,100578,100,99610,100
2019-06-28 09:53:30.000000000,99906,237,99749,237,99908,333,99730,233,99941,233,99695,233,99973,100,99688,100,99989,100,99683,100,100044,100,99673,100,100057,100,99664,100,100114,100,99654,100,100142,100,99634,100,100578,100,99610,100
2019-06-28 09:53:40.000000000,99906,180,99749,180,99908,280,99730,180,99941,180,99695,180,99973,180,99688,180,99989,180,99683,180,100044,100,99673,100,100057,100,99664,100,100114,100,99654,100,100142,100,99634,100,100578,100,99610,100
2019-06-28 09:53:50.000000000,99906,180,99749,180,99908,280,99730,180,99941,180,99695,180,99973,180,99688,180,99989,180,99683,180,100044,100,99673,100,100057,100,99664,100,100114,100,99654,100,100142,100,99634,100,100578,100,99610,100
2019-06-28 09:54:00.000000000,99906,237,99749,237,99908,333,99730,233,99941,233,99695,233,99973,100,99688,100,99989,100,99683,100,100044,100,99673,100,100057,100,99664,100,100114,100,99654,100,100142,100,99634,100,100578,100,99610,100
2019-06-28 09:54:09.511538270,99906,137,99749,237,99908,333,99730,233,99941,233,99695,233,99973,100,99688,100,99989,100,99683,100,100044,100,99673,100,100057,100,99664,100,100114,100,99654,100,100142,100,99634,100,100578,100,99610,100
2019-06-28 09:54:10.000000000,99908,602,99749,502,99941,100,99730,100,99973,100,99695,100,99989,100,99688,100,100044,100,99683,100,100057,100,99673,100,100114,100,99664,100,100142,100,99654,100,100578,100,99634,100,100669,100,99610,100
2019-06-28 09:54:10.094337217,99908,502,99749,502,99941,100,99730,100,99973,100,99695,100,99989,100,99688,100,100044,100,99683,100,100057,100,99664,100,100114,100,99654,100,100142,100,99634,100,100578,100,99610,100,100669,100,99607,100
2019-06-28 09:54:13.953446253,99908,402,99749,502,99941,100,99730,100,99973,100,99695,100,99989,100,99688,100,100044,100,99683,100,100057,100,99664,100,100114,100,99634,100,100142,100,99610,100,100578,100,99607,100,100669,100,99602,100
2019-06-28 09:54:20.000000000,99941,200,99749,200,99973,200,99730,200,99989,200,99695,200,100044,200,99688,200,100057,100,99683,100,100114,100,99664,100,100142,100,99634,100,100578,100,99610,100,100669,100,99607,100,,,99602,100
2019-06-28 09:54:30.000000000,99941,237,99749,237,99973,233,99730,233,99989,233,99695,233,100044,100,99688,100,100057,100,99683,100,100114,100,99664,100,100142,100,99634,100,100578,100,99610,100,100669,100,99607,100,,,99602,100
2019-06-28 09:54:40.000000000,99941,200,99749,200,99973,200,99730,200,99989,200,99695,200,100044,200,99688,200,100057,100,99683,100,100114,100,99664,100,100142,100,99634,100,100578,100,99610,100,100669,100,99607,100,,,99602,100
2019-06-28 09:54:40.026948525,99941,100,99749,200,99973,200,99730,200,99989,200,99695,200,100044,200,99688,200,100057,100,99683,100,100114,100,99664,100,100142,100,99634,100,100578,100,99610,100,100669,100,99607,100,,,99602,100
2019-06-28 09:54:41.099279104,99941,100,99908,100,99973,200,99749,200,99989,200,99730,200,100044,200,99695,200,100057,100,99688,200,100114,100,99683,100,100142,100,99664,100,100578,100,99634,100,100669,100,99610,100,,,99607,100
2019-06-28 09:54:50.000000000,99973,237,99908,237,99989,233,99749,233,100044,233,99730,233,100057,100,99695,100,100114,100,99688,100,100142,100,99683,100,100578,100,99664,100,100669,100,99634,100,,,99610,100,,,99607,100
2019-06-28 09:54:51.904684797,99973,137,99908,237,99989,233,99749,233,100044,233,99730,233,100057,100,99695,100,100114,100,99688,100,100142,100,99683,100,100578,100,99664,100,100669,100,99634,100,,,99610,100,,,99607,100
2019-06-28 09:55:00.000000000,99989,200,99908,200,100044,200,99749,200,100057,200,99730,200,100114,200,99695,200,100142,100,99688,100,100578,100,99683,100,100669,100,99664,100,,,99634,100,,,99610,100,,,99607,100
2019-06-28 09:55:10.000000000,99989,301,99908,301,100044,301,99749,301,100057,100,99730,100,100114,100,99695,100,100142,100,99688,100,100578,100,99683,100,100669,100,99664,100,,,99634,100,,,99610,100,,,99607,100
2019-06-28 09:55:20.000000000,99989,200,99908,200,100044,200,99749,200,100057,200,99730,200,100114,200,99695,200,100142,100,99688,100,100578,100,99683,100,100669,100,99664,100,,,99634,100,,,99610,100,,,99607,100
2019-06-28 09:55:20.770075298,99989,100,99908,200,100044,200,99749,200,100057,200,99730,200,100114,200,99695,200,100142,100,99688,100,100578,100,99683,100,100669,100,99664,100,,,99634,100,,,99607,100,,,99602,100
2019-06-28 09:55:30.000000000,100044,200,99908,200,100057,200,99749,200,100114,200,99730,200,100142,200,99695,200,100578,100,99688,100,100669,100,99683,100,,,99664,100,,,99634,100,,,99607,100,,,99602,100
2019-06-28 09:55:40.000000000,100044,200,99908,200,100057,200,99749,200,100114,200,99730,200,100142,200,99695,200,100578,100,99688,100,100669,100,99683,100,,,99664,100,,,99634,100,,,99607,100,,,99602,100
2019-06-28 09:55:45.174598177,100044,100,99908,200,100057,200,99749,200,100114,200,99730,200,100142,200,99695,200,100578,100,99688,100,100669,100,99683,100,,,99664,100,,,99634,100,,,99607,100,,,99602,100
2019-06-28 09:55:46.474883198,100044,100,99908,200,100057,200,99749,200,100114,100,99730,200,100142,200,99695,200,100578,100,99688,100,100669,100,99683,100,100797,100,99664,100,,,99634,100,,,99607,100,,,99602,100
2019-06-28 09:55:50.000000000,100057,237,99908,237,100142,233,99749,233,100578,233,99730,233,100669,100,99695,100,100797,100,99688,100,,,99683,100,,,99664,100,,,99634,100,,,99607,100,,,99602,100
2019-06-28 09:55:54.688710434,100057,237,99908,237,100142,233,99749,233,100578,233,99730,233,100669,100,99695,100,100797,100,99688,100,100970,100,99683,100,,,99664,100,,,99634,100,,,99607,100,,,99602,100
2019-06-28 09:55:57.747605256,100057,237,99908,237,100142,233,99749,233,100578,233,99730,233,100669,100,99695,100,100797,100,99688,100,100858,100,99683,100,100970,100,99664,100,,,99634,100,,,99607,100,,,99602,100
2019-06-28 09:56:00.000000000,100057,237,99908,237,100142,233,99749,233,100578,233,99730,233,100669,100,99695,100,100797,100,99688,100,100858,100,99683,100,100970,100,99664,100,,,99634,100,,,99607,100,,,99602,100
2019-06-28 09:56:07.008776147,100057,137,99908,237,100142,233,99749,233,100578,233,99730,233,100669,100,99695,100,100797,100,99688,100,100858,100,99683,100,100970,100,99664,100,,,99634,100,,,99607,100,,,99602,100
2019-06-28 09:56:10.000000000,100142,180,99908,180,100578,180,99749,180,100669,180,99730,180,100797,180,99695,180,100858,180,99688,180,100970,100,99683,100,,,99664,100,,,99634,100,,,99607,100,,,99602,100
2019-06-28 09:56:20.000000000,100142,301,99908,301,100578,301,99749,301,100669,100,99730,100,100797,100,99695,100,100858,100,99688,100,100970,100,99683,100,,,99664,100,,,99634,100,,,99607,100,,,99602,100
2019-06-28 09:56:27.509803870,100142,301,99908,301,100578,301,99749,201,100669,100,99730,100,100797,100,99695,100,100858,100,99688,100,100970,100,99683,100,,,99664,100,,,99634,100,,,99607,100,,,99602,100
2019-06-28 09:56:30.000000000,100142,237,99908,237,100578,233,99730,233,100669,233,99695,233,100797,100,99688,100,100858,100,99683,100,100970,100,99664,100,,,99634,100,,,99607,100,,,99602,100,,,99466,100
2019-06-28 09:56:40.000000000,100142,180,99908,180,100578,180,99730,180,100669,180,99695,180,100797,180,99688,180,100858,180,99683,180,100970,100,99664,100,,,99634,100,,,99607,100,,,99602,100,,,99466,100
2019-06-28 09:56:47.609742830,100142,180,99908,180,100578,180,99730,180,100669,180,99695,180,100686,100,99688,180,100797,180,99683,180,100858,180,99664,100,100970,100,99634,100,,,99607,100,,,99602,100,,,99466,100
2019-06-28 09:56:49.704967446,100142,80,99908,180,100578,180,99730,180,100669,180,99695,180,100686,100,99688,180,100797,180,99683,180,100858,180,99664,100,100970,100,99634,100,,,99607,100,,,99602,100,,,99466,100
2019-06-28 09:56:50.000000000,100578,502,99908,502,100669,100,99730,100,100686,100,99695,100,100797,100,99688,100,100858,100,99683,100,100970,100,99664,100,,,99634,100,,,99607,100,,,99602,100,,,99466,100
2019-06-28 09:56:53.676914853,100578,502,100445,100,100669,100,99908,502,100686,100,99730,100,100797,100,99695,100,100858,100,99688,100,100970,100,99683,100,,,99664,100,,,99634,100,,,99607,100,,,99602,100
2019-06-28 09:56:55.275750310,100578,502,99908,502,100669,100,99730,100,100686,100,99695,100,100797,100,99688,100,100858,100,99683,100,100970,100,99664,100,,,99634,100,,,99607,100,,,99602,100,,,99466,100
2019-06-28 09:57:00.000000000,100578,237,99908,237,100669,233,99730,233,100686,233,99695,233,100797,100,99688,100,100858,100,99683,100,100970,100,99664,100,,,99634,100,,,99607,100,,,99602,100,,,99466,100
2019-06-28 09:57:10.000000000,100578,200,99908,200,100669,200,99730,200,100686,200,99695,200,100797,200,99688,200,100858,100,99683,100,100970,100,99664,100,,,99634,100,,,99607,100,,,99602,100,,,99466,100
2019-06-28 09:57:11.753250367,100578,200,100151,100,100669,200,99908,200,100686,200,99730,200,100797,200,99695,200,100858,100,99688,200,100970,100,99683,100,,,99664,100,,,99634,100,,,99607,100,,,99602,100
2019-06-28 09:57:13.260110786,100445,100,100151,100,100578,200,99908,200,100669,200,99730,100,100686,200,99695,200,100797,200,99688,200,100858,100,99683,100,100970,100,99664,100,,,99634,100,,,99607,100,,,99602,100
2019-06-28 09:57:20.000000000,100445,237,100151,237,100578,233,99908,233,100669,233,99695,233,100686,100,99688,100,100797,100,99683,100,100858,100,99664,100,100970,100,99634,100,,,99607,100,,,99602,100,,,99466,100
2019-06-28 09:57:30.000000000,100445,301,100151,301,100578,301,99908,301,100669,100,99695,100,100686,100,99688,100,100797,100,99683,100,100858,100,99664,100,100970,100,99634,100,,,99607,100,,,99602,100,,,99466,100
2019-06-28 09:57:32.056332789,100445,301,100335,100,100578,301,100151,301,100669,100,99908,301,100686,100,99695,100,100797,100,99688,100,100858,100,99683,100,100970,100,99664,100,,,99634,100,,,99607,100,,,99602,100
2019-06-28 09:57:40.000000000,100445,180,100335,180,100578,180,100151,180,100669,180,99908,180,100686,180,99695,180,100797,180,99688,180,100858,100,99683,100,100970,100,99664,100,,,99634,100,,,99607,100,,,99602,100
2019-06-28 09:57:40.163749848,100445,180,100335,80,100578,180,100151,180,100669,180,99908,180,100686,180,99695,180,100797,180,99688,180,100858,100,99683,100,100970,100,99664,100,,,99634,100,,,99607,100,,,99602,100
2019-06-28 09:57:50.000000000,100445,502,100151,502,100578,100,99908,100,100669,100,99695,100,100686,100,99688,100,100797,100,99683,100,100858,100,99664,100,100970,100,99634,100,,,99607,100,,,99602,100,,,99466,100
2019-06-28 09:58:00.000000000,100445,237,100151,237,100578,233,99908,233,100669,233,99695,233,100686,100,99688,100,100797,100,99683,100,100858,100,99664,100,100970,100,99634,100,,,99607,100,,,99602,100,,,99466,100
2019-06-28 09:58:01.457019495,100227,100,100151,237,100445,237,99908,233,100578,233,99695,233,100669,233,99688,100,100686,100,99683,100,100797,100,99664,100,100858,100,99634,100,100970,100,99607,100,,,99602,100,,,99466,100
2019-06-28 09:58:10.000000000,100227,237,100151,237,100445,233,99908,233,100578,233,99695,233,100669,100,99688,100,100686,100,99683,100,100797,100,99664,100,100858,100,99634,100,100970,100,99607,100,,,99602,100,,,99466,100
2019-06-28 09:58:20.000000000,100227,301,100151,301,100445,301,99908,301,100578,100,99695,100,100669,100,99688,100,100686,100,99683,100,100797,100,99664,100,100858,100,99634,100,100970,100,99607,100,,,99602,100,,,99466,100
2019-06-28 09:58:30.000000000,100227,180,100151,180,100445,180,99908,180,100578,180,99695,180,100669,180,99688,180,100686,180,99683,180,100797,100,99664,100,100858,100,99634,100,100970,100,99607,100,,,99602,100,,,99466,100
2019-06-28 09:58:40.000000000,100227,237,100151,237,100445,233,99908,233,100578,233,99695,233,100669,100,99688,100,100686,100,99683,100,100797,100,99664,100,100858,100,99634,100,100970,100,99607,100,,,99602,100,,,99466,100
2019-06-28 09:58:40.579144120,100227,237,100151,237,100263,100,99908,233,100445,233,99695,233,100578,233,99688,100,100669,100,99683,100,100686,100,99664,100,100797,100,99634,100,100858,100,99607,100,100970,100,99602,100,,,99466,100
2019-06-28 09:58:50.000000000,100227,301,100151,301,100263,301,99908,301,100445,100,99695,100,100578,100,99688,100,100669,100,99683,100,100686,100,99664,100,100797,100,99634,100,100858,100,99607,100,100970,100,99602,100,,,99466,100
2019-06-28 09:58:52.498815304,100227,301,100151,301,100263,301,99908,301,100361,100,99695,100,100445,100,99688,100,100578,100,99683,100,100669,100,99664,100,100686,100,99634,100,100797,100,99607,100,100858,100,99602,100,100970,100,99466,100
2019-06-28 09:59:00.000000000,100227,180,100151,180,100263,180,99908,180,100361,180,99695,180,100445,180,99688,180,100578,180,99683,180,100669,100,99664,100,100686,100,99634,100,100797,100,99607,100,100858,100,99602,100,100970,100,99466,100
2019-06-28 09:59:04.263448904,100227,180,100151,180,100263,180,99908,180,100361,180,99695,180,100396,100,99688,180,100445,180,99683,180,100578,180,99664,100,100669,100,99634,100,100686,100,99607,100,100797,100,99602,100,100858,100,99466,100
2019-06-28 09:59:10.000000000,100227,200,100151,200,100263,200,99908,200,100361,200,99695,200,100396,200,99688,200,100445,100,99683,100,100578,100,99664,100,100669,100,99634,100,100686,100,99607,100,100797,100,99602,100,100858,100,99466,100
2019-06-28 09:59:18.987748588,100227,200,100151,200,100263,200,99908,200,100273,100,99695,200,100361,200,99688,200,100396,200,99683,100,100445,100,99664,100,100578,100,99634,100,100669,100,99607,100,100686,100,99602,100,100797,100,99466,100
2019-06-28 09:59:20.000000000,100227,237,100151,237,100263,233,99908,233,100273,233,99695,233,100361,100,99688,100,100396,100,99683,100,100445,100,99664,100,100578,100,99634,100,100669,100,99607,100,100686,100,99602,100,100797,100,99466,100
2019-06-28 09:59:30.000000000,100227,237,100151,237,100263,233,99908,233,100273,233,99695,233,100361,100,99688,100,100396,100,99683,100,100445,100,99664,100,100578,100,99634,100,100669,100,99607,100,100686,100,99602,100,100797,100,99466,100
2019-06-28 09:59:35.766208338,100227,237,100151,137,100263,233,99908,233,100273,233,99695,233,100361,100,99688,100,100396,100,99683,100,100445,100,99664,100,100578,100,99634,100,100669,100,99607,100,100686,100,99602,100,100797,100,99466,100
2019-06-28 09:59:40.000000000,100227,301,99908,301,100263,301,99695,301,100273,100,99688,100,100361,100,99683,100,100396,100,99664,100,100445,100,99634,100,100578,100,99607,100,100669,100,99602,100,100686,100,99466,100,100797,100,99444,100
2019-06-28 09:59:45.900406326,100227,301,99908,301,100263,301,99695,301,100273,100,99688,100,100361,100,99683,100,100379,100,99664,100,100396,100,99634,100,100445,100,99607,100,100578,100,99602,100,100669,100,99466,100,100686,100,99444,100
2019-06-28 09:59:50.000000000,100227,301,99908,301,100263,301,99695,301,100273,100,99688,100,100361,100,99683,100,100379,100,99664,100,100396,100,99634,100,100445,100,99607,100,100578,100,99602,100,100669,100,99466,100,100686,100,99444,100
2019-06-28 09:59:53.518546726,100227,201,99908,301,100263,301,99695,301,100273,100,99688,100,100361,100,99683,100,100379,100,99664,100,100396,100,99634,100,100445,100,99607,100,100578,100,99602,100,100669,100,99466,100,100686,100,99444,100
2019-06-28 10:00:00.000000000,100263,502,99908,502,100273,100,99695,100,100361,100,99688,100,100379,100,99683,100,100396,100,99664,100,100445,100,99634,100,100578,100,99607,100,100669,100,99602,100,100686,100,99466,100,100858,100,99444,100
2019-06-28 10:00:10.000000000,100263,180,99908,180,100273,180,99695,180,100361,180,99688,180,100379,180,99683,180,100396,180,99664,180,100445,100,99634,100,100578,100,99607,100,100669,100,99602,100,100686,100,99466,100,100858,100,99444,100
2019-06-28 10:00:10.031978293,99986,100,99908,180,100263,180,99695,180,100273,180,99688,180,100361,180,99683,180,100379,180,99664,180,100396,180,99634,100,100445,100,99607,100,100578,100,99602,100,100669,100,99466,100,100686,100,99444,100
2019-06-28 10:00:20.000000000,99986,200,99908,200,100263,200,99695,200,100273,200,99688,200,100361,200,99683,200,100379,100,99664,100,100396,100,99634,100,100445,100,99607,100,100578,100,99602,100,100669,100,99466,100,100686,100,99444,100
2019-06-28 10:00:30.000000000,99986,180,99908,180,100263,180,99695,180,100273,180,99688,180,100361,180,99683,180,100379,180,99664,180,100396,100,99634,100,100445,100,99607,100,100578,100,99602,100,100669,100,99466,100,100686,100,99444,100
2019-06-28 10:00:37.794053172,99986,80,99908,180,100263,180,99695,180,100273,180,99688,180,100361,180,99683,180,100379,80,99664,180,100396,100,99634,100,100445,100,99607,100,100578,100,99602,100,100669,100,99466,100,100686,100,99444,100
2019-06-28 10:00:39.238465533,100263,180,99986,20,100273,180,99908,180,100361,180,99695,80,100379,80,99688,180,100396,100,99683,180,100445,100,99664,180,100578,100,99634,100,100669,100,99607,100,100686,100,99602,100,100858,100,99466,100
2019-06-28 10:00:40.000000000,100263,237,99986,157,100273,233,99908,233,100361,233,99688,233,100396,100,99683,100,100445,100,99664,100,100578,100,99634,100,100669,100,99607,100,100686,100,99602,100,100858,100,99466,100,100970,100,99444,100
2019-06-28 10:00:49.661044443,100263,237,99986,257,100273,233,99908,233,100361,233,99688,233,100396,100,99683,100,100445,100,99664,100,100578,100,99634,100,100669,100,99607,100,100686,100,99602,100,100858,100,99466,100,100970,100,99444,100
2019-06-28 10:00:50.000000000,100263,502,99986,522,100273,100,99908,100,100361,100,99688,100,100396,100,99683,100,100445,100,99664,100,100578,100,99634,100,100669,100,99607,100,100686,100,99602,100,100858,100,99466,100,100970,100,99444,100
2019-06-28 10:00:50.852911197,100263,502,100181,100,100273,100,99986,522,100361,100,99908,100,100396,100,99688,100,100445,100,99683,100,100578,100,99664,100,100669,100,99634,100,100686,100,99602,100,100858,100,99466,100,100970,100,99444,100
2019-06-28 10:00:51.637644348,100263,502,99986,522,100273,100,99963,100,100361,100,99908,100,100396,100,99688,100,100445,100,99683,100,100578,100,99664,100,100669,100,99634,100,100686,100,99602,100,100858,100,99466,100,100970,100,99444,100
2019-06-28 10:01:00.000000000,100263,237,99986,257,100273,233,99963,233,100361,233,99908,233,100396,100,99688,100,100445,100,99683,100,100578,100,99664,100,100669,100,99634,100,100686,100,99602,100,100858,100,99466,100,100970,100,99444,100
2019-06-28 10:01:10.000000000,100263,200,99986,220,100273,200,99963,200,100361,200,99908,200,100396,200,99688,200,100445,100,99683,100,100578,100,99664,100,100669,100,99634,100,100686,100,99602,100,100858,100,99466,100,100970,100,99444,100
2019-06-28 10:01:17.909339293,100263,200,99986,220,100273,200,99963,100,100361,200,99908,200,100396,200,99688,200,100445,100,99683,100,100484,100,99664,100,100578,100,99634,100,100669,100,99602,100,100686,100,99466,100,100858,100,99444,100
2019-06-28 10:01:20.000000000,100263,301,99986,321,100273,301,99908,301,100361,100,99688,100,100396,100,99683,100,100445,100,99664,100,100484,100,99634,100,100578,100,99602,100,100669,100,99466,100,100686,100,99444,100,100858,100,99337,100
2019-06-28 10:01:30.000000000,100263,180,99986,200,100273,180,99908,180,100361,180,99688,180,100396,180,99683,180,100445,180,99664,180,100484,100,99634,100,100578,100,99602,100,100669,100,99466,100,100686,100,99444,100,100858,100,99337,100
2019-06-28 10:01:40.000000000,100263,502,99986,522,100273,100,99908,100,100361,100,99688,100,100396,100,99683,100,100445,100,99664,100,100484,100,99634,100,100578,100,99602,100,100669,100,99466,100,100686,100,99444,100,100858,100,99337,100
2019-06-28 10:01:48.876509294,100263,502,99986,522,100273,100,99908,100,100361,100,99895,100,100396,100,99688,100,100445,100,99683,100,100484,100,99664,100,100578,100,99634,100,100669,100,99602,100,100686,100,99466,100,100858,100,99444,100
2019-06-28 10:01:50.000000000,100263,200,99986,220,100273,200,99908,200,100361,200,99895,200,100396,200,99688,200,100445,100,99683,100,100484,100,99664,100,100578,100,99634,100,100669,100,99602,100,100686,100,99466,100,100858,100,99444,100
2019-06-28 10:01:53.416768806,100235,100,99986,220,100263,200,99908,200,100273,200,99895,200,100361,200,99688,200,100396,200,99683,100,100445,100,99664,100,100484,100,99634,100,100578,100,99602,100,100669,100,99466,100,100686,100,99337,100
2019-06-28 10:01:54.370132947,100235,100,100146,100,100263,200,99986,220,100273,200,99908,200,100361,200,99895,200,100396,200,99688,200,100445,100,99683,100,100484,100,99664,100,100578,100,99634,100,100669,100,99602,100,100686,100,99466,100
2019-06-28 10:02:00.000000000,100235,237,100146,237,100263,233,99986,253,100273,233,99908,233,100361,100,99895,100,100396,100,99688,100,100445,100,99683,100,100484,100,99664,100,100578,100,99634,100,100669,100,99602,100,100686,100,99466,100
2019-06-28 10:02:02.315025671,100235,237,100146,237,100263,233,99986,253,100273,233,99908,233,100361,100,99895,100,100396,100,99688,100,100445,100,99683,100,100484,100,99664,100,100578,100,99634,100,100582,100,99602,100,100669,100,99466,100
2019-06-28 10:02:10.000000000,100235,180,100146,180,100263,180,99986,200,100273,180,99908,180,100361,180,99895,180,100396,180,99688,180,100445,100,99683,100,100484,100,99664,100,100578,100,99634,100,100582,100,99602,100,100669,100,99466,100
2019-06-28 10:02:18.234499043,100235,180,100146,180,100254,100,99986,200,100263,80,99908,180,100273,180,99895,180,100361,180,99688,180,100396,180,99683,100,100445,100,99664,100,100484,100,99634,100,100578,100,99602,100,100582,100,99466,100
2019-06-28 10:02:20.000000000,100235,200,100146,200,100254,200,99986,220,100273,200,99908,200,100361,200,99895,200,100396,100,99688,100,100445,100,99683,100,100484,100,99664,100,100578,100,99634,100,100582,100,99602,100,100669,100,99466,100
2019-06-28 10:02:21.018649060,100235,200,100184,100,100254,200,100146,200,100273,200,99986,220,100361,200,99908,200,100396,100,99895,200,100445,100,99688,100,100484,100,99683,100,100578,100,99664,100,100582,100,99634,100,100669,100,99602,100
2019-06-28 10:02:30.000000000,100235,200,100184,200,100254,200,100146,200,100273,200,99986,220,100361,200,99908,200,100396,100,99895,100,100445,100,99688,100,100484,100,99683,100,100578,100,99664,100,100582,100,99634,100,100669,100,99602,100
2019-06-28 10:02:30.984743966,100235,200,100184,200,100254,200,100146,200,100273,200,99986,320,100361,200,99908,200,100396,100,99895,100,100445,100,99688,100,100484,100,99683,100,100578,100,99664,100,100582,100,99634,100,100669,100,99602,100
2019-06-28 10:02:32.579908634,100235,200,100184,200,100254,200,100146,200,100273,200,99986,420,100361,200,99908,200,100396,100,99895,100,100445,100,99688,100,100484,100,99683,100,100578,100,99664,100,100582,100,99634,100,100669,100,99602,100
2019-06-28 10:02:40.000000000,100235,301,100184,301,100254,301,100146,301,100273,100,99986,320,100361,100,99908,100,100396,100,99895,100,100445,100,99688,100,100484,100,99683,100,100578,100,99664,100,100582,100,99634,100,100669,100,99602,100
2019-06-28 10:02:50.000000000,100235,200,100184,200,100254,200,100146,200,100273,200,99986,420,100361,200,99908,200,100396,100,99895,100,100445,100,99688,100,100484,100,99683,100,100578,100,99664,100,100582,100,99634,100,100669,100,99602,100
2019-06-28 10:03:00.000000000,100235,180,100184,180,100254,180,100146,180,100273,180,99986,400,100361,180,99908,180,100396,180,99895,180,100445,100,99688,100,100484,100,99683,100,100578,100,99664,100,100582,100,99634,100,100669,100,99602,100
2019-06-28 10:03:01.475345761,100235,180,100184,180,100254,180,100146,180,100273,180,99986,500,100361,180,99908,180,100396,180,99895,180,100445,100,99688,100,100484,100,99683,100,100578,100,99664,100,100582,100,99634,100,100669,100,99602,100
2019-06-28 10:03:02.698098777,100235,80,100184,180,100254,180,100146,180,100273,180,99986,500,100361,180,99908,180,100396,180,99895,180,100445,100,99688,100,100484,100,99683,100,100578,100,99664,100,100582,100,99634,100,100669,100,99602,100
2019-06-28 10:03:10.000000000,100254,502,100184,502,100273,100,100146,100,100361,100,99986,420,100396,100,99908,100,100445,100,99895,100,100484,100,99688,100,100578,100,99683,100,100582,100,99664,100,100669,100,99634,100,100686,100,99602,100
2019-06-28 10:03:12.105867328,100254,402,100184,502,100273,100,100146,100,100361,100,99986,420,100396,100,99908,100,100445,100,99895,100,100484,100,99688,100,100578,100,99683,100,100582,100,99664,100,100669,100,99634,100,100686,100,99602,100
2019-06-28 10:03:20.000000000,100273,301,100184,301,100361,301,100146,301,100396,100,99986,420,100445,100,99908,100,100484,100,99895,100,100578,100,99688,100,100582,100,99683,100,100669,100,99664,100,100686,100,99634,100,100858,100,99602,100
2019-06-28 10:03:30.000000000,100273,301,100184,301,100361,301,100146,301,100396,100,99986,420,100445,100,99908,100,100484,100,99895,100,100578,100,99688,100,100582,100,99683,100,100669,100,99664,100,100686,100,99634,100,100858,100,99602,100
2019-06-28 10:03:30.476015098,100273,301,100235,100,100361,301,100184,301,100396,100,100146,301,100445,100,99986,420,100484,100,99908,100,100578,100,99895,100,100582,100,99688,100,100669,100,99683,100,100686,100,99664,100,100858,100,99634,100
2019-06-28 10:03:30.785037854,100273,301,100235,200,100361,301,100184,301,100396,100,100146,301,100445,100,99986,420,100484,100,99908,100,100578,100,99895,100,100582,100,99688,100,100669,100,99683,100,100686,100,99664,100,100858,100,99634,100
2019-06-28 10:03:40.000000000,100273,237,100235,337,100361,233,100184,233,100396,233,100146,233,100445,100,99986,420,100484,100,99908,100,100578,100,99895,100,100582,100,99688,100,100669,100,99683,100,100686,100,99664,100,100858,100,99634,100
2019-06-28 10:03:50.000000000,100273,200,100235,300,100361,200,100184,200,100396,200,100146,200,100445,200,99986,520,100484,100,99908,100,100578,100,99895,100,100582,100,99688,100,100669,100,99683,100,100686,100,99664,100,100858,100,99634,100
2019-06-28 10:04:00.000000000,100273,200,100235,300,100361,200,100184,200,100396,200,100146,200,100445,200,99986,520,100484,100,99908,100,100578,100,99895,100,100582,100,99688,100,100669,100,99683,100,100686,100,99664,100,100858,100,99634,100
2019-06-28 10:04:10.000000000,100273,200,100235,300,100361,200,100184,200,100396,200,100146,200,100445,200,99986,520,100484,100,99908,100,100578,100,99895,100,100582,100,99688,100,100669,100,99683,100,100686,100,99664,100,100858,100,99634,100
2019-06-28 10:04:20.000000000,100273,237,100235,337,100361,233,100184,233,100396,233,100146,233,100445,100,99986,420,100484,100,99908,100,100578,100,99895,100,100582,100,99688,100,100669,100,99683,100,100686,100,99664,100,100858,100,99634,100
2019-06-28 10:04:30.000000000,100273,301,100235,401,100361,301,100184,301,100396,100,100146,100,100445,100,99986,420,100484,100,99908,100,100578,100,99895,100,100582,100,99688,100,100669,100,99683,100,100686,100,99664,100,100858,100,99634,100
2019-06-28 10:04:31.632632784,100273,301,100235,301,100361,301,100184,301,100396,100,100146,100,100445,100,99986,420,100484,100,99908,100,100578,100,99895,100,100582,100,99688,100,100669,100,99683,100,100686,100,99664,100,100858,100,99634,100
2019-06-28 10:04:33.620518135,100273,301,100235,301,100361,301,100184,301,100396,100,100146,100,100445,100,100128,100,100484,100,99986,420,100578,100,99908,100,100582,100,99895,100,100669,100,99688,100,100686,100,99664,100,100858,100,99634,100
2019-06-28 10:04:37.927365984,100273,301,100235,201,100361,301,100184,301,100445,100,100146,100,100484,100,100128,100,100578,100,99986,420,100582,100,99908,100,100669,100,99895,100,100686,100,99688,100,100858,100,99664,100,100970,100,99634,100
2019-06-28 10:04:40.000000000,100273,301,100184,301,100361,301,100146,301,100445,100,100128,100,100484,100,99986,420,100578,100,99908,100,100582,100,99895,100,100669,100,99688,100,100686,100,99664,100,100858,100,99634,100,100970,100,99602,100
2019-06-28 10:04:45.237875250,100273,301,100184,301,100361,301,100161,100,100445,100,100146,301,100484,100,100128,100,100578,100,99986,420,100582,100,99908,100,100669,100,99895,100,100686,100,99688,100,100858,100,99664,100,100970,100,99634,100
2019-06-28 10:04:48.603375681,100235,100,100184,301,100273,301,100161,100,100361,301,100146,301,100445,100,100128,100,100484,100,99986,420,100578,100,99895,100,100582,100,99688,100,100669,100,99664,100,100686,100,99634,100,100858,100,99602,100
2019-06-28 10:04:50.000000000,100235,180,100184,180,100273,180,100161,180,100361,180,100146,180,100445,180,100128,180,100484,180,99986,500,100578,100,99895,100,100582,100,99688,100,100669,100,99664,100,100686,100,99634,100,100858,100,99602,100
2019-06-28 10:05:00.000000000,100235,502,100184,502,100273,100,100161,100,100361,100,100146,100,100445,100,100128,100,100484,100,99986,420,100578,100,99895,100,100582,100,99688,100,100669,100,99664,100,100686,100,99634,100,100858,100,99602,100
2019-06-28 10:05:10.000000000,100235,301,100184,301,100273,301,100161,301,100361,100,100146,100,100445,100,100128,100,100484,100,99986,420,100578,100,99895,100,100582,100,99688,100,100669,100,99664,100,100686,100,99634,100,100858,100,99602,100
2019-06-28 10:05:20.000000000,100235,502,100184,502,100273,100,100161,100,100361,100,100146,100,100445,100,100128,100,100484,100,99986,420,100578,100,99895,100,100582,100,99688,100,100669,100,99664,100,100686,100,99634,100,100858,100,99602,100
2019-06-28 10:05:29.269549040,100235,402,100184,502,100273,100,100161,100,100361,100,100146,100,100445,100,100128,100,100484,100,99986,420,100578,100,99895,100,100582,100,99688,100,100669,100,99664,100,100686,100,99634,100,100858,100,99602,100
2019-06-28 10:05:30.000000000,100273,200,100184,200,100361,200,100161,200,100445,200,100146,200,100484,200,100128,200,100578,100,99986,420,100582,100,99895,100,100669,100,99688,100,100686,100,99664,100,100858,100,99634,100,100970,100,99602,100
2019-06-28 10:05:40.000000000,100273,180,100184,180,100361,180,100161,180,100445,180,100146,180,100484,180,100128,180,100578,180,99986,500,100582,100,99895,100,100669,100,99688,100,100686,100,99664,100,100858,100,99634,100,100970,100,99602,100
2019-06-28 10:05:45.442258790,100248,100,100184,180,100273,180,100161,180,100361,180,100146,180,100445,180,100128,180,100484,180,99986,500,100578,180,99895,100,100582,100,99688,100,100686,100,99664,100,100858,100,99634,100,100970,100,99602,100
2019-06-28 10:05:49.927390315,100248,100,100184,180,100273,180,100161,180,100361,180,100146,180,100445,180,100128,180,100484,180,99986,500,100578,180,99967,100,100582,100,99895,100,100686,100,99688,100,100858,100,99664,100,100970,100,99634,100
