,ask_price_1,ask_size_1,bid_price_1,bid_size_1,ask_price_2,ask_size_2,bid_price_2,bid_size_2,ask_price_3,ask_size_3,bid_price_3,bid_size_3,ask_price_4,ask_size_4,bid_price_4,bid_size_4,ask_price_5,ask_size_5,bid_price_5,bid_size_5,ask_price_6,ask_size_6,bid_price_6,bid_size_6,ask_price_7,ask_size_7,bid_price_7,bid_size_7,ask_price_8,ask_size_8,bid_price_8,bid_size_8,ask_price_9,ask_size_9,bid_price_9,bid_size_9,ask_price_10,ask_size_10,bid_price_10,bid_size_10
2019-06-28 09:30:00.000000001,100164,100,,,,,,,,,,,,,,,,,,,,,,,,,,,,,,,,,,,,,,
2019-06-28 09:30:00.000000003,100057,100,99958,100,100164,100,,,,,,,,,,,,,,,,,,,,,,,,,,,,,,,,,,
2019-06-28 09:30:00.000000005,100057,100,99965,100,100164,100,99958,100,,,,,,,,,,,,,,,,,,,,,,,,,,,,,,,,
2019-06-28 09:30:00.000000008,100057,100,99965,100,100090,100,99958,100,100164,100,,,,,,,,,,,,,,,,,,,,,,,,,,,,,,
2019-06-28 09:30:00.000000010,100057,100,99990,100,100090,100,99965,100,100109,100,99958,100,100164,100,99947,100,,,99934,100,,,,,,,,,,,,,,,,,,,,
2019-06-28 09:30:00.000000013,100057,100,100037,100,100090,100,99990,100,100095,100,99965,100,100109,100,99958,100,100164,100,99947,100,,,99934,100,,,,,,,,,,,,,,,,
2019-06-28 09:30:00.000000014,100057,100,99990,100,100081,100,99965,100,100090,100,99958,100,100095,100,99947,100,100109,100,99934,100,100164,100,,,,,,,,,,,,,,,,,,
2019-06-28 09:30:00.000000015,100057,100,99990,100,100077,100,99965,100,100081,100,99958,100,100090,100,99947,100,100095,100,99934,100,100109,100,,,100164,100,,,,,,,,,,,,,,
2019-06-28 09:30:00.000000017,100028,100,99990,100,100057,100,99965,100,100077,100,99958,100,100081,100,99947,100,100090,100,99934,100,100095,100,99894,100,100109,100,,,100164,100,,,,,,,,,,
2019-06-28 09:30:00.000000019,100028,100,99990,100,100057,100,99965,100,100077,100,99958,100,100081,100,99947,100,100090,100,99934,100,100095,100,99924,100,100109,100,99894,100,100114,100,,,100164,100,,,,,,
2019-06-28 09:30:00.000000020,100028,100,99990,100,100057,100,99965,100,100077,100,99958,100,100081,100,99947,100,100090,100,99934,300,100095,100,99924,100,100109,100,99909,100,100114,100,99894,100,100164,100,,,,,,
2019-06-28 09:30:00.000000023,100028,100,99965,100,100057,100,99958,100,100077,100,99947,100,100081,100,99934,300,100090,100,99924,100,100095,100,99909,100,100109,100,99894,100,100114,100,99859,100,100164,100,,,,,,
2019-06-28 09:30:00.000000024,100028,100,99965,100,100053,100,99958,100,100057,100,99947,200,100077,100,99934,300,100081,100,99924,100,100090,100,99909,100,100095,100,99894,100,100109,100,99859,100,100114,100,,,100164,100,,
2019-06-28 09:30:00.000000025,100028,100,100010,100,100053,100,99965,100,100057,100,99958,100,100077,100,99947,200,100081,100,99934,300,100090,100,99924,100,100095,100,99909,100,100109,100,99894,100,100114,100,99859,100,100164,100,,
2019-06-28 09:30:00.000000030,100028,100,100010,100,100046,100,99965,100,100053,100,99958,100,100057,100,99947,200,100077,100,99934,300,100081,100,99924,100,100090,100,99909,100,100095,100,99894,100,100109,100,99880,100,100114,100,99859,100
2019-06-28 09:30:00.000000035,100028,100,100010,100,100046,100,99965,100,100050,100,99958,100,100053,100,99947,200,100057,100,99934,300,100077,100,99924,100,100081,100,99909,100,100090,100,99894,100,100095,100,99880,100,100109,100,99859,100
2019-06-28 09:30:00.000000037,100028,100,100010,100,100037,100,99965,100,100046,100,99958,100,100050,100,99947,200,100053,100,99934,300,100057,100,99924,100,100077,100,99909,100,100081,100,99894,100,100090,100,99880,100,100095,100,99859,100
2019-06-28 09:30:00.000000040,100028,100,100010,100,100037,100,99976,100,100046,100,99965,100,100050,100,99958,100,100053,100,99947,200,100057,100,99934,300,100077,100,99924,100,100081,100,99909,100,100090,100,99894,100,100095,100,99880,100
2019-06-28 09:30:00.000000044,100028,100,100010,100,100037,100,100003,100,100046,100,99976,100,100050,100,99965,100,100053,100,99958,100,100057,100,99947,200,100077,100,99934,300,100081,100,99924,100,100090,100,99909,100,100095,100,99894,100
2019-06-28 09:30:00.000000046,100028,100,100010,100,100037,100,100003,100,100046,100,99976,100,100050,100,99965,100,100053,100,99958,100,100057,100,99947,200,100070,100,99934,300,100077,100,99924,100,100081,100,99909,100,100090,100,99894,100
2019-06-28 09:30:00.000000051,100028,100,100010,100,100037,100,100003,100,100046,100,99976,100,100050,100,99965,100,100053,100,99958,100,100057,100,99947,200,100070,100,99934,300,100077,100,99924,100,100081,100,99909,100,100090,100,99894,100
2019-06-28 09:30:00.000000052,100028,100,100010,100,100037,100,100003,100,100046,100,99976,100,100050,100,99965,100,100053,100,99958,100,100057,100,99947,200,100070,100,99934,300,100077,100,99924,100,100081,100,99909,100,100090,100,99894,100
2019-06-28 09:30:00.000000053,100027,100,100010,100,100028,100,100003,100,100037,100,99976,100,100046,100,99965,100,100050,100,99958,100,100053,100,99947,200,100057,100,99934,300,100070,100,99924,100,100077,100,99909,100,100081,100,99894,100
2019-06-28 09:30:00.000000055,100027,100,100010,100,100028,100,100003,100,100037,100,99976,100,100046,100,99965,100,100050,100,99958,100,100053,100,99947,200,100057,100,99934,300,100070,100,99924,100,100077,100,99909,100,100081,100,99894,100
2019-06-28 09:30:00.000000058,100027,100,100010,100,100028,100,100003,100,100037,100,99976,100,100046,100,99967,100,100050,100,99965,100,100053,100,99958,100,100057,100,99947,200,100070,100,99934,300,100077,100,99924,100,100081,100,99909,100
2019-06-28 09:30:00.000000061,100027,100,100010,100,100028,100,100003,100,100037,200,99976,100,100046,100,99967,100,100050,100,99965,100,100053,100,99958,100,100057,100,99947,200,100070,100,99934,300,100077,100,99924,100,100081,100,99909,100
2019-06-28 09:30:00.000000063,100027,100,100010,100,100028,100,100003,100,100037,200,99976,100,100046,100,99967,100,100050,100,99965,100,100053,100,99958,100,100057,100,99947,200,100070,100,99934,300,100077,100,99924,100,100081,100,99909,100
2019-06-28 09:30:00.000000064,100027,100,100010,100,100028,100,100003,100,100037,200,99984,100,100046,100,99976,100,100050,100,99967,100,100053,100,99965,100,100057,100,99958,100,100070,100,99947,200,100077,100,99934,300,100081,100,99924,100
2019-06-28 09:30:00.000000065,100027,100,100003,100,100028,100,99984,100,100037,200,99976,100,100046,100,99967,100,100050,100,99965,100,100053,100,99958,100,100057,100,99955,100,100070,100,99947,200,100077,100,99934,300,100081,100,99924,100
2019-06-28 09:30:00.000000066,100027,100,100004,100,100028,100,100003,100,100037,200,99984,100,100046,100,99976,100,100050,100,99967,100,100053,100,99965,100,100057,100,99958,100,100070,100,99955,100,100077,100,99947,200,100081,100,99934,300
2019-06-28 09:30:00.000000067,100027,100,100004,100,100028,100,100003,100,100037,200,99984,100,100046,100,99976,100,100050,100,99967,100,100053,100,99965,100,100057,100,99958,100,100070,100,99955,100,100077,100,99947,200,100081,100,99934,300
2019-06-28 09:30:00.000000070,100027,100,100004,100,100028,100,100003,100,100037,200,99984,100,100046,100,99976,100,100050,100,99967,100,100053,100,99965,100,100057,100,99958,100,100070,100,99955,100,100077,100,99954,100,100081,100,99947,200
2019-06-28 09:30:00.000000071,100027,100,100004,100,100028,100,100003,100,100037,200,99984,100,100046,100,99976,100,100050,100,99967,100,100053,100,99965,100,100057,100,99958,100,100070,100,99955,100,100077,100,99954,100,100081,100,99947,200
2019-06-28 09:30:00.000000073,100027,100,100004,200,100028,100,100003,100,100037,200,99984,100,100046,100,99976,100,100050,100,99967,100,100053,100,99965,100,100057,100,99958,100,100070,100,99955,100,100077,100,99954,100,100081,100,99947,200
2019-06-28 09:30:00.000000076,100027,100,100004,300,100028,100,100003,100,100037,200,99984,100,100046,100,99976,100,100050,100,99967,100,100053,100,99965,100,100057,100,99958,100,100070,100,99955,100,100077,100,99954,100,100081,100,99947,200
2019-06-28 09:30:00.000000078,100027,100,100004,300,100028,100,100003,100,100037,200,99984,100,100046,100,99976,100,100050,100,99967,100,100053,100,99965,100,100057,100,99958,100,100070,100,99955,100,100077,100,99954,100,100081,100,99947,200
2019-06-28 09:30:00.000000079,100027,100,100004,400,100028,100,100003,100,100037,200,99984,100,100046,100,99976,100,100050,100,99967,100,100053,100,99965,100,100057,100,99958,100,100070,100,99955,100,100077,100,99954,100,100081,100,99947,200
2019-06-28 09:30:00.000000083,100027,100,100004,400,100028,100,100003,100,100037,200,99984,100,100046,100,99976,100,100050,100,99967,100,100053,100,99965,100,100057,100,99958,100,100070,100,99955,100,100077,100,99954,100,100081,100,99947,200
2019-06-28 09:30:00.000000085,100027,100,100004,400,100028,100,100003,100,100037,200,99984,100,100046,100,99976,100,100050,100,99967,100,100053,100,99965,100,100057,100,99958,100,100070,100,99955,100,100077,100,99954,100,100081,100,99947,200
2019-06-28 09:30:00.000000089,100027,100,100004,400,100028,100,100003,100,100037,200,99984,100,100046,100,99976,100,100050,100,99967,100,100053,100,99965,100,100057,100,99958,100,100070,100,99955,100,100077,100,99954,100,100081,100,99947,200
2019-06-28 09:30:00.000000090,100027,100,100004,400,100028,100,100003,100,100037,200,99984,100,100046,100,99976,100,100050,100,99967,100,100053,100,99965,100,100057,100,99958,100,100070,100,99955,100,100077,100,99954,100,100081,100,99947,200
2019-06-28 09:30:00.000000093,100011,100,100004,400,100027,100,100003,100,100028,100,99984,100,100037,200,99976,100,100046,100,99967,100,100050,100,99965,100,100053,100,99958,100,100057,100,99955,100,100070,100,99954,100,100077,100,99947,200
2019-06-28 09:30:00.000000094,100011,100,100004,400,100027,100,100003,100,100028,100,99984,100,100037,200,99976,100,100046,100,99967,100,100050,100,99965,100,100053,100,99958,100,100057,100,99955,100,100070,100,99954,100,100077,100,99947,200
2019-06-28 09:30:00.000000095,100011,100,100004,500,100027,100,100003,100,100028,100,99984,100,100037,200,99976,100,100046,100,99967,100,100050,100,99965,100,100053,100,99958,100,100057,100,99955,100,100070,100,99954,100,100077,100,99947,200
2019-06-28 09:30:00.000000097,100011,100,100004,500,100027,100,100003,100,100028,100,99995,100,100037,200,99984,100,100046,100,99976,100,100050,100,99967,100,100053,100,99965,100,100057,100,99958,100,100070,100,99955,100,100077,100,99954,100
2019-06-28 09:30:00.000000099,100011,100,100004,500,100027,100,100003,100,100028,100,99995,100,100037,200,99984,100,100046,100,99976,100,100050,100,99967,100,100053,100,99965,100,100057,100,99961,100,100070,100,99958,100,100077,100,99955,100
2019-06-28 09:30:10.000000000,100011,291,100004,691,100027,291,100003,291,100028,100,99995,100,100037,200,99984,100,100046,100,99976,100,100050,100,99967,100,100053,100,99965,100,100057,100,99961,100,100070,100,99958,100,100077,100,99955,100
2019-06-28 09:30:15.099111533,100011,291,100004,591,100027,291,100003,291,100028,100,99995,100,100037,200,99984,100,100046,100,99976,100,100050,100,99967,100,100053,100,99965,100,100057,100,99961,100,100070,100,99958,100,100077,100,99955,100
2019-06-28 09:30:18.273510911,100011,291,100004,591,100027,291,100003,291,100028,100,99995,100,100037,200,99984,100,100046,100,99976,100,100050,100,99967,100,100053,100,99965,100,100057,100,99961,100,100070,100,99958,100,100081,100,99955,100
2019-06-28 09:30:20.000000000,100011,482,100004,782,100027,100,100003,100,100028,100,99995,100,100037,200,99984,100,100046,100,99976,100,100050,100,99967,100,100053,100,99965,100,100057,100,99961,100,100070,100,99958,100,100081,100,99955,100
2019-06-28 09:30:21.935733684,100011,482,100004,782,100027,100,100003,100,100028,100,99995,100,100037,200,99984,100,100046,100,99976,100,100050,100,99967,100,100053,100,99965,100,100057,100,99961,100,100070,100,99958,100,100081,100,99955,100
2019-06-28 09:30:23.020757396,100011,382,100004,782,100027,100,100003,100,100028,100,99995,100,100037,200,99984,100,100046,100,99976,100,100050,100,99967,100,100053,100,99965,100,100057,100,99961,100,100070,100,99958,100,100081,100,99955,100
2019-06-28 09:30:27.678969445,100011,382,100004,782,100027,100,100003,100,100028,100,99995,100,100037,200,99984,100,100046,100,99976,100,100050,100,99967,100,100053,100,99965,100,100057,100,99961,100,100070,100,99958,100,100081,100,99955,100
2019-06-28 09:30:30.000000000,100027,196,100004,496,100028,196,100003,196,100037,296,99995,196,100046,196,99984,196,100050,100,99976,100,100053,100,99967,100,100057,100,99965,100,100070,100,99961,100,100081,100,99958,100,100085,200,99955,100
2019-06-28 09:30:40.000000000,100027,196,100004,496,100028,196,100003,196,100037,296,99995,196,100046,196,99984,196,100050,100,99976,100,100053,100,99967,100,100057,100,99965,100,100070,100,99961,100,100081,100,99958,100,100085,200,99955,100
2019-06-28 09:30:50.000000000,100027,482,100004,782,100028,100,100003,100,100037,200,99995,100,100046,100,99984,100,100050,100,99976,100,100053,100,99967,100,100057,100,99965,100,100070,100,99961,100,100081,100,99958,100,100085,200,99955,100
2019-06-28 09:31:00.000000000,100027,176,100004,476,100028,176,100003,176,100037,276,99995,176,100046,176,99984,176,100050,176,99976,176,100053,100,99967,100,100057,100,99965,100,100070,100,99961,100,100081,100,99958,100,100085,200,99955,100
2019-06-28 09:31:10.000000000,100027,482,100004,782,100028,100,100003,100,100037,200,99995,100,100046,100,99984,100,100050,100,99976,100,100053,100,99967,100,100057,100,99965,100,100070,100,99961,100,100081,100,99958,100,100085,200,99955,100
2019-06-28 09:31:20.000000000,100027,482,100004,782,100028,100,100003,100,100037,200,99995,100,100046,100,99984,100,100050,100,99976,100,100053,100,99967,100,100057,100,99965,100,100070,100,99961,100,100081,100,99958,100,100085,200,99955,100
2019-06-28 09:31:30.000000000,100027,196,100004,496,100028,196,100003,196,100037,296,99995,196,100046,196,99984,196,100050,100,99976,100,100053,100,99967,100,100057,100,99965,100,100070,100,99961,100,100081,100,99958,100,100085,200,99955,100
2019-06-28 09:31:36.508768141,100027,196,100023,100,100028,196,100004,496,100037,296,100003,196,100046,196,99995,196,100050,100,99984,196,100053,100,99976,100,100057,100,99967,100,100070,100,99965,100,100081,100,99961,100,100085,200,99958,100
2019-06-28 09:31:40.000000000,100027,176,100023,176,100028,176,100004,476,100037,276,100003,176,100046,176,99995,176,100050,176,99984,176,100053,100,99976,100,100057,100,99967,100,100070,100,99965,100,100081,100,99961,100,100085,200,99958,100
2019-06-28 09:31:45.658979840,100027,176,100023,176,100028,176,100004,476,100037,276,100003,176,100046,176,99995,176,100050,176,99984,176,100053,100,99976,200,100057,100,99967,100,100070,100,99965,100,100081,100,99961,100,100085,100,99958,100
2019-06-28 09:31:50.000000000,100027,291,100023,291,100028,291,100004,591,100037,200,100003,100,100046,100,99995,100,100050,100,99984,100,100053,100,99976,200,100057,100,99967,100,100070,100,99965,100,100081,100,99961,100,100085,100,99958,100
2019-06-28 09:32:00.000000000,100027,176,100023,176,100028,176,100004,476,100037,276,100003,176,100046,176,99995,176,100050,176,99984,176,100053,100,99976,200,100057,100,99967,100,100070,100,99965,100,100081,100,99961,100,100085,100,99958,100
2019-06-28 09:32:10.000000000,100027,482,100023,482,100028,100,100004,400,100037,200,100003,100,100046,100,99995,100,100050,100,99984,100,100053,100,99976,200,100057,100,99967,100,100070,100,99965,100,100081,100,99961,100,100085,100,99958,100
2019-06-28 09:32:11.269538577,100027,482,100023,382,100028,100,100004,400,100037,200,100003,100,100046,100,99995,100,100050,100,99984,100,100053,100,99976,200,100057,100,99967,100,100070,100,99965,100,100081,100,99961,100,100085,100,99958,100
2019-06-28 09:32:18.090245475,100027,482,100023,382,100028,100,100004,400,100035,100,100003,100,100037,200,99995,100,100046,100,99984,100,100050,100,99976,200,100053,100,99967,100,100057,100,99965,100,100070,100,99961,100,100081,100,99958,100
2019-06-28 09:32:20.000000000,100027,291,100004,591,100028,291,100003,291,100035,100,99995,100,100037,200,99984,100,100046,100,99976,200,100050,100,99967,100,100053,100,99965,100,100057,100,99961,100,100070,100,99958,100,100081,100,99955,100
2019-06-28 09:32:24.965310459,100027,291,100004,591,100028,291,100003,291,100035,100,99995,100,100037,200,99984,100,100046,100,99976,200,100050,100,99967,100,100053,100,99965,100,100057,100,99963,100,100070,100,99961,100,100081,100,99958,100
2019-06-28 09:32:30.000000000,100027,482,100004,782,100028,100,100003,100,100035,100,99995,100,100037,200,99984,100,100046,100,99976,200,100050,100,99967,100,100053,100,99965,100,100057,100,99963,100,100070,100,99961,100,100081,100,99958,100
2019-06-28 09:32:40.000000000,100027,196,100004,496,100028,196,100003,196,100035,196,99995,196,100037,296,99984,196,100046,100,99976,200,100050,100,99967,100,100053,100,99965,100,100057,100,99963,100,100070,100,99961,100,100081,100,99958,100
2019-06-28 09:32:42.354790775,100027,196,100004,496,100028,196,100003,196,100035,196,99995,196,100037,296,99984,196,100046,100,99976,200,100050,100,99967,100,100053,100,99965,100,100057,100,99963,100,100070,100,99961,100,100081,100,99958,100
2019-06-28 09:32:44.758348740,100027,196,100004,396,100028,196,100003,196,100035,196,99995,196,100037,296,99984,196,100046,100,99976,200,100050,100,99967,100,100053,100,99965,100,100057,100,99963,100,100070,100,99961,100,100081,100,99958,100
2019-06-28 09:32:46.846613063,100027,196,100004,396,100028,196,100003,196,100035,196,99995,196,100037,296,99984,196,100046,100,99976,200,100050,100,99967,100,100053,100,99965,100,100057,100,99963,100,100070,100,99961,100,100081,100,99958,100
2019-06-28 09:32:50.000000000,100027,482,100004,682,100028,100,100003,100,100035,100,99995,100,100037,200,99984,100,100046,100,99976,200,100050,100,99967,100,100053,100,99965,100,100057,100,99963,100,100070,100,99961,100,100081,100,99958,100
2019-06-28 09:32:50.509075328,100027,482,100004,582,100028,100,100003,100,100035,100,99995,100,100037,200,99984,100,100046,100,99976,200,100050,100,99967,100,100053,100,99965,100,100057,100,99963,100,100070,100,99961,100,100081,100,99958,100
2019-06-28 09:32:59.296441519,100027,482,100004,482,100028,100,100003,100,100035,100,99995,100,100037,200,99984,100,100046,100,99976,200,100050,100,99967,100,100053,100,99965,100,100057,100,99963,100,100070,100,99961,100,100081,100,99958,100
2019-06-28 09:33:00.000000000,100027,196,100004,196,100028,196,100003,196,100035,196,99995,196,100037,296,99984,196,100046,100,99976,200,100050,100,99967,100,100053,100,99965,100,100057,100,99963,100,100070,100,99961,100,100081,100,99958,100
2019-06-28 09:33:05.589465376,100027,196,100004,96,100028,196,100003,196,100035,96,99995,196,100037,296,99984,196,100046,100,99976,200,100050,100,99967,100,100053,100,99965,100,100057,100,99963,100,100070,100,99961,100,100081,100,99958,100
2019-06-28 09:33:10.000000000,100027,230,100003,230,100028,226,99995,226,100037,326,99984,226,100046,100,99976,200,100050,100,99967,100,100053,100,99965,100,100057,100,99963,100,100070,100,99961,100,100081,100,99958,100,100085,100,99955,100
2019-06-28 09:33:20.000000000,100027,230,100003,230,100028,226,99995,226,100037,326,99984,226,100046,100,99976,200,100050,100,99967,100,100053,100,99965,100,100057,100,99963,100,100070,100,99961,100,100081,100,99958,100,100085,100,99955,100
2019-06-28 09:33:22.083261014,100027,230,100003,230,100028,226,99995,226,100037,326,99984,226,100046,100,99976,200,100050,100,99967,100,100053,100,99965,100,100057,100,99963,100,100070,100,99961,100,100081,100,99958,100,100085,100,99955,100
2019-06-28 09:33:26.831540690,100027,230,100003,230,100028,226,99995,226,100037,326,99984,226,100046,100,99976,200,100050,100,99967,100,100053,100,99965,100,100054,100,99963,100,100070,100,99961,100,100081,100,99958,100,100085,100,99955,100
2019-06-28 09:33:27.915891507,100004,100,100003,230,100027,230,99995,226,100028,226,99984,226,100037,326,99976,200,100046,100,99967,100,100050,100,99965,100,100053,100,99963,100,100054,100,99961,100,100070,100,99958,100,100081,100,99955,100
2019-06-28 09:33:28.540325101,100004,100,100003,230,100027,230,99995,226,100028,226,99984,226,100037,326,99976,200,100046,100,99967,100,100050,100,99965,100,100053,100,99963,100,100054,100,99961,100,100070,100,99958,100,100081,100,99955,100
2019-06-28 09:33:29.073138834,100004,100,100003,230,100027,230,99995,226,100028,226,99984,226,100037,326,99976,200,100046,100,99967,100,100050,100,99965,100,100053,100,99963,100,100054,100,99961,100,100070,100,99958,100,100081,100,99955,100
2019-06-28 09:33:30.000000000,100004,196,100003,196,100027,196,99995,196,100028,196,99984,196,100037,296,99976,296,100046,100,99967,100,100050,100,99965,100,100053,100,99963,100,100054,100,99961,100,100070,100,99958,100,100081,100,99955,100
2019-06-28 09:33:40.000000000,100004,196,100003,196,100027,196,99995,196,100028,196,99984,196,100037,296,99976,296,100046,100,99967,100,100050,100,99965,100,100053,100,99963,100,100054,100,99961,100,100070,100,99958,100,100081,100,99955,100
2019-06-28 09:33:42.368792590,100004,96,100003,196,100027,196,99995,196,100028,196,99984,196,100037,296,99976,296,100046,100,99967,100,100050,100,99965,100,100053,100,99963,100,100054,100,99961,100,100070,100,99958,100,100081,100,99955,100
2019-06-28 09:33:50.000000000,100027,482,100003,482,100028,100,99995,100,100037,200,99984,100,100046,100,99976,200,100050,100,99967,100,100053,100,99965,100,100054,100,99963,100,100070,100,99961,100,100081,100,99958,100,100085,100,99955,100
2019-06-28 09:34:00.000000000,100027,176,100003,176,100028,176,99995,176,100037,276,99984,176,100046,176,99976,276,100050,176,99967,176,100053,100,99965,100,100054,100,99963,100,100070,100,99961,100,100081,100,99958,100,100085,100,99955,100
2019-06-28 09:34:10.000000000,100027,291,100003,291,100028,291,99995,291,100037,200,99984,100,100046,100,99976,200,100050,100,99967,100,100053,100,99965,100,100054,100,99963,100,100070,100,99961,100,100081,100,99958,100,100085,100,99955,100
2019-06-28 09:34:18.157761051,100027,191,100003,291,100028,291,99995,291,100037,200,99984,100,100046,100,99976,100,100050,100,99967,100,100053,100,99965,100,100054,100,99963,100,100070,100,99961,100,100081,100,99958,100,100085,100,99955,100
2019-06-28 09:34:19.597234808,100027,191,100004,100,100028,291,100003,291,100037,200,99995,291,100046,100,99984,100,100050,100,99976,100,100053,100,99967,100,100054,100,99965,100,100070,100,99963,100,100081,100,99961,100,100085,100,99958,100
2019-06-28 09:34:20.000000000,100028,291,100004,291,100037,391,100003,291,100046,100,99995,100,100050,100,99984,100,100053,100,99976,100,100054,100,99967,100,100070,100,99965,100,100081,100,99963,100,100085,100,99961,100,100090,100,99958,100
2019-06-28 09:34:30.000000000,100028,291,100004,291,100037,391,100003,291,100046,100,99995,100,100050,100,99984,100,100053,100,99976,100,100054,100,99967,100,100070,100,99965,100,100081,100,99963,100,100085,100,99961,100,100090,100,99958,100
2019-06-28 09:34:36.046707163,100028,291,100004,291,100037,391,100003,291,100046,100,99995,100,100050,100,99976,100,100053,100,99967,100,100054,100,99965,100,100070,100,99963,100,100081,100,99961,100,100085,100,99958,100,100090,100,99955,100
2019-06-28 09:34:40.000000000,100028,176,100004,176,100037,276,100003,176,100046,176,99995,176,100050,176,99976,176,100053,176,99967,176,100054,100,99965,100,100070,100,99963,100,100081,100,99961,100,100085,100,99958,100,100090,100,99955,100
2019-06-28 09:34:50.000000000,100028,291,100004,291,100037,391,100003,291,100046,100,99995,100,100050,100,99976,100,100053,100,99967,100,100054,100,99965,100,100070,100,99963,100,100081,100,99961,100,100085,100,99958,100,100090,100,99955,100
2019-06-28 09:34:55.036326739,100028,291,100004,191,100037,391,100003,291,100046,100,99995,100,100050,100,99976,100,100053,100,99967,100,100054,100,99965,100,100070,100,99963,100,100081,100,99961,100,100085,100,99958,100,100090,100,99955,100
2019-06-28 09:34:55.725172904,100028,291,100004,191,100037,391,100003,291,100046,100,99995,100,100050,100,99976,100,100053,100,99967,100,100054,100,99965,100,100070,100,99963,100,100081,100,99961,100,100085,100,99958,100,100098,100,99955,100
2019-06-28 09:34:56.701815059,100028,291,100004,191,100037,291,100003,291,100046,100,99995,100,100050,100,99976,100,100053,100,99967,100,100054,100,99965,100,100070,100,99963,100,100081,100,99961,100,100085,100,99958,100,100098,100,99955,100
2019-06-28 09:35:00.000000000,100028,482,100003,482,100037,100,99995,100,100046,100,99976,100,100050,100,99967,100,100053,100,99965,100,100054,100,99963,100,100070,100,99961,100,100081,100,99958,100,100085,100,99955,100,100098,100,99954,100
2019-06-28 09:35:02.539181952,100028,482,100003,482,100037,100,99995,100,100046,100,99976,100,100050,100,99967,100,100053,100,99965,100,100054,100,99963,100,100070,100,99961,100,100081,100,99958,100,100085,100,99955,100,100098,100,99954,100
2019-06-28 09:35:10.000000000,100028,291,100003,291,100037,291,99995,291,100046,100,99976,100,100050,100,99967,100,100053,100,99965,100,100054,100,99963,100,100070,100,99961,100,100081,100,99958,100,100085,100,99955,100,100098,100,99954,100
2019-06-28 09:35:17.370878461,100028,291,100003,191,100037,291,99995,291,100046,100,99976,100,100050,100,99967,100,100053,100,99965,100,100054,100,99963,100,100070,100,99961,100,100081,100,99958,100,100085,100,99955,100,100098,100,99954,100
2019-06-28 09:35:20.000000000,100028,196,99995,196,100037,196,99976,196,100046,196,99967,196,100050,196,99965,196,100053,100,99963,100,100054,100,99961,100,100070,100,99958,100,100081,100,99955,100,100085,100,99954,100,100098,100,99947,100
2019-06-28 09:35:30.000000000,100028,176,99995,176,100037,176,99976,176,100046,176,99967,176,100050,176,99965,176,100053,176,99963,176,100054,100,99961,100,100070,100,99958,100,100081,100,99955,100,100085,100,99954,100,100098,100,99947,100
2019-06-28 09:35:40.000000000,100028,482,99995,482,100037,100,99976,100,100046,100,99967,100,100050,100,99965,100,100053,100,99963,100,100054,100,99961,100,100070,100,99958,100,100081,100,99955,100,100085,100,99954,100,100098,100,99947,100
2019-06-28 09:35:50.000000000,100028,176,99995,176,100037,176,99976,176,100046,176,99967,176,100050,176,99965,176,100053,176,99963,176,100054,100,99961,100,100070,100,99958,100,100081,100,99955,100,100085,100,99954,100,100098,100,99947,100
2019-06-28 09:36:00.000000000,100028,230,99995,230,100037,226,99976,226,100046,226,99967,226,100050,100,99965,100,100053,100,99963,100,100054,100,99961,100,100070,100,99958,100,100081,100,99955,100,100085,100,99954,100,100098,100,99947,100
2019-06-28 09:36:10.000000000,100028,291,99995,291,100037,291,99976,291,100046,100,99967,100,100050,100,99965,100,100053,100,99963,100,100054,100,99961,100,100070,100,99958,100,100081,100,99955,100,100085,100,99954,100,100098,100,99947,100
2019-06-28 09:36:18.906141101,100004,100,99995,291,100028,291,99976,291,100037,291,99967,100,100046,100,99963,100,100050,100,99961,100,100053,100,99958,100,100054,100,99955,100,100070,100,99954,100,100081,100,99947,100,100085,100,99937,100
2019-06-28 09:36:20.000000000,100004,230,99995,230,100028,226,99976,226,100037,226,99967,226,100046,100,99963,100,100050,100,99961,100,100053,100,99958,100,100054,100,99955,100,100070,100,99954,100,100081,100,99947,100,100085,100,99937,100
2019-06-28 09:36:20.969125135,100004,230,99995,130,100028,226,99976,226,100037,226,99967,226,100046,100,99963,100,100050,100,99961,100,100053,100,99958,100,100054,100,99955,100,100070,100,99954,100,100081,100,99947,100,100085,100,99937,100
2019-06-28 09:36:30.000000000,100004,176,99976,176,100028,176,99967,176,100037,176,99963,176,100046,176,99961,176,100050,176,99958,176,100053,100,99955,100,100054,100,99954,100,100070,100,99947,100,100081,100,99937,100,100085,100,99934,200
2019-06-28 09:36:39.538287901,100004,176,99976,76,100028,176,99967,176,100037,176,99963,176,100046,176,99961,176,100050,176,99958,176,100053,100,99955,100,100054,100,99954,100,100070,100,99947,100,100081,100,99937,100,100085,100,99934,200
2019-06-28 09:36:40.000000000,100004,230,99967,230,100028,226,99963,226,100037,226,99961,226,100046,100,99958,100,100050,100,99955,100,100053,100,99954,100,100054,100,99947,100,100070,100,99937,100,100081,100,99934,200,100085,100,99924,100
2019-06-28 09:36:50.000000000,100004,291,99967,291,100028,291,99963,291,100037,100,99961,100,100046,100,99958,100,100050,100,99955,100,100053,100,99954,100,100054,100,99947,100,100070,100,99937,100,100081,100,99934,200,100085,100,99924,100
2019-06-28 09:37:00.000000000,100004,176,99967,176,100028,176,99963,176,100037,176,99961,176,100046,176,99958,176,100050,176,99955,176,100053,100,99954,100,100054,100,99947,100,100070,100,99937,100,100081,100,99934,200,100085,100,99924,100
2019-06-28 09:37:07.184462380,100004,176,99967,76,100028,176,99963,176,100037,176,99961,176,100046,176,99958,176,100050,176,99955,176,100053,100,99954,100,100054,100,99947,100,100070,100,99937,100,100081,100,99934,200,100085,100,99924,100
2019-06-28 09:37:10.000000000,100004,482,99963,482,100028,100,99961,100,100037,100,99958,100,100046,100,99955,100,100050,100,99954,100,100053,100,99947,100,100054,100,99937,100,100070,100,99934,200,100081,100,99924,100,100085,100,99889,100
2019-06-28 09:37:17.354036676,100004,482,99963,482,100028,100,99961,100,100037,100,99958,100,100046,100,99955,100,100050,100,99954,100,100053,100,99947,100,100054,100,99937,100,100070,100,99934,200,100081,100,99924,100,100085,100,99889,100
2019-06-28 09:37:20.000000000,100004,176,99963,176,100028,176,99961,176,100037,176,99958,176,100046,176,99955,176,100050,176,99954,176,100053,100,99947,100,100054,100,99937,100,100070,100,99934,200,100081,100,99924,100,100085,100,99889,100
2019-06-28 09:37:26.370433153,100004,176,99963,176,100028,176,99961,176,100037,176,99958,176,100046,176,99955,176,100050,176,99954,176,100053,100,99947,100,100054,100,99937,100,100070,100,99934,200,100081,100,99924,100,100085,100,99889,100
2019-06-28 09:37:30.000000000,100004,230,99963,230,100028,226,99961,226,100037,226,99958,226,100046,100,99955,100,100050,100,99954,100,100053,100,99947,100,100054,100,99937,100,100070,100,99934,200,100081,100,99924,100,100085,100,99889,100
2019-06-28 09:37:32.266852997,100004,230,99963,230,100028,226,99961,226,100037,226,99958,226,100046,100,99955,100,100050,100,99954,100,100053,100,99947,100,100054,100,99937,100,100070,100,99934,200,100081,100,99924,100,100085,100,99889,100
2019-06-28 09:37:40.000000000,100004,196,99963,196,100028,196,99961,196,100037,196,99958,196,100046,196,99955,196,100050,100,99954,100,100053,100,99947,100,100054,100,99937,100,100070,100,99934,200,100081,100,99924,100,100085,100,99889,100
2019-06-28 09:37:50.000000000,100004,230,99963,230,100028,226,99961,226,100037,226,99958,226,100046,100,99955,100,100050,100,99954,100,100053,100,99947,100,100054,100,99937,100,100070,100,99934,200,100081,100,99924,100,100085,100,99889,100
2019-06-28 09:37:54.163796297,100004,230,99963,130,100028,226,99961,226,100037,226,99958,226,100046,100,99955,100,100050,100,99954,100,100053,100,99947,100,100054,100,99937,100,100070,100,99934,200,100081,100,99924,100,100085,100,99889,100
2019-06-28 09:38:00.000000000,100004,196,99961,196,100028,196,99958,196,100037,196,99955,196,100046,196,99954,196,100050,100,99947,100,100053,100,99937,100,100054,100,99934,200,100070,100,99924,100,100081,100,99889,100,100085,100,99859,100
2019-06-28 09:38:10.000000000,100004,230,99961,230,100028,226,99958,226,100037,226,99955,226,100046,100,99954,100,100050,100,99947,100,100053,100,99937,100,100054,100,99934,200,100070,100,99924,100,100081,100,99889,100,100085,100,99859,100
2019-06-28 09:38:16.436093652,100004,230,99961,230,100028,226,99958,226,100037,226,99955,226,100046,100,99954,100,100050,100,99947,100,100053,100,99937,100,100054,100,99934,200,100070,100,99924,100,100081,100,99889,100,100085,100,99859,100
2019-06-28 09:38:20.000000000,100004,482,99961,482,100028,100,99958,100,100037,100,99955,100,100046,100,99954,100,100050,100,99947,100,100053,100,99937,100,100054,100,99934,200,100070,100,99924,100,100081,100,99889,100,100085,100,99859,100
2019-06-28 09:38:28.954401724,100004,482,99961,482,100028,100,99958,100,100037,100,99955,100,100046,100,99954,100,100050,100,99947,100,100053,100,99937,100,100054,100,99934,100,100070,100,99924,100,100081,100,99902,100,100085,100,99889,100
2019-06-28 09:38:30.000000000,100004,176,99961,176,100028,176,99958,176,100037,176,99955,176,100046,176,99954,176,100050,176,99947,176,100053,100,99937,100,100054,100,99934,100,100070,100,99924,100,100081,100,99902,100,100085,100,99889,100
2019-06-28 09:38:40.000000000,100004,291,99961,291,100028,291,99958,291,100037,100,99955,100,100046,100,99954,100,100050,100,99947,100,100053,100,99937,100,100054,100,99934,100,100070,100,99924,100,100081,100,99902,100,100085,100,99889,100
2019-06-28 09:38:50.000000000,100004,291,99961,291,100028,291,99958,291,100037,100,99955,100,100046,100,99954,100,100050,100,99947,100,100053,100,99937,100,100054,100,99934,100,100070,100,99924,100,100081,100,99902,100,100085,100,99889,100
2019-06-28 09:38:57.576457732,100004,291,99971,100,100028,291,99961,291,100037,100,99958,291,100046,100,99955,100,100050,100,99954,100,100053,100,99947,100,100054,100,99937,100,100070,100,99934,100,100081,100,99924,100,100085,100,99902,100
2019-06-28 09:39:00.000000000,100004,196,99971,196,100028,196,99961,196,100037,196,99958,196,100046,196,99955,196,100050,100,99954,100,100053,100,99947,100,100054,100,99937,100,100070,100,99934,100,100081,100,99924,100,100085,100,99902,100
2019-06-28 09:39:10.000000000,100004,196,99971,196,100028,196,99961,196,100037,196,99958,196,100046,196,99955,196,100050,100,99954,100,100053,100,99947,100,100054,100,99937,100,100070,100,99934,100,100081,100,99924,100,100085,100,99902,100
2019-06-28 09:39:20.000000000,100004,482,99971,482,100028,100,99961,100,100037,100,99958,100,100046,100,99955,100,100050,100,99954,100,100053,100,99947,100,100054,100,99937,100,100070,100,99934,100,100081,100,99924,100,100085,100,99902,100
2019-06-28 09:39:26.720556205,100004,482,99971,382,100028,100,99961,100,100037,100,99958,100,100046,100,99955,100,100050,100,99954,100,100053,100,99947,100,100054,100,99937,100,100070,100,99934,100,100081,100,99924,100,100085,100,99902,100
2019-06-28 09:39:30.000000000,100004,482,99961,482,100028,100,99958,100,100037,100,99955,100,100046,100,99954,100,100050,100,99947,100,100053,100,99937,100,100054,100,99934,100,100070,100,99924,100,100081,100,99902,100,100085,100,99889,100
2019-06-28 09:39:38.685827244,100004,482,99972,100,100028,100,99961,482,100037,100,99958,100,100046,100,99955,100,100050,100,99954,100,100053,100,99947,100,100054,100,99937,100,100070,100,99934,100,100081,100,99924,100,100085,100,99902,100
2019-06-28 09:39:40.000000000,100004,291,99972,291,100028,291,99961,291,100037,100,99958,100,100046,100,99955,100,100050,100,99954,100,100053,100,99947,100,100054,100,99937,100,100070,100,99934,100,100081,100,99924,100,100085,100,99902,100
2019-06-28 09:39:50.000000000,100004,482,99972,482,100028,100,99961,100,100037,100,99958,100,100046,100,99955,100,100050,100,99954,100,100053,100,99947,100,100054,100,99937,100,100070,100,99934,100,100081,100,99924,100,100085,100,99902,100
2019-06-28 09:39:54.867261666,100004,482,99972,382,100028,100,99961,100,100037,100,99958,100,100046,100,99955,100,100050,100,99954,100,100053,100,99947,100,100054,100,99937,100,100070,100,99934,100,100081,100,99902,100,100085,100,99889,100
2019-06-28 09:39:59.465970876,100004,482,99972,282,100028,100,99961,100,100037,100,99958,100,100046,100,99955,100,100050,100,99954,100,100053,100,99947,100,100054,100,99937,100,100070,100,99934,100,100081,100,99902,100,100085,100,99889,100
2019-06-28 09:40:00.000000000,100004,291,99961,291,100028,291,99958,291,100037,100,99955,100,100046,100,99954,100,100050,100,99947,100,100053,100,99937,100,100054,100,99934,100,100070,100,99902,100,100081,100,99889,100,100085,100,99859,100
2019-06-28 09:40:10.000000000,100004,291,99961,291,100028,291,99958,291,100037,100,99955,100,100046,100,99954,100,100050,100,99947,100,100053,100,99937,100,100054,100,99934,100,100070,100,99902,100,100081,100,99889,100,100085,100,99859,100
2019-06-28 09:40:20.000000000,100004,230,99961,230,100028,226,99958,226,100037,226,99955,226,100046,100,99954,100,100050,100,99947,100,100053,100,99937,100,100054,100,99934,100,100070,100,99902,100,100081,100,99889,100,100085,100,99859,100
2019-06-28 09:40:22.726425580,100004,230,99961,230,100028,226,99958,226,100037,226,99955,226,100046,100,99954,100,100050,100,99947,100,100053,100,99937,100,100054,100,99934,100,100070,100,99902,100,100081,100,99889,100,100085,100,99859,100
2019-06-28 09:40:24.953318113,99972,100,99961,230,100004,230,99958,226,100028,226,99955,226,100037,226,99954,100,100046,100,99947,100,100050,100,99937,100,100053,100,99934,100,100054,100,99902,100,100070,100,99889,100,100081,100,99859,100
2019-06-28 09:40:30.000000000,99972,196,99961,196,100004,196,99958,196,100028,196,99955,196,100037,196,99954,196,100046,100,99947,100,100050,100,99937,100,100053,100,99934,100,100054,100,99902,100,100070,100,99889,100,100081,100,99859,100
2019-06-28 09:40:33.691051845,99972,196,99961,196,100004,196,99958,196,100028,196,99955,196,100037,196,99954,196,100046,100,99947,100,100050,100,99937,100,100053,100,99934,100,100054,100,99902,100,100070,100,99889,100,100081,100,99859,100
2019-06-28 09:40:36.480722627,99972,196,99961,196,100004,196,99958,196,100028,196,99955,196,100037,196,99954,196,100046,100,99947,100,100050,100,99937,100,100053,100,99934,100,100054,100,99902,100,100070,100,99889,100,100081,100,99859,100
2019-06-28 09:40:36.768993745,99972,296,99961,196,100004,196,99958,196,100028,196,99955,196,100037,196,99954,196,100046,100,99947,100,100050,100,99937,100,100053,100,99934,100,100054,100,99902,100,100070,100,99889,100,100081,100,99859,100
2019-06-28 09:40:40.000000000,99972,391,99961,291,100004,291,99958,291,100028,100,99955,100,100037,100,99954,100,100046,100,99947,100,100050,100,99937,100,100053,100,99934,100,100054,100,99902,100,100070,100,99889,100,100081,100,99859,100
2019-06-28 09:40:46.736487010,99972,391,99961,291,100004,291,99958,291,100028,100,99955,100,100037,100,99954,100,100046,100,99947,100,100050,100,99937,100,100053,100,99934,100,100054,100,99902,100,100070,100,99889,100,100081,100,99859,100
2019-06-28 09:40:47.651561264,99972,391,99961,291,100004,291,99958,291,100028,100,99955,100,100037,100,99954,100,100046,100,99947,100,100050,100,99937,100,100053,100,99934,100,100054,100,99902,100,100070,100,99889,100,100081,100,99855,100
2019-06-28 09:40:50.000000000,99972,296,99961,196,100004,196,99958,196,100028,196,99955,196,100037,196,99954,196,100046,100,99947,100,100050,100,99937,100,100053,100,99934,100,100054,100,99902,100,100070,100,99889,100,100081,100,99855,100
2019-06-28 09:40:50.576629731,99972,296,99961,196,100004,196,99958,196,100028,196,99955,196,100037,196,99954,196,100046,100,99947,100,100050,100,99937,100,100053,100,99934,100,100054,100,99902,100,100070,100,99889,100,100081,100,99855,100
2019-06-28 09:41:00.000000000,99972,330,99961,230,100004,226,99958,226,100028,226,99955,226,100037,100,99954,100,100046,100,99947,100,100050,100,99937,100,100053,100,99934,100,100054,100,99902,100,100070,100,99889,100,100081,100,99855,100
2019-06-28 09:41:10.000000000,99972,296,99961,196,100004,196,99958,196,100028,196,99955,196,100037,196,99954,196,100046,100,99947,100,100050,100,99937,100,100053,100,99934,100,100054,100,99902,100,100070,100,99889,100,100081,100,99855,100
2019-06-28 09:41:17.019701712,99972,296,99961,96,100004,196,99958,196,100028,196,99955,196,100037,196,99954,196,100046,100,99947,100,100050,100,99937,100,100053,100,99934,100,100054,100,99902,100,100070,100,99889,100,100081,100,99855,100
2019-06-28 09:41:19.432312424,99972,296,99961,96,100004,196,99958,196,100028,196,99955,196,100037,196,99954,196,100046,100,99947,100,100050,100,99937,100,100053,100,99934,100,100054,100,99902,100,100070,100,99889,100,100081,100,99855,100
2019-06-28 09:41:20.000000000,99972,276,99958,176,100004,176,99955,176,100028,176,99954,176,100037,176,99947,176,100046,176,99937,176,100050,100,99934,100,100053,100,99902,100,100054,100,99889,100,100070,100,99855,100,100081,100,99782,100
2019-06-28 09:41:30.000000000,99972,330,99958,230,100004,226,99955,226,100028,226,99954,226,100037,100,99947,100,100046,100,99937,100,100050,100,99934,100,100053,100,99902,100,100054,100,99889,100,100070,100,99855,100,100081,100,99782,100
2019-06-28 09:41:35.572886354,99972,330,99958,230,100004,226,99955,226,100028,226,99954,226,100037,100,99947,100,100046,100,99937,100,100050,100,99934,100,100053,100,99902,100,100054,100,99889,100,100070,100,99855,100,100081,100,99782,100
2019-06-28 09:41:38.514340008,99972,330,99958,230,100004,226,99955,226,100028,226,99954,226,100037,100,99947,100,100046,100,99937,100,100050,100,99934,100,100053,100,99902,100,100054,100,99889,100,100070,100,99855,100,100081,100,99782,100
2019-06-28 09:41:40.000000000,99972,330,99958,230,100004,226,99955,226,100028,226,99954,226,100037,100,99947,100,100046,100,99937,100,100050,100,99934,100,100053,100,99902,100,100054,100,99889,100,100070,100,99855,100,100081,100,99782,100
2019-06-28 09:41:50.000000000,99972,391,99958,291,100004,291,99955,291,100028,100,99954,100,100037,100,99947,100,100046,100,99937,100,100050,100,99934,100,100053,100,99902,100,100054,100,99889,100,100070,100,99855,100,100081,100,99782,100
2019-06-28 09:42:00.000000000,99972,296,99958,196,100004,196,99955,196,100028,196,99954,196,100037,196,99947,196,100046,100,99937,100,100050,100,99934,100,100053,100,99902,100,100054,100,99889,100,100070,100,99855,100,100081,100,99782,100
2019-06-28 09:42:08.054663678,99971,100,99958,196,99972,296,99955,196,100004,96,99954,196,100028,196,99947,196,100037,196,99937,100,100046,100,99934,100,100050,100,99902,100,100053,100,99889,100,100054,100,99855,100,100070,100,99782,100
2019-06-28 09:42:10.000000000,99971,196,99958,196,99972,296,99955,196,100028,196,99954,196,100037,196,99947,196,100046,100,99937,100,100050,100,99934,100,100053,100,99902,100,100054,100,99889,100,100070,100,99855,100,100081,100,99782,100
2019-06-28 09:42:20.000000000,99971,230,99958,230,99972,326,99955,226,100028,226,99954,226,100037,100,99947,100,100046,100,99937,100,100050,100,99934,100,100053,100,99902,100,100054,100,99889,100,100070,100,99855,100,100081,100,99782,100
2019-06-28 09:42:30.000000000,99971,196,99958,196,99972,296,99955,196,100028,196,99954,196,100037,196,99947,196,100046,100,99937,100,100050,100,99934,100,100053,100,99902,100,100054,100,99889,100,100070,100,99855,100,100081,100,99782,100
2019-06-28 09:42:40.000000000,99971,196,99958,196,99972,296,99955,196,100028,196,99954,196,100037,196,99947,196,100046,100,99937,100,100050,100,99934,100,100053,100,99902,100,100054,100,99889,100,100070,100,99855,100,100081,100,99782,100
2019-06-28 09:42:50.000000000,99971,482,99958,482,99972,200,99955,100,100028,100,99954,100,100037,100,99947,100,100046,100,99937,100,100050,100,99934,100,100053,100,99902,100,100054,100,99889,100,100070,100,99855,100,100081,100,99782,100
2019-06-28 09:43:00.000000000,99971,176,99958,176,99972,276,99955,176,100028,176,99954,176,100037,176,99947,176,100046,176,99937,176,100050,100,99934,100,100053,100,99902,100,100054,100,99889,100,100070,100,99855,100,100081,100,99782,100
2019-06-28 09:43:09.587200105,99971,176,99958,176,99972,276,99955,176,100028,176,99954,176,100037,176,99947,176,100046,176,99937,176,100050,100,99934,100,100053,100,99902,100,100054,100,99889,100,100070,100,99855,100,100081,100,99782,100
2019-06-28 09:43:10.000000000,99971,230,99958,230,99972,326,99955,226,100028,226,99954,226,100037,100,99947,100,100046,100,99937,100,100050,100,99934,100,100053,100,99902,100,100054,100,99889,100,100070,100,99855,100,100081,100,99782,100
2019-06-28 09:43:20.000000000,99971,196,99958,196,99972,296,99955,196,100028,196,99954,196,100037,196,99947,196,100046,100,99937,100,100050,100,99934,100,100053,100,99902,100,100054,100,99889,100,100070,100,99855,100,100081,100,99782,100
2019-06-28 09:43:30.000000000,99971,291,99958,291,99972,391,99955,291,100028,100,99954,100,100037,100,99947,100,100046,100,99937,100,100050,100,99934,100,100053,100,99902,100,100054,100,99889,100,100070,100,99855,100,100081,100,99782,100
2019-06-28 09:43:39.303878077,99971,391,99958,291,99972,391,99955,291,100028,100,99954,100,100037,100,99947,100,100046,100,99937,100,100050,100,99934,100,100053,100,99902,100,100054,100,99889,100,100070,100,99855,100,100081,100,99782,100
2019-06-28 09:43:40.000000000,99971,330,99958,230,99972,326,99955,226,100028,226,99954,226,100037,100,99947,100,100046,100,99937,100,100050,100,99934,100,100053,100,99902,100,100054,100,99889,100,100070,100,99855,100,100081,100,99782,100
2019-06-28 09:43:50.000000000,99971,276,99958,176,99972,276,99955,176,100028,176,99954,176,100037,176,99947,176,100046,176,99937,176,100050,100,99934,100,100053,100,99902,100,100054,100,99889,100,100070,100,99855,100,100081,100,99782,100
2019-06-28 09:43:51.532188433,99971,276,99958,176,99972,276,99955,176,100028,176,99954,176,100037,176,99947,176,100046,176,99937,176,100050,100,99934,100,100053,100,99902,100,100054,100,99889,100,100070,100,99855,100,100081,100,99782,100
2019-06-28 09:44:00.000000000,99971,330,99958,230,99972,326,99955,226,100028,226,99954,226,100037,100,99947,100,100046,100,99937,100,100050,100,99934,100,100053,100,99902,100,100054,100,99889,100,100070,100,99855,100,100081,100,99782,100
2019-06-28 09:44:02.109573849,99971,430,99958,230,99972,226,99955,226,100028,226,99954,226,100037,100,99947,100,100046,100,99937,100,100050,100,99934,100,100053,100,99902,100,100054,100,99889,100,100070,100,99855,100,100081,100,99782,100
2019-06-28 09:44:10.000000000,99971,376,99958,176,99972,176,99955,176,100028,176,99954,176,100037,176,99947,176,100046,176,99937,176,100050,100,99934,100,100053,100,99902,100,100054,100,99889,100,100070,100,99855,100,100081,100,99782,100
2019-06-28 09:44:13.519646743,99971,476,99958,176,99972,176,99955,176,100028,176,99954,176,100037,176,99947,176,100046,176,99937,176,100050,100,99934,100,100053,100,99902,100,100054,100,99889,100,100070,100,99855,100,100081,100,99782,100
2019-06-28 09:44:20.000000000,99971,496,99958,196,99972,196,99955,196,100028,196,99954,196,100037,196,99947,196,100046,100,99937,100,100050,100,99934,100,100053,100,99902,100,100054,100,99889,100,100070,100,99855,100,100081,100,99782,100
2019-06-28 09:44:30.000000000,99971,496,99958,196,99972,196,99955,196,100028,196,99954,196,100037,196,99947,196,100046,100,99937,100,100050,100,99934,100,100053,100,99902,100,100054,100,99889,100,100070,100,99855,100,100081,100,99782,100
2019-06-28 09:44:40.000000000,99971,782,99958,482,99972,100,99955,100,100028,100,99954,100,100037,100,99947,100,100046,100,99937,100,100050,100,99934,100,100053,100,99902,100,100054,100,99889,100,100070,100,99855,100,100081,100,99782,100
2019-06-28 09:44:50.000000000,99971,782,99958,482,99972,100,99955,100,100028,100,99954,100,100037,100,99947,100,100046,100,99937,100,100050,100,99934,100,100053,100,99902,100,100054,100,99889,100,100070,100,99855,100,100081,100,99782,100
2019-06-28 09:44:50.341827297,99971,782,99958,482,99972,100,99955,100,100028,100,99954,100,100037,100,99947,100,100046,100,99937,100,100050,100,99934,100,100053,100,99902,100,100054,100,99889,100,100070,100,99855,100,100081,100,99782,100
2019-06-28 09:44:50.406178481,99971,782,99958,482,99972,100,99955,100,100028,100,99954,100,100037,100,99947,100,100050,100,99937,100,100053,100,99934,100,100054,100,99902,100,100070,100,99889,100,100081,100,99855,100,100085,100,99782,100
2019-06-28 09:45:00.000000000,99971,476,99958,176,99972,176,99955,176,100028,176,99954,176,100037,176,99947,176,100050,176,99937,176,100053,100,99934,100,100054,100,99902,100,100070,100,99889,100,100081,100,99855,100,100085,100,99782,100
2019-06-28 09:45:10.000000000,99971,591,99958,291,99972,291,99955,291,100028,100,99954,100,100037,100,99947,100,100050,100,99937,100,100053,100,99934,100,100054,100,99902,100,100070,100,99889,100,100081,100,99855,100,100085,100,99782,100
2019-06-28 09:45:20.000000000,99971,591,99958,291,99972,291,99955,291,100028,100,99954,100,100037,100,99947,100,100050,100,99937,100,100053,100,99934,100,100054,100,99902,100,100070,100,99889,100,100081,100,99855,100,100085,100,99782,100
2019-06-28 09:45:30.000000000,99971,496,99958,196,99972,196,99955,196,100028,196,99954,196,100037,196,99947,196,100050,100,99937,100,100053,100,99934,100,100054,100,99902,100,100070,100,99889,100,100081,100,99855,100,100085,100,99782,100
2019-06-28 09:45:40.000000000,99971,591,99958,291,99972,291,99955,291,100028,100,99954,100,100037,100,99947,100,100050,100,99937,100,100053,100,99934,100,100054,100,99902,100,100070,100,99889,100,100081,100,99855,100,100085,100,99782,100
2019-06-28 09:45:41.138081334,99971,591,99958,191,99972,291,99955,291,100028,100,99954,100,100037,100,99947,100,100050,100,99937,100,100053,100,99934,100,100054,100,99902,100,100070,100,99889,100,100081,100,99855,100,100085,100,99782,100
2019-06-28 09:45:47.410658455,99971,591,99958,191,99972,291,99955,291,100028,100,99954,100,100037,100,99947,100,100050,100,99937,100,100053,100,99934,100,100054,100,99902,100,100070,100,99889,100,100085,100,99855,100,100105,100,99782,100
2019-06-28 09:45:50.000000000,99971,496,99955,196,99972,196,99954,196,100028,196,99947,196,100037,196,99937,196,100050,100,99934,100,100053,100,99902,100,100054,100,99889,100,100070,100,99855,100,100085,100,99782,100,100105,100,99692,100
2019-06-28 09:45:58.646956997,99971,496,99955,96,99972,196,99954,196,100028,196,99947,196,100037,196,99937,196,100050,100,99902,100,100053,100,99889,100,100054,100,99855,100,100070,100,99782,100,100085,100,99692,100,100105,100,99609,100
2019-06-28 09:46:00.000000000,99971,530,99954,230,99972,226,99947,226,100028,226,99937,226,100037,100,99902,100,100050,100,99889,100,100053,100,99855,100,100054,100,99782,100,100070,100,99692,100,100085,100,99609,100,100105,100,99520,100
2019-06-28 09:46:10.000000000,99971,782,99954,482,99972,100,99947,100,100028,100,99937,100,100037,100,99902,100,100050,100,99889,100,100053,100,99855,100,100054,100,99782,100,100070,100,99692,100,100085,100,99609,100,100105,100,99520,100
2019-06-28 09:46:20.000000000,99971,591,99954,291,99972,291,99947,291,100028,100,99937,100,100037,100,99902,100,100050,100,99889,100,100053,100,99855,100,100054,100,99782,100,100070,100,99692,100,100085,100,99609,100,100105,100,99520,100
2019-06-28 09:46:21.487132975,99971,591,99954,191,99972,291,99947,291,100028,100,99937,100,100037,100,99902,100,100050,100,99889,100,100053,100,99855,100,100054,100,99782,100,100070,100,99692,100,100085,100,99609,100,100105,100,99520,100
2019-06-28 09:46:29.342052746,99955,100,99954,191,99971,591,99947,291,99972,291,99937,100,100028,100,99902,100,100037,100,99889,100,100050,100,99855,100,100053,100,99782,100,100054,100,99692,100,100070,100,99609,100,100085,100,99520,100
2019-06-28 09:46:30.000000000,99955,230,99947,230,99971,526,99937,226,99972,226,99902,226,100028,100,99889,100,100037,100,99855,100,100050,100,99782,100,100053,100,99692,100,100054,100,99609,100,100070,100,99520,100,100085,100,99441,100
2019-06-28 09:46:40.000000000,99955,196,99947,196,99971,496,99937,196,99972,196,99902,196,100028,196,99889,196,100037,100,99855,100,100050,100,99782,100,100053,100,99692,100,100054,100,99609,100,100070,100,99520,100,100085,100,99441,100
2019-06-28 09:46:50.000000000,99955,196,99947,196,99971,496,99937,196,99972,196,99902,196,100028,196,99889,196,100037,100,99855,100,100050,100,99782,100,100053,100,99692,100,100054,100,99609,100,100070,100,99520,100,100085,100,99441,100
2019-06-28 09:46:57.931636208,99955,196,99947,196,99971,496,99937,196,99972,196,99902,196,100028,196,99889,196,100037,100,99855,100,100050,100,99782,100,100053,100,99692,100,100054,100,99609,100,100070,100,99520,100,100085,100,99441,100
2019-06-28 09:47:00.000000000,99955,230,99947,230,99971,526,99937,226,99972,226,99902,226,100028,100,99889,100,100037,100,99855,100,100050,100,99782,100,100053,100,99692,100,100054,100,99609,100,100070,100,99520,100,100085,100,99441,100
2019-06-28 09:47:10.000000000,99955,230,99947,230,99971,526,99937,226,99972,226,99902,226,100028,100,99889,100,100037,100,99855,100,100050,100,99782,100,100053,100,99692,100,100054,100,99609,100,100070,100,99520,100,100085,100,99441,100
2019-06-28 09:47:16.246724070,99955,230,99947,130,99971,526,99937,226,99972,226,99902,226,100028,100,99889,100,100037,100,99855,100,100050,100,99782,100,100053,100,99692,100,100054,100,99609,100,100070,100,99520,100,100085,100,99441,100
2019-06-28 09:47:20.000000000,99955,482,99937,482,99971,400,99902,100,99972,100,99889,100,100028,100,99855,100,100037,100,99782,100,100050,100,99692,100,100053,100,99609,100,100054,100,99520,100,100070,100,99441,100,100085,100,99290,100
2019-06-28 09:47:28.112664015,99955,482,99937,382,99971,400,99902,100,99972,100,99889,100,100028,100,99855,100,100037,100,99782,100,100050,100,99692,100,100053,100,99609,100,100054,100,99520,100,100070,100,99441,100,100085,100,99290,100
2019-06-28 09:47:30.000000000,99955,291,99902,291,99971,591,99889,291,99972,100,99855,100,100028,100,99782,100,100037,100,99692,100,100050,100,99609,100,100053,100,99520,100,100054,100,99441,100,100070,100,99290,100,100085,100,99209,100
2019-06-28 09:47:35.485839607,99947,100,99902,291,99955,291,99889,291,99971,591,99855,100,99972,100,99782,100,100028,100,99692,100,100037,100,99609,100,100050,100,99520,100,100053,100,99441,100,100054,100,99290,100,100070,100,99209,100
2019-06-28 09:47:40.000000000,99947,230,99902,230,99955,226,99889,226,99971,526,99855,226,99972,100,99782,100,100028,100,99692,100,100037,100,99609,100,100050,100,99520,100,100053,100,99441,100,100054,100,99290,100,100070,100,99209,100
2019-06-28 09:47:50.000000000,99947,291,99902,291,99955,291,99889,291,99971,400,99855,100,99972,100,99782,100,100028,100,99692,100,100037,100,99609,100,100050,100,99520,100,100053,100,99441,100,100054,100,99290,100,100070,100,99209,100
2019-06-28 09:48:00.000000000,99947,230,99902,230,99955,226,99889,226,99971,526,99855,226,99972,100,99782,100,100028,100,99692,100,100037,100,99609,100,100050,100,99520,100,100053,100,99441,100,100054,100,99290,100,100070,100,99209,100
2019-06-28 09:48:10.000000000,99947,291,99902,291,99955,291,99889,291,99971,400,99855,100,99972,100,99782,100,100028,100,99692,100,100037,100,99609,100,100050,100,99520,100,100053,100,99441,100,100054,100,99290,100,100070,100,99209,100
2019-06-28 09:48:20.000000000,99947,482,99902,482,99955,100,99889,100,99971,400,99855,100,99972,100,99782,100,100028,100,99692,100,100037,100,99609,100,100050,100,99520,100,100053,100,99441,100,100054,100,99290,100,100070,100,99209,100
2019-06-28 09:48:30.000000000,99947,196,99902,196,99955,196,99889,196,99971,496,99855,196,99972,196,99782,196,100028,100,99692,100,100037,100,99609,100,100050,100,99520,100,100053,100,99441,100,100054,100,99290,100,100070,100,99209,100
2019-06-28 09:48:40.000000000,99947,291,99902,291,99955,291,99889,291,99971,400,99855,100,99972,100,99782,100,100028,100,99692,100,100037,100,99609,100,100050,100,99520,100,100053,100,99441,100,100054,100,99290,100,100070,100,99209,100
2019-06-28 09:48:50.000000000,99947,482,99902,482,99955,100,99889,100,99971,400,99855,100,99972,100,99782,100,100028,100,99692,100,100037,100,99609,100,100050,100,99520,100,100053,100,99441,100,100054,100,99290,100,100070,100,99209,100
2019-06-28 09:48:50.414025125,99947,482,99902,382,99955,100,99889,100,99971,400,99855,100,99972,100,99782,100,100028,100,99692,100,100037,100,99609,100,100050,100,99520,100,100053,100,99441,100,100054,100,99290,100,100070,100,99209,100
2019-06-28 09:48:51.203554417,99947,482,99902,382,99955,100,99889,100,99971,400,99855,100,99972,100,99782,100,100028,100,99692,100,100037,100,99609,100,100050,100,99520,100,100053,100,99441,100,100054,100,99290,100,100070,100,99209,100
2019-06-28 09:49:00.000000000,99947,482,99889,482,99955,100,99855,100,99971,400,99782,100,99972,100,99692,100,100028,100,99609,100,100037,100,99520,100,100050,100,99441,100,100053,100,99290,100,100054,100,99209,100,100070,100,99196,100
2019-06-28 09:49:10.000000000,99947,291,99889,291,99955,291,99855,291,99971,400,99782,100,99972,100,99692,100,100028,100,99609,100,100037,100,99520,100,100050,100,99441,100,100053,100,99290,100,100054,100,99209,100,100070,100,99196,100
2019-06-28 09:49:20.000000000,99947,482,99889,482,99955,100,99855,100,99971,400,99782,100,99972,100,99692,100,100028,100,99609,100,100037,100,99520,100,100050,100,99441,100,100053,100,99290,100,100054,100,99209,100,100070,100,99196,100
2019-06-28 09:49:23.798756560,99947,482,99889,482,99955,100,99855,100,99971,400,99782,100,99972,100,99692,100,100028,100,99609,100,100037,100,99520,100,100050,100,99441,100,100053,100,99290,100,100054,100,99209,100,100070,100,99196,100
2019-06-28 09:49:30.000000000,99947,196,99889,196,99955,196,99855,196,99971,496,99782,196,99972,196,99692,196,100028,100,99609,100,100037,100,99520,100,100050,100,99441,100,100053,100,99290,100,100054,100,99209,100,100070,100,99196,100
2019-06-28 09:49:40.000000000,99947,176,99889,176,99955,176,99855,176,99971,476,99782,176,99972,176,99692,176,100028,176,99609,176,100037,100,99520,100,100050,100,99441,100,100053,100,99290,100,100054,100,99209,100,100070,100,99196,100
2019-06-28 09:49:50.000000000,99947,230,99889,230,99955,226,99855,226,99971,526,99782,226,99972,100,99692,100,100028,100,99609,100,100037,100,99520,100,100050,100,99441,100,100053,100,99290,100,100054,100,99209,100,100070,100,99196,100
2019-06-28 09:50:00.000000000,99947,230,99889,230,99955,226,99855,226,99971,526,99782,226,99972,100,99692,100,100028,100,99609,100,100037,100,99520,100,100050,100,99441,100,100053,100,99290,100,100054,100,99209,100,100070,100,99196,100
2019-06-28 09:50:10.000000000,99947,196,99889,196,99955,196,99855,196,99971,496,99782,196,99972,196,99692,196,100028,100,99609,100,100037,100,99520,100,100050,100,99441,100,100053,100,99290,100,100054,100,99209,100,100070,100,99196,100
2019-06-28 09:50:20.000000000,99947,482,99889,482,99955,100,99855,100,99971,400,99782,100,99972,100,99692,100,100028,100,99609,100,100037,100,99520,100,100050,100,99441,100,100053,100,99290,100,100054,100,99209,100,100070,100,99196,100
2019-06-28 09:50:29.515845069,99947,482,99889,382,99955,100,99855,100,99971,400,99782,100,99972,100,99692,100,100028,100,99609,100,100037,100,99520,100,100050,100,99441,100,100053,100,99290,100,100054,100,99209,100,100070,100,99196,100
2019-06-28 09:50:30.000000000,99947,196,99855,196,99955,196,99782,196,99971,496,99692,196,99972,196,99609,196,100028,100,99520,100,100037,100,99441,100,100050,100,99290,100,100053,100,99209,100,100054,100,99196,100,100070,100,99127,100
2019-06-28 09:50:30.898524514,99947,196,99855,96,99955,196,99782,196,99971,496,99692,196,99972,196,99609,196,100028,100,99520,100,100037,100,99441,100,100050,100,99290,100,100053,100,99209,100,100054,100,99196,100,100070,100,99127,100
2019-06-28 09:50:40.000000000,99947,176,99782,176,99955,176,99692,176,99971,476,99609,176,99972,176,99520,176,100028,176,99441,176,100037,100,99290,100,100050,100,99209,100,100053,100,99196,100,100054,100,99127,100,100070,100,99126,100
2019-06-28 09:50:50.000000000,99947,176,99782,176,99955,176,99692,176,99971,476,99609,176,99972,176,99520,176,100028,176,99441,176,100037,100,99290,100,100050,100,99209,100,100053,100,99196,100,100054,100,99127,100,100070,100,99126,100
2019-06-28 09:50:53.282036783,99947,176,99782,176,99955,176,99692,176,99971,476,99609,176,99972,176,99520,176,100028,176,99441,176,100037,100,99290,100,100050,100,99209,100,100053,100,99196,100,100054,100,99127,100,100070,100,99126,100
2019-06-28 09:51:00.000000000,99947,176,99782,176,99955,176,99692,176,99971,476,99609,176,99972,176,99520,176,100028,176,99441,176,100037,100,99290,100,100050,100,99209,100,100053,100,99196,100,100054,100,99127,100,100070,100,99126,100
2019-06-28 09:51:10.000000000,99947,482,99782,482,99955,100,99692,100,99971,400,99609,100,99972,100,99520,100,100028,100,99441,100,100037,100,99290,100,100050,100,99209,100,100053,100,99196,100,100054,100,99127,100,100070,100,99126,100
2019-06-28 09:51:10.363551836,99889,100,99782,482,99947,482,99692,100,99955,100,99609,100,99971,400,99520,100,99972,100,99441,100,100028,100,99290,100,100037,100,99209,100,100050,100,99196,100,100053,100,99127,100,100054,100,99126,100
2019-06-28 09:51:20.000000000,99889,291,99782,291,99947,291,99692,291,99955,100,99609,100,99971,400,99520,100,99972,100,99441,100,100028,100,99290,100,100037,100,99209,100,100050,100,99196,100,100053,100,99127,100,100054,100,99126,100
2019-06-28 09:51:30.000000000,99889,291,99782,291,99947,291,99692,291,99955,100,99609,100,99971,400,99520,100,99972,100,99441,100,100028,100,99290,100,100037,100,99209,100,100050,100,99196,100,100053,100,99127,100,100054,100,99126,100
2019-06-28 09:51:32.806461302,99889,291,99782,291,99947,291,99692,291,99955,100,99609,100,99971,300,99520,100,99972,100,99441,100,100028,100,99290,100,100037,100,99209,100,100050,100,99196,100,100053,100,99127,100,100054,100,99126,100
2019-06-28 09:51:40.000000000,99889,230,99782,230,99947,226,99692,226,99955,226,99609,226,99971,300,99520,100,99972,100,99441,100,100028,100,99290,100,100037,100,99209,100,100050,100,99196,100,100053,100,99127,100,100054,100,99126,100
2019-06-28 09:51:50.000000000,99889,230,99782,230,99947,226,99692,226,99955,226,99609,226,99971,300,99520,100,99972,100,99441,100,100028,100,99290,100,100037,100,99209,100,100050,100,99196,100,100053,100,99127,100,100054,100,99126,100
2019-06-28 09:52:00.000000000,99889,230,99782,230,99947,226,99692,226,99955,226,99609,226,99971,300,99520,100,99972,100,99441,100,100028,100,99290,100,100037,100,99209,100,100050,100,99196,100,100053,100,99127,100,100054,100,99126,100
2019-06-28 09:52:10.000000000,99889,482,99782,482,99947,100,99692,100,99955,100,99609,100,99971,300,99520,100,99972,100,99441,100,100028,100,99290,100,100037,100,99209,100,100050,100,99196,100,100053,100,99127,100,100054,100,99126,100
2019-06-28 09:52:15.233146491,99889,482,99782,482,99947,100,99692,100,99955,100,99609,100,99971,300,99520,100,99972,100,99441,100,100028,100,99290,100,100037,100,99209,100,100050,100,99196,100,100053,100,99127,100,100054,100,99126,100
2019-06-28 09:52:20.000000000,99889,230,99782,230,99947,226,99692,226,99955,226,99609,226,99971,300,99520,100,99972,100,99441,100,100028,100,99290,100,100037,100,99209,100,100050,100,99196,100,100053,100,99127,100,100054,100,99126,100
2019-06-28 09:52:30.000000000,99889,230,99782,230,99947,226,99692,226,99955,226,99609,226,99971,300,99520,100,99972,100,99441,100,100028,100,99290,100,100037,100,99209,100,100050,100,99196,100,100053,100,99127,100,100054,100,99126,100
2019-06-28 09:52:40.000000000,99889,176,99782,176,99947,176,99692,176,99955,176,99609,176,99971,376,99520,176,99972,176,99441,176,100028,100,99290,100,100037,100,99209,100,100050,100,99196,100,100053,100,99127,100,100054,100,99126,100
2019-06-28 09:52:42.006131373,99889,176,99782,176,99947,76,99692,176,99955,176,99609,176,99971,376,99520,176,99972,176,99441,176,100028,100,99290,100,100037,100,99209,100,100050,100,99196,100,100053,100,99127,100,100054,100,99126,100
2019-06-28 09:52:50.000000000,99889,230,99782,230,99955,226,99692,226,99971,426,99609,226,99972,100,99520,100,100028,100,99441,100,100037,100,99290,100,100050,100,99209,100,100053,100,99196,100,100054,100,99127,100,100070,100,99126,100
2019-06-28 09:53:00.000000000,99889,196,99782,196,99955,196,99692,196,99971,396,99609,196,99972,196,99520,196,100028,100,99441,100,100037,100,99290,100,100050,100,99209,100,100053,100,99196,100,100054,100,99127,100,100070,100,99126,100
2019-06-28 09:53:04.955371592,99889,196,99782,196,99955,196,99692,196,99971,396,99609,196,99972,196,99520,196,100028,100,99441,100,100037,100,99290,100,100050,100,99209,100,100053,100,99196,100,100054,100,99127,100,100070,100,99126,100
2019-06-28 09:53:10.000000000,99889,196,99782,196,99955,196,99692,196,99971,396,99609,196,99972,196,99520,196,100028,100,99441,100,100037,100,99290,100,100050,100,99209,100,100053,100,99196,100,100054,100,99127,100,100070,100,99126,100
2019-06-28 09:53:20.000000000,99889,482,99782,482,99955,100,99692,100,99971,300,99609,100,99972,100,99520,100,100028,100,99441,100,100037,100,99290,100,100050,100,99209,100,100053,100,99196,100,100054,100,99127,100,100070,100,99126,100
2019-06-28 09:53:28.865557765,99889,482,99782,482,99955,100,99692,100,99971,300,99609,100,99972,100,99520,100,100028,100,99441,100,100037,100,99290,100,100050,100,99209,100,100053,100,99196,100,100054,100,99127,100,100070,100,99126,100
2019-06-28 09:53:30.000000000,99889,196,99782,196,99955,196,99692,196,99971,396,99609,196,99972,196,99520,196,100028,100,99441,100,100037,100,99290,100,100050,100,99209,100,100053,100,99196,100,100054,100,99127,100,100070,100,99126,100
2019-06-28 09:53:31.960639843,99889,196,99782,96,99955,196,99692,196,99971,396,99609,196,99972,196,99520,196,100028,100,99441,100,100037,100,99290,100,100050,100,99209,100,100053,100,99196,100,100054,100,99127,100,100070,100,99126,100
2019-06-28 09:53:40.000000000,99889,291,99692,291,99955,291,99609,291,99971,300,99520,100,99972,100,99441,100,100028,100,99290,100,100037,100,99209,100,100050,100,99196,100,100053,100,99127,100,100054,100,99126,100,100070,100,98943,100
2019-06-28 09:53:50.000000000,99889,196,99692,196,99955,196,99609,196,99971,396,99520,196,99972,196,99441,196,100028,100,99290,100,100037,100,99209,100,100050,100,99196,100,100053,100,99127,100,100054,100,99126,100,100070,100,98943,100
2019-06-28 09:54:00.000000000,99889,482,99692,482,99955,100,99609,100,99971,300,99520,100,99972,100,99441,100,100028,100,99290,100,100037,100,99209,100,100050,100,99196,100,100053,100,99127,100,100054,100,99126,100,100070,100,98943,100
2019-06-28 09:54:10.000000000,99889,176,99692,176,99955,176,99609,176,99971,376,99520,176,99972,176,99441,176,100028,176,99290,176,100037,100,99209,100,100050,100,99196,100,100053,100,99127,100,100054,100,99126,100,100070,100,98943,100
2019-06-28 09:54:20.000000000,99889,230,99692,230,99955,226,99609,226,99971,426,99520,226,99972,100,99441,100,100028,100,99290,100,100037,100,99209,100,100050,100,99196,100,100053,100,99127,100,100054,100,99126,100,100070,100,98943,100
2019-06-28 09:54:25.834713713,99889,230,99692,230,99955,226,99609,226,99971,426,99520,226,99972,100,99441,100,100028,100,99290,100,100037,100,99209,100,100050,100,99196,100,100053,100,99127,100,100054,100,99126,100,100070,100,98967,100
2019-06-28 09:54:30.000000000,99889,196,99692,196,99955,196,99609,196,99971,396,99520,196,99972,196,99441,196,100028,100,99290,100,100037,100,99209,100,100050,100,99196,100,100053,100,99127,100,100054,100,99126,100,100070,100,98967,100
2019-06-28 09:54:37.575522597,99889,196,99692,196,99955,196,99609,196,99971,396,99520,196,99972,196,99441,196,100028,100,99290,100,100037,100,99209,100,100050,100,99196,100,100053,100,99127,100,100054,100,99126,100,100070,100,99123,100
2019-06-28 09:54:40.000000000,99889,482,99692,482,99955,100,99609,100,99971,300,99520,100,99972,100,99441,100,100028,100,99290,100,100037,100,99209,100,100050,100,99196,100,100053,100,99127,100,100054,100,99126,100,100070,100,99123,100
2019-06-28 09:54:50.000000000,99889,230,99692,230,99955,226,99609,226,99971,426,99520,226,99972,100,99441,100,100028,100,99290,100,100037,100,99209,100,100050,100,99196,100,100053,100,99127,100,100054,100,99126,100,100070,100,99123,100
2019-06-28 09:54:50.099252834,99889,230,99692,130,99955,226,99609,226,99971,426,99520,226,99972,100,99441,100,100028,100,99290,100,100037,100,99209,100,100050,100,99196,100,100053,100,99127,100,100054,100,99126,100,100070,100,99123,100
2019-06-28 09:54:51.480956996,99782,100,99692,130,99889,230,99609,226,99955,226,99520,226,99971,426,99441,100,99972,100,99290,100,100028,100,99209,100,100037,100,99196,100,100050,100,99127,100,100053,100,99126,100,100054,100,99123,100
2019-06-28 09:54:58.062533404,99782,100,99692,30,99889,230,99609,226,99955,226,99520,226,99971,426,99441,100,99972,100,99290,100,100028,100,99209,100,100037,100,99196,100,100050,100,99127,100,100053,100,99126,100,100054,100,99123,100
2019-06-28 09:55:00.000000000,99782,176,99609,176,99889,176,99520,176,99955,176,99441,176,99971,376,99290,176,99972,176,99209,176,100028,100,99196,100,100037,100,99127,100,100050,100,99126,100,100053,100,99123,100,100054,100,98967,100
2019-06-28 09:55:10.000000000,99782,291,99609,291,99889,291,99520,291,99955,100,99441,100,99971,300,99290,100,99972,100,99209,100,100028,100,99196,100,100037,100,99127,100,100050,100,99126,100,100053,100,99123,100,100054,100,98967,100
2019-06-28 09:55:20.000000000,99782,230,99609,230,99889,226,99520,226,99955,226,99441,226,99971,300,99290,100,99972,100,99209,100,100028,100,99196,100,100037,100,99127,100,100050,100,99126,100,100053,100,99123,100,100054,100,98967,100
2019-06-28 09:55:30.000000000,99782,196,99609,196,99889,196,99520,196,99955,196,99441,196,99971,396,99290,196,99972,100,99209,100,100028,100,99196,100,100037,100,99127,100,100050,100,99126,100,100053,100,99123,100,100054,100,98967,100
2019-06-28 09:55:40.000000000,99782,196,99609,196,99889,196,99520,196,99955,196,99441,196,99971,396,99290,196,99972,100,99209,100,100028,100,99196,100,100037,100,99127,100,100050,100,99126,100,100053,100,99123,100,100054,100,98967,100
2019-06-28 09:55:42.564032740,99692,100,99609,196,99782,196,99520,196,99889,196,99441,196,99955,196,99290,196,99971,396,99209,100,99972,100,99196,100,100028,100,99127,100,100037,100,99126,100,100050,100,99123,100,100053,100,98967,100
2019-06-28 09:55:50.000000000,99692,196,99609,196,99782,196,99520,196,99889,196,99441,196,99955,196,99290,196,99971,300,99209,100,99972,100,99196,100,100028,100,99127,100,100037,100,99126,100,100050,100,99123,100,100053,100,98967,100
2019-06-28 09:55:58.070478877,99692,296,99609,196,99782,196,99520,196,99889,196,99441,196,99955,196,99290,196,99971,300,99209,100,99972,100,99196,100,100028,100,99127,100,100037,100,99126,100,100050,100,99123,100,100053,100,98967,100
2019-06-28 09:56:00.000000000,99692,391,99609,291,99782,291,99520,291,99889,100,99441,100,99955,100,99290,100,99971,300,99209,100,99972,100,99196,100,100028,100,99127,100,100037,100,99126,100,100050,100,99123,100,100053,100,98967,100
2019-06-28 09:56:10.000000000,99692,296,99609,196,99782,196,99520,196,99889,196,99441,196,99955,196,99290,196,99971,300,99209,100,99972,100,99196,100,100028,100,99127,100,100037,100,99126,100,100050,100,99123,100,100053,100,98967,100
2019-06-28 09:56:11.592683617,99692,296,99609,96,99782,196,99520,196,99889,196,99441,196,99955,196,99290,196,99971,300,99209,100,99972,100,99196,100,100028,100,99127,100,100037,100,99126,100,100050,100,99123,100,100053,100,98967,100
2019-06-28 09:56:20.000000000,99692,582,99520,482,99782,100,99441,100,99889,100,99290,100,99955,100,99209,100,99971,300,99196,100,99972,100,99127,100,100028,100,99126,100,100037,100,99123,100,100050,100,98967,100,100053,100,98943,100
2019-06-28 09:56:21.266747331,99692,582,99520,382,99782,100,99441,100,99889,100,99290,100,99955,100,99209,100,99971,300,99196,100,99972,100,99127,100,100028,100,99126,100,100037,100,99123,100,100050,100,98967,100,100053,100,98943,100
2019-06-28 09:56:23.221462441,99609,100,99520,382,99692,582,99441,100,99782,100,99290,100,99889,100,99209,100,99971,300,99196,100,99972,100,99127,100,100028,100,99126,100,100037,100,99123,100,100050,100,98967,100,100053,100,98943,100
2019-06-28 09:56:30.000000000,99609,291,99441,291,99692,391,99290,291,99782,100,99209,100,99889,100,99196,100,99971,300,99127,100,99972,100,99126,100,100028,100,99123,100,100037,100,98967,100,100050,100,98943,100,100053,100,98933,100
2019-06-28 09:56:40.000000000,99609,176,99441,176,99692,276,99290,176,99782,176,99209,176,99889,176,99196,176,99971,376,99127,176,99972,100,99126,100,100028,100,99123,100,100037,100,98967,100,100050,100,98943,100,100053,100,98933,100
2019-06-28 09:56:45.904428114,99609,176,99441,76,99692,276,99290,176,99782,176,99209,176,99889,176,99196,176,99971,376,99127,176,99972,100,99126,100,100028,100,99123,100,100037,100,98967,100,100053,100,98943,100,100054,100,98933,100
2019-06-28 09:56:50.000000000,99609,176,99290,176,99692,276,99209,176,99782,176,99196,176,99889,176,99127,176,99971,376,99126,176,99972,100,99123,100,100028,100,98967,100,100037,100,98943,100,100053,100,98933,100,100054,100,98712,100
2019-06-28 09:56:55.005618744,99609,176,99290,76,99692,276,99209,176,99782,176,99196,176,99889,176,99127,176,99971,376,99126,176,99972,100,99123,100,100028,100,98967,100,100037,100,98943,100,100053,100,98933,100,100054,100,98712,100
2019-06-28 09:56:57.845899901,99290,24,99209,176,99609,176,99196,176,99692,276,99127,176,99782,176,99126,176,99889,176,99123,100,99971,376,98967,100,99972,100,98943,100,100028,100,98933,100,100037,100,98712,100,100053,100,98627,100
2019-06-28 09:56:59.581701718,99290,24,99209,176,99609,176,99196,176,99692,276,99127,176,99782,176,99126,176,99889,176,99123,100,99971,376,98967,100,99972,100,98943,100,100028,100,98933,100,100037,100,98712,100,100053,100,98710,100
2019-06-28 09:57:00.000000000,99290,120,99209,196,99609,196,99196,196,99692,296,99127,196,99782,196,99126,196,99889,100,99123,100,99971,300,98967,100,99972,100,98943,100,100028,100,98933,100,100037,100,98712,100,100053,100,98710,100
2019-06-28 09:57:03.051978304,99290,120,99209,196,99609,196,99196,196,99692,296,99127,196,99782,196,99126,196,99889,100,99123,100,99971,300,98967,100,99972,100,98943,100,100028,100,98933,100,100037,100,98843,100,100053,100,98712,100
2019-06-28 09:57:10.000000000,99290,215,99209,291,99609,291,99196,291,99692,200,99127,100,99782,100,99126,100,99889,100,99123,100,99971,300,98967,100,99972,100,98943,100,100028,100,98933,100,100037,100,98843,100,100053,100,98712,100
2019-06-28 09:57:20.000000000,99290,100,99209,176,99609,176,99196,176,99692,276,99127,176,99782,176,99126,176,99889,176,99123,176,99971,300,98967,100,99972,100,98943,100,100028,100,98933,100,100037,100,98843,100,100053,100,98712,100
2019-06-28 09:57:30.000000000,99290,120,99209,196,99609,196,99196,196,99692,296,99127,196,99782,196,99126,196,99889,100,99123,100,99971,300,98967,100,99972,100,98943,100,100028,100,98933,100,100037,100,98843,100,100053,100,98712,100
2019-06-28 09:57:40.000000000,99290,154,99209,230,99609,226,99196,226,99692,326,99127,226,99782,100,99126,100,99889,100,99123,100,99971,300,98967,100,99972,100,98943,100,100028,100,98933,100,100037,100,98843,100,100053,100,98712,100
2019-06-28 09:57:50.000000000,99290,120,99209,196,99609,196,99196,196,99692,296,99127,196,99782,196,99126,196,99889,100,99123,100,99971,300,98967,100,99972,100,98943,100,100028,100,98933,100,100037,100,98843,100,100053,100,98712,100
2019-06-28 09:58:00.000000000,99290,215,99209,291,99609,291,99196,291,99692,200,99127,100,99782,100,99126,100,99889,100,99123,100,99971,300,98967,100,99972,100,98943,100,100028,100,98933,100,100037,100,98843,100,100053,100,98712,100
2019-06-28 09:58:09.063097443,99290,215,99209,291,99609,291,99196,291,99692,200,99127,100,99782,100,99126,100,99889,100,99123,100,99971,300,98967,100,99972,100,98943,100,100028,100,98933,100,100037,100,98843,100,100053,100,98712,100
2019-06-28 09:58:10.000000000,99290,406,99209,482,99609,100,99196,100,99692,200,99127,100,99782,100,99126,100,99889,100,99123,100,99971,300,98967,100,99972,100,98943,100,100028,100,98933,100,100037,100,98843,100,100053,100,98712,100
2019-06-28 09:58:17.146505626,99290,406,99209,482,99609,100,99196,100,99692,200,99127,100,99782,100,99126,100,99889,100,99123,100,99971,300,98967,100,99972,100,98943,100,100028,100,98933,100,100037,100,98843,100,100053,100,98712,100
2019-06-28 09:58:20.000000000,99290,154,99209,230,99609,226,99196,226,99692,326,99127,226,99782,100,99126,100,99889,100,99123,100,99971,300,98967,100,99972,100,98943,100,100028,100,98933,100,100037,100,98843,100,100053,100,98712,100
2019-06-28 09:58:23.736042293,99290,254,99209,230,99609,226,99196,226,99692,326,99127,226,99782,100,99126,100,99889,100,99123,100,99971,300,98967,100,100028,100,98943,100,100037,100,98933,100,100053,100,98843,100,100054,100,98712,100
2019-06-28 09:58:27.663916003,99290,254,99209,130,99609,226,99196,226,99692,326,99127,226,99782,100,99126,100,99889,100,99123,100,99971,300,98967,100,100028,100,98943,100,100037,100,98933,100,100053,100,98843,100,100054,100,98712,100
2019-06-28 09:58:30.000000000,99290,254,99196,230,99609,226,99127,226,99692,326,99126,226,99782,100,99123,100,99889,100,98967,100,99971,300,98943,100,100028,100,98933,100,100037,100,98843,100,100053,100,98712,100,100054,100,98627,100
2019-06-28 09:58:35.627938379,99290,254,99196,230,99609,226,99127,226,99692,326,99126,226,99782,100,99123,100,99889,100,98967,100,99971,300,98943,100,100028,100,98933,100,100037,100,98712,100,100053,100,98627,100,100054,100,98185,100
2019-06-28 09:58:40.000000000,99290,220,99196,196,99609,196,99127,196,99692,296,99126,196,99782,196,99123,196,99889,100,98967,100,99971,300,98943,100,100028,100,98933,100,100037,100,98712,100,100053,100,98627,100,100054,100,98185,100
2019-06-28 09:58:50.000000000,99290,200,99196,176,99609,176,99127,176,99692,276,99126,176,99782,176,99123,176,99889,176,98967,176,99971,300,98943,100,100028,100,98933,100,100037,100,98712,100,100053,100,98627,100,100054,100,98185,100
2019-06-28 09:58:53.454542872,99290,200,99196,76,99609,176,99127,176,99692,276,99126,176,99782,176,99123,176,99889,176,98967,176,99971,300,98943,100,100028,100,98933,100,100037,100,98712,100,100053,100,98627,100,100054,100,98185,100
2019-06-28 09:59:00.000000000,99290,506,99127,482,99609,100,99126,100,99692,200,99123,100,99782,100,98967,100,99889,100,98943,100,99971,300,98933,100,100028,100,98712,100,100037,100,98627,100,100053,100,98185,100,100054,100,98179,100
2019-06-28 09:59:08.269927728,99209,100,99127,482,99290,506,99126,100,99609,100,99123,100,99692,200,98967,100,99782,100,98943,100,99889,100,98933,100,99971,300,98712,100,100028,100,98627,100,100037,100,98185,100,100053,100,98179,100
2019-06-28 09:59:10.000000000,99209,176,99127,176,99290,200,99126,176,99609,176,99123,176,99692,276,98967,176,99782,176,98943,176,99889,100,98933,100,99971,300,98712,100,100028,100,98627,100,100037,100,98185,100,100053,100,98179,100
2019-06-28 09:59:18.788393489,99209,176,99127,76,99290,200,99126,176,99609,176,99123,176,99692,276,98967,176,99782,176,98943,176,99889,100,98933,100,99971,300,98712,100,100028,100,98627,100,100037,100,98368,100,100053,100,98185,100
2019-06-28 09:59:20.000000000,99209,482,99126,482,99290,124,99123,100,99609,100,98967,100,99692,200,98943,100,99782,100,98933,100,99889,100,98712,100,99971,300,98627,100,100028,100,98368,100,100037,100,98185,100,100053,100,98179,100
2019-06-28 09:59:30.000000000,99209,291,99126,291,99290,315,99123,291,99609,100,98967,100,99692,200,98943,100,99782,100,98933,100,99889,100,98712,100,99971,300,98627,100,100028,100,98368,100,100037,100,98185,100,100053,100,98179,100
2019-06-28 09:59:39.902470159,99209,291,99126,191,99290,315,99123,291,99609,100,98967,100,99692,200,98943,100,99782,100,98933,100,99889,100,98712,100,99971,300,98368,100,100028,100,98185,100,100037,100,98179,100,100053,100,97989,100
2019-06-28 09:59:40.000000000,99209,176,99123,176,99290,200,98967,176,99609,176,98943,176,99692,276,98933,176,99782,176,98712,176,99889,100,98368,100,99971,300,98185,100,100028,100,98179,100,100037,100,97989,100,100053,100,97965,100
2019-06-28 09:59:50.000000000,99209,291,99123,291,99290,315,98967,291,99609,100,98943,100,99692,200,98933,100,99782,100,98712,100,99889,100,98368,100,99971,300,98185,100,100028,100,98179,100,100037,100,97989,100,100053,100,97965,100
2019-06-28 10:00:00.000000000,99209,196,99123,196,99290,220,98967,196,99609,196,98943,196,99692,296,98933,196,99782,100,98712,100,99889,100,98368,100,99971,300,98185,100,100028,100,98179,100,100037,100,97989,100,100053,100,97965,100
2019-06-28 10:00:10.000000000,99209,176,99123,176,99290,200,98967,176,99609,176,98943,176,99692,276,98933,176,99782,176,98712,176,99889,100,98368,100,99971,300,98185,100,100028,100,98179,100,100037,100,97989,100,100053,100,97965,100
2019-06-28 10:00:11.481163385,99209,176,99123,76,99290,200,98967,176,99609,176,98943,176,99692,276,98933,176,99782,176,98712,176,99889,100,98368,100,99971,300,98185,100,100028,100,98179,100,100037,100,97989,100,100053,100,97965,100
2019-06-28 10:00:20.000000000,99209,230,98967,230,99290,250,98943,226,99609,226,98933,226,99692,200,98712,100,99782,100,98368,100,99889,100,98185,100,99971,300,98179,100,100028,100,97989,100,100037,100,97965,100,100053,100,97940,100
2019-06-28 10:00:30.000000000,99209,176,98967,176,99290,200,98943,176,99609,176,98933,176,99692,276,98712,176,99782,176,98368,176,99889,100,98185,100,99971,300,98179,100,100028,100,97989,100,100037,100,97965,100,100053,100,97940,100
2019-06-28 10:00:40.000000000,99209,482,98967,482,99290,124,98943,100,99609,100,98933,100,99692,200,98712,100,99782,100,98368,100,99889,100,98185,100,99971,300,98179,100,100028,100,97989,100,100037,100,97965,100,100053,100,97940,100
2019-06-28 10:00:41.373234617,99209,482,98967,482,99290,124,98943,100,99609,100,98933,100,99692,200,98712,100,99782,100,98368,100,99889,100,98185,100,99971,300,98179,100,100037,100,97989,100,100053,100,97965,100,100054,100,97940,100
2019-06-28 10:00:45.103251341,99127,100,98967,482,99209,482,98943,100,99290,124,98933,100,99609,100,98712,100,99692,200,98368,100,99782,100,98185,100,99889,100,98179,100,99971,300,97989,100,100037,100,97965,100,100053,100,97940,100
2019-06-28 10:00:50.000000000,99127,230,98967,230,99209,226,98943,226,99290,250,98933,226,99609,100,98712,100,99692,200,98368,100,99782,100,98185,100,99889,100,98179,100,99971,300,97989,100,100037,100,97965,100,100053,100,97940,100
2019-06-28 10:01:00.000000000,99127,196,98967,196,99209,196,98943,196,99290,220,98933,196,99609,196,98712,196,99692,200,98368,100,99782,100,98185,100,99889,100,98179,100,99971,300,97989,100,100037,100,97965,100,100053,100,97940,100
2019-06-28 10:01:00.374584622,99127,196,98967,196,99209,196,98943,196,99290,220,98933,196,99609,196,98712,196,99692,200,98368,100,99782,100,98185,100,99889,100,98179,100,99971,300,97989,100,100037,100,97940,100,100053,100,97693,100
2019-06-28 10:01:06.791323225,99127,296,98967,196,99209,196,98943,196,99290,220,98933,196,99609,196,98712,196,99692,200,98368,100,99782,100,98185,100,99889,100,98179,100,99971,300,97989,100,100037,100,97940,100,100053,100,97693,100
2019-06-28 10:01:09.064982928,99127,296,98967,96,99209,196,98943,196,99290,220,98933,196,99609,196,98712,196,99692,200,98368,100,99782,100,98185,100,99889,100,98179,100,99971,300,97940,100,100037,100,97693,100,100053,100,97461,100
2019-06-28 10:01:10.000000000,99127,330,98943,230,99209,226,98933,226,99290,250,98712,226,99609,100,98368,100,99692,200,98185,100,99782,100,98179,100,99889,100,97940,100,99971,300,97693,100,100037,100,97461,100,100053,100,97447,100
2019-06-28 10:01:20.000000000,99127,391,98943,291,99209,291,98933,291,99290,124,98712,100,99609,100,98368,100,99692,200,98185,100,99782,100,98179,100,99889,100,97940,100,99971,300,97693,100,100037,100,97461,100,100053,100,97447,100
2019-06-28 10:01:30.000000000,99127,330,98943,230,99209,226,98933,226,99290,250,98712,226,99609,100,98368,100,99692,200,98185,100,99782,100,98179,100,99889,100,97940,100,99971,300,97693,100,100037,100,97461,100,100053,100,97447,100
2019-06-28 10:01:30.870530311,99123,100,98943,230,99127,330,98933,226,99209,226,98712,226,99290,250,98368,100,99609,100,98185,100,99692,200,98179,100,99782,100,97940,100,99889,100,97693,100,99971,300,97461,100,100037,100,97447,100
2019-06-28 10:01:31.581197188,99123,100,98943,230,99127,330,98933,226,99209,226,98712,226,99290,250,98368,100,99609,100,98185,100,99692,200,98179,100,99782,100,97940,100,99889,100,97693,100,99971,300,97467,100,100037,100,97461,100
2019-06-28 10:01:40.000000000,99123,482,98943,482,99127,200,98933,100,99209,100,98712,100,99290,124,98368,100,99609,100,98185,100,99692,200,98179,100,99782,100,97940,100,99889,100,97693,100,99971,300,97467,100,100037,100,97461,100
2019-06-28 10:01:50.000000000,99123,291,98943,291,99127,391,98933,291,99209,100,98712,100,99290,124,98368,100,99609,100,98185,100,99692,200,98179,100,99782,100,97940,100,99889,100,97693,100,99971,300,97467,100,100037,100,97461,100
2019-06-28 10:02:00.000000000,99123,291,98943,291,99127,391,98933,291,99209,100,98712,100,99290,124,98368,100,99609,100,98185,100,99692,200,98179,100,99782,100,97940,100,99889,100,97693,100,99971,300,97467,100,100037,100,97461,100
2019-06-28 10:02:10.000000000,99123,196,98943,196,99127,296,98933,196,99209,196,98712,196,99290,220,98368,196,99609,100,98185,100,99692,200,98179,100,99782,100,97940,100,99889,100,97693,100,99971,300,97467,100,100037,100,97461,100
2019-06-28 10:02:15.997602632,99123,196,98943,196,99127,296,98933,196,99209,196,98712,196,99290,220,98368,196,99609,100,98185,100,99692,200,98179,100,99782,100,97940,100,99889,100,97693,100,99971,300,97467,100,100037,100,97461,100
2019-06-28 10:02:20.000000000,99123,176,98943,176,99127,276,98933,176,99209,176,98712,176,99290,200,98368,176,99609,176,98185,176,99692,200,98179,100,99782,100,97940,100,99889,100,97693,100,99971,300,97467,100,100037,100,97461,100
2019-06-28 10:02:30.000000000,99123,176,98943,176,99127,276,98933,176,99209,176,98712,176,99290,200,98368,176,99609,176,98185,176,99692,200,98179,100,99782,100,97940,100,99889,100,97693,100,99971,300,97467,100,100037,100,97461,100
2019-06-28 10:02:35.860992191,99123,76,98943,176,99127,276,98933,176,99209,176,98712,176,99290,200,98368,176,99609,176,98185,176,99692,200,98179,100,99782,100,97940,100,99889,100,97693,100,99971,300,97467,100,100037,100,97461,100
2019-06-28 10:02:40.000000000,99127,296,98943,196,99209,196,98933,196,99290,220,98712,196,99609,196,98368,196,99692,200,98185,100,99782,100,98179,100,99889,100,97940,100,99971,300,97693,100,100037,100,97467,100,100053,100,97461,100
2019-06-28 10:02:50.000000000,99127,296,98943,196,99209,196,98933,196,99290,220,98712,196,99609,196,98368,196,99692,200,98185,100,99782,100,98179,100,99889,100,97940,100,99971,300,97693,100,100037,100,97467,100,100053,100,97461,100
2019-06-28 10:03:00.000000000,99127,582,98943,482,99209,100,98933,100,99290,124,98712,100,99609,100,98368,100,99692,200,98185,100,99782,100,98179,100,99889,100,97940,100,99971,300,97693,100,100037,100,97467,100,100053,100,97461,100
2019-06-28 10:03:09.457633667,99123,100,98943,482,99127,582,98933,100,99209,100,98712,100,99290,124,98368,100,99609,100,98185,100,99692,100,98179,100,99782,100,97940,100,99889,100,97693,100,99971,300,97467,100,100037,100,97461,100
2019-06-28 10:03:10.000000000,99123,196,98943,196,99127,296,98933,196,99209,196,98712,196,99290,220,98368,196,99609,100,98185,100,99692,100,98179,100,99782,100,97940,100,99889,100,97693,100,99971,300,97467,100,100037,100,97461,100
2019-06-28 10:03:10.157842626,99123,296,98943,196,99127,296,98933,196,99209,96,98712,196,99290,220,98368,196,99609,100,98185,100,99692,100,98179,100,99782,100,97940,100,99889,100,97693,100,99971,300,97467,100,100037,100,97461,100
2019-06-28 10:03:15.684091738,99123,296,98943,196,99127,296,98933,196,99209,96,98712,196,99290,220,98368,196,99609,100,98185,100,99692,100,98179,100,99782,100,97940,100,99889,100,97693,100,99971,300,97467,100,100037,100,97461,100
2019-06-28 10:03:20.000000000,99123,330,98943,230,99127,326,98933,226,99290,250,98712,226,99609,100,98368,100,99692,100,98185,100,99782,100,98179,100,99889,100,97940,100,99971,300,97693,100,100037,100,97467,100,100053,100,97461,100
2019-06-28 10:03:27.202772048,99123,330,98943,230,99127,326,98933,226,99290,250,98712,226,99609,100,98368,100,99692,100,98185,100,99782,100,97940,100,99889,100,97693,100,99971,300,97467,100,100037,100,97461,100,100053,100,97404,100
2019-06-28 10:03:30.000000000,99123,296,98943,196,99127,296,98933,196,99290,220,98712,196,99609,196,98368,196,99692,100,98185,100,99782,100,97940,100,99889,100,97693,100,99971,300,97467,100,100037,100,97461,100,100053,100,97404,100
2019-06-28 10:03:40.000000000,99123,276,98943,176,99127,276,98933,176,99290,200,98712,176,99609,176,98368,176,99692,176,98185,176,99782,100,97940,100,99889,100,97693,100,99971,300,97467,100,100037,100,97461,100,100053,100,97404,100
2019-06-28 10:03:49.893304685,99123,276,98943,76,99127,276,98933,176,99290,200,98712,176,99609,176,98368,176,99692,176,98185,176,99782,100,97940,100,99889,100,97693,100,99971,300,97467,100,100037,100,97461,100,100053,100,97404,100
2019-06-28 10:03:50.000000000,99123,330,98933,230,99127,326,98712,226,99290,250,98368,226,99609,100,98185,100,99692,100,97940,100,99782,100,97693,100,99889,100,97467,100,99971,300,97461,100,100037,100,97404,100,100053,100,97283,100
2019-06-28 10:04:00.000000000,99123,296,98933,196,99127,296,98712,196,99290,220,98368,196,99609,196,98185,196,99692,100,97940,100,99782,100,97693,100,99889,100,97467,100,99971,300,97461,100,100037,100,97404,100,100053,100,97283,100
2019-06-28 10:04:10.000000000,99123,582,98933,482,99127,200,98712,100,99290,124,98368,100,99609,100,98185,100,99692,100,97940,100,99782,100,97693,100,99889,100,97467,100,99971,300,97461,100,100037,100,97404,100,100053,100,97283,100
2019-06-28 10:04:20.000000000,99123,330,98933,230,99127,326,98712,226,99290,250,98368,226,99609,100,98185,100,99692,100,97940,100,99782,100,97693,100,99889,100,97467,100,99971,300,97461,100,100037,100,97404,100,100053,100,97283,100
2019-06-28 10:04:27.447890634,99123,330,98933,130,99127,326,98712,226,99290,250,98368,226,99609,100,98185,100,99692,100,97940,100,99782,100,97693,100,99889,100,97467,100,99971,300,97461,100,100037,100,97404,100,100053,100,97283,100
2019-06-28 10:04:30.000000000,99123,330,98712,230,99127,326,98368,226,99290,250,98185,226,99609,100,97940,100,99692,100,97693,100,99782,100,97467,100,99889,100,97461,100,99971,300,97404,100,100037,100,97283,100,100053,100,96939,100
2019-06-28 10:04:40.000000000,99123,276,98712,176,99127,276,98368,176,99290,200,98185,176,99609,176,97940,176,99692,176,97693,176,99782,100,97467,100,99889,100,97461,100,99971,300,97404,100,100037,100,97283,100,100053,100,96939,100
2019-06-28 10:04:42.252539068,99123,276,98712,176,99127,276,98368,176,99290,200,98185,176,99609,176,97940,176,99692,176,97693,176,99782,100,97467,100,99889,100,97461,100,99971,300,97404,100,100037,100,97283,100,100053,100,96939,100
2019-06-28 10:04:43.620185776,99123,276,98712,176,99127,276,98368,176,99290,200,98185,176,99609,176,97940,176,99692,176,97693,176,99782,100,97467,100,99889,100,97461,100,99971,300,97404,100,100037,100,97283,100,100053,100,97189,100
2019-06-28 10:04:50.000000000,99123,330,98712,230,99127,326,98368,226,99290,250,98185,226,99609,100,97940,100,99692,100,97693,100,99782,100,97467,100,99889,100,97461,100,99971,300,97404,100,100037,100,97283,100,100053,100,97189,100
2019-06-28 10:04:51.310618331,99123,330,98712,230,99127,326,98368,226,99290,250,98185,226,99609,100,97940,100,99692,100,97693,100,99782,100,97467,100,99889,100,97461,100,99971,300,97404,100,100037,100,97283,100,100053,100,97189,100
2019-06-28 10:04:55.487409670,99123,330,98712,130,99127,326,98368,226,99290,250,98185,226,99609,100,97940,100,99692,100,97693,100,99782,100,97467,100,99889,100,97461,100,99971,300,97404,100,100037,100,97283,100,100053,100,97189,100
2019-06-28 10:05:00.000000000,99123,276,98368,176,99127,276,98185,176,99290,200,97940,176,99609,176,97693,176,99692,176,97467,176,99782,100,97461,100,99889,100,97404,100,99971,300,97283,100,100037,100,97189,100,100053,100,97185,100
2019-06-28 10:05:10.000000000,99123,330,98368,230,99127,326,98185,226,99290,250,97940,226,99609,100,97693,100,99692,100,97467,100,99782,100,97461,100,99889,100,97404,100,99971,300,97283,100,100037,100,97189,100,100053,100,97185,100
2019-06-28 10:05:20.000000000,99123,330,98368,230,99127,326,98185,226,99290,250,97940,226,99609,100,97693,100,99692,100,97467,100,99782,100,97461,100,99889,100,97404,100,99971,300,97283,100,100037,100,97189,100,100053,100,97185,100
2019-06-28 10:05:30.000000000,99123,296,98368,196,99127,296,98185,196,99290,220,97940,196,99609,196,97693,196,99692,100,97467,100,99782,100,97461,100,99889,100,97404,100,99971,300,97283,100,100037,100,97189,100,100053,100,97185,100
2019-06-28 10:05:40.000000000,99123,330,98368,230,99127,326,98185,226,99290,250,97940,226,99609,100,97693,100,99692,100,97467,100,99782,100,97461,100,99889,100,97404,100,99971,300,97283,100,100037,100,97189,100,100053,100,97185,100
2019-06-28 10:05:50.000000000,99123,330,98368,230,99127,326,98185,226,99290,250,97940,226,99609,100,97693,100,99692,100,97467,100,99782,100,97461,100,99889,100,97404,100,99971,300,97283,100,100037,100,97189,100,100053,100,97185,100
2019-06-28 10:05:54.944976854,99123,330,98368,130,99127,326,98185,226,99290,250,97940,226,99609,100,97693,100,99692,100,97467,100,99782,100,97461,100,99889,100,97404,100,99971,300,97283,100,100037,100,97189,100,100053,100,97185,100
2019-06-28 10:05:57.822776554,98712,100,98368,130,99123,330,98185,226,99127,326,97940,226,99290,250,97693,100,99609,100,97467,100,99692,100,97461,100,99782,100,97404,100,99889,100,97283,100,99971,300,97189,100,100037,100,97185,100
2019-06-28 10:06:00.000000000,98712,230,98185,230,99123,326,97940,226,99127,326,97693,226,99290,124,97467,100,99609,100,97461,100,99692,100,97404,100,99782,100,97283,100,99889,100,97189,100,99971,300,97185,100,100037,100,96866,100
2019-06-28 10:06:10.000000000,98712,291,98185,291,99123,391,97940,291,99127,200,97693,100,99290,124,97467,100,99609,100,97461,100,99692,100,97404,100,99782,100,97283,100,99889,100,97189,100,99971,300,97185,100,100037,100,96866,100
2019-06-28 10:06:20.000000000,98712,176,98185,176,99123,276,97940,176,99127,276,97693,176,99290,200,97467,176,99609,176,97461,176,99692,100,97404,100,99782,100,97283,100,99889,100,97189,100,99971,300,97185,100,100037,100,96866,100
2019-06-28 10:06:21.194833384,98712,176,98185,76,99123,276,97940,176,99127,276,97693,176,99290,200,97467,176,99609,176,97461,176,99692,100,97404,100,99782,100,97283,100,99889,100,97189,100,99971,300,97185,100,100037,100,96866,100
2019-06-28 10:06:22.778726584,98368,100,98185,76,98712,176,97940,176,99123,276,97693,176,99127,176,97467,176,99290,200,97461,176,99609,176,97404,100,99692,100,97283,100,99782,100,97189,100,99889,100,97185,100,99971,300,96866,100
2019-06-28 10:06:30.000000000,98368,291,97940,291,98712,291,97693,291,99123,200,97467,100,99127,100,97461,100,99290,124,97404,100,99609,100,97283,100,99692,100,97189,100,99782,100,97185,100,99889,100,96866,100,99971,300,,
2019-06-28 10:06:33.240300563,98368,291,98161,100,98712,291,97940,291,99123,200,97693,291,99127,100,97467,100,99290,124,97461,100,99609,100,97404,100,99692,100,97283,100,99782,100,97189,100,99889,100,97185,100,99971,300,96866,100
2019-06-28 10:06:40.000000000,98368,196,98161,196,98712,196,97940,196,99123,296,97693,196,99127,196,97467,196,99290,124,97461,100,99609,100,97404,100,99692,100,97283,100,99782,100,97189,100,99889,100,97185,100,99971,300,96866,100
2019-06-28 10:06:49.011043517,98186,100,98161,196,98368,196,97940,196,98712,196,97693,196,99123,296,97467,196,99127,196,97461,100,99290,124,97404,100,99609,100,97283,100,99692,100,97189,100,99782,100,97185,100,99889,100,96866,100
2019-06-28 10:06:50.000000000,98186,176,98161,176,98368,176,97940,176,98712,176,97693,176,99123,276,97467,176,99127,176,97461,176,99290,124,97404,100,99609,100,97283,100,99692,100,97189,100,99782,100,97185,100,99889,100,96866,100
2019-06-28 10:06:54.934561056,98186,176,98161,176,98368,276,97940,176,98712,176,97693,176,99123,276,97467,176,99127,176,97461,176,99290,124,97404,100,99609,100,97283,100,99692,100,97189,100,99782,100,97185,100,99889,100,96866,100
2019-06-28 10:07:00.000000000,98186,196,98161,196,98368,296,97940,196,98712,196,97693,196,99123,296,97467,196,99127,100,97461,100,99290,124,97404,100,99609,100,97283,100,99692,100,97189,100,99782,100,97185,100,99889,100,96866,100
2019-06-28 10:07:10.000000000,98186,176,98161,176,98368,276,97940,176,98712,176,97693,176,99123,276,97467,176,99127,176,97461,176,99290,124,97404,100,99609,100,97283,100,99692,100,97189,100,99782,100,97185,100,99889,100,96866,100
2019-06-28 10:07:14.506040958,98186,176,98161,76,98368,276,97940,176,98712,176,97693,176,99123,276,97467,176,99127,176,97461,176,99290,124,97283,100,99609,100,97189,100,99692,100,97185,100,99782,100,96866,100,99889,100,,
2019-06-28 10:07:20.000000000,98186,230,97940,230,98368,326,97693,226,98712,226,97467,226,99123,200,97461,100,99127,100,97283,100,99290,124,97189,100,99609,100,97185,100,99692,100,96866,100,99782,100,,,99889,100,,
2019-06-28 10:07:24.001941754,98186,230,98078,100,98368,326,97940,230,98712,226,97693,226,99123,200,97467,226,99127,100,97461,100,99290,124,97283,100,99609,100,97189,100,99692,100,97185,100,99782,100,96866,100,99889,100,,
2019-06-28 10:07:27.501829878,98095,100,98078,100,98186,230,97940,230,98368,326,97693,226,98712,226,97467,226,99123,200,97461,100,99127,100,97283,100,99290,124,97189,100,99609,100,97185,100,99692,100,96866,100,99782,100,,
2019-06-28 10:07:30.000000000,98095,176,98078,176,98186,176,97940,176,98368,276,97693,176,98712,176,97467,176,99123,276,97461,176,99127,100,97283,100,99290,124,97189,100,99609,100,97185,100,99692,100,96866,100,99782,100,,
2019-06-28 10:07:40.000000000,98095,291,98078,291,98186,291,97940,291,98368,200,97693,100,98712,100,97467,100,99123,200,97461,100,99127,100,97283,100,99290,124,97189,100,99609,100,97185,100,99692,100,96866,100,99782,100,,
2019-06-28 10:07:50.000000000,98095,291,98078,291,98186,291,97940,291,98368,200,97693,100,98712,100,97467,100,99123,200,97461,100,99127,100,97283,100,99290,124,97189,100,99609,100,97185,100,99692,100,96866,100,99782,100,,
2019-06-28 10:07:59.839565252,98095,191,98078,291,98186,291,97940,291,98368,200,97693,100,98712,100,97467,100,99123,200,97461,100,99127,100,97283,100,99290,124,97189,100,99609,100,97185,100,99692,100,96866,100,99782,100,,
2019-06-28 10:08:00.000000000,98186,230,98078,230,98368,326,97940,226,98712,226,97693,226,99123,200,97467,100,99127,100,97461,100,99290,124,97283,100,99609,100,97189,100,99692,100,97185,100,99782,100,96866,100,99889,100,,
2019-06-28 10:08:00.018406873,98186,130,98078,230,98368,326,97940,226,98712,226,97693,226,99123,200,97467,100,99127,100,97461,100,99290,124,97283,100,99609,100,97189,100,99692,100,97185,100,99782,100,96866,100,99889,100,,
2019-06-28 10:08:09.742662398,98186,130,98078,230,98368,326,97940,226,98712,126,97693,226,99123,200,97467,100,99127,100,97461,100,99290,124,97283,100,99609,100,97189,100,99692,100,97185,100,99782,100,96866,100,99889,100,,
2019-06-28 10:08:10.000000000,98368,276,98078,176,99123,276,97940,176,99127,176,97693,176,99290,200,97467,176,99609,176,97461,176,99692,100,97283,100,99782,100,97189,100,99889,100,97185,100,99971,300,96866,100,100037,100,,
2019-06-28 10:08:17.081078722,98368,276,98078,176,99123,276,97940,176,99127,176,97693,176,99290,200,97467,176,99609,176,97461,176,99692,100,97283,100,99782,100,97189,100,99889,100,97185,100,99971,300,96866,100,100053,100,,
2019-06-28 10:08:20.000000000,98368,330,98078,230,99123,326,97940,226,99127,226,97693,226,99290,124,97467,100,99609,100,97461,100,99692,100,97283,100,99782,100,97189,100,99889,100,97185,100,99971,300,96866,100,100053,100,,
2019-06-28 10:08:30.000000000,98368,330,98078,230,99123,326,97940,226,99127,226,97693,226,99290,124,97467,100,99609,100,97461,100,99692,100,97283,100,99782,100,97189,100,99889,100,97185,100,99971,300,96866,100,100053,100,,
2019-06-28 10:08:40.000000000,98368,582,98078,482,99123,200,97940,100,99127,100,97693,100,99290,124,97467,100,99609,100,97461,100,99692,100,97283,100,99782,100,97189,100,99889,100,97185,100,99971,300,96866,100,100053,100,,
2019-06-28 10:08:43.873933779,98368,582,98078,382,99123,200,98059,100,99127,100,97940,100,99290,124,97693,100,99609,100,97467,100,99692,100,97461,100,99782,100,97283,100,99889,100,97189,100,99971,300,97185,100,100053,100,96866,100
2019-06-28 10:08:50.000000000,98368,296,98059,196,99123,296,97940,196,99127,196,97693,196,99290,220,97467,196,99609,100,97461,100,99692,100,97283,100,99782,100,97189,100,99889,100,97185,100,99971,300,96866,100,100053,100,,
