,ask_price_1,ask_size_1,bid_price_1,bid_size_1,ask_price_2,ask_size_2,bid_price_2,bid_size_2,ask_price_3,ask_size_3,bid_price_3,bid_size_3,ask_price_4,ask_size_4,bid_price_4,bid_size_4,ask_price_5,ask_size_5,bid_price_5,bid_size_5,ask_price_6,ask_size_6,bid_price_6,bid_size_6,ask_price_7,ask_size_7,bid_price_7,bid_size_7,ask_price_8,ask_size_8,bid_price_8,bid_size_8,ask_price_9,ask_size_9,bid_price_9,bid_size_9,ask_price_10,ask_size_10,bid_price_10,bid_size_10
2019-06-28 09:30:00.000000000,100220,100,99960,100,,,,,,,,,,,,,,,,,,,,,,,,,,,,,,,,,,,,
2019-06-28 09:30:00.000000002,100106,100,99960,100,100220,100,,,,,,,,,,,,,,,,,,,,,,,,,,,,,,,,,,
2019-06-28 09:30:00.000000006,100106,100,99960,100,100115,100,,,100117,100,,,100220,100,,,,,,,,,,,,,,,,,,,,,,,,,,
2019-06-28 09:30:00.000000009,100102,100,99960,100,100106,100,99860,100,100115,100,,,100117,100,,,100220,100,,,,,,,,,,,,,,,,,,,,,,
2019-06-28 09:30:00.000000010,100102,100,99960,100,100106,100,99860,100,100115,100,,,100117,100,,,100146,100,,,100220,100,,,,,,,,,,,,,,,,,,
2019-06-28 09:30:00.000000011,100102,100,99960,100,100104,100,99860,100,100106,100,99849,100,100115,100,,,100117,100,,,100146,100,,,100162,100,,,100220,100,,,,,,,,,,
2019-06-28 09:30:00.000000015,100057,100,99960,100,100102,100,99917,100,100104,100,99860,100,100106,100,99849,100,100115,100,,,100117,100,,,100146,100,,,100162,100,,,100220,100,,,,,,
2019-06-28 09:30:00.000000024,100057,100,100025,100,100102,100,99960,100,100104,100,99917,100,100106,100,99860,100,100115,100,99849,100,100117,100,,,100146,100,,,100162,100,,,100220,100,,,,,,
2019-06-28 09:30:00.000000025,100057,100,100025,100,100102,100,99960,100,100104,100,99917,100,100106,100,99886,100,100115,100,99860,100,100117,100,99849,100,100146,100,,,100162,100,,,100220,100,,,,,,
2019-06-28 09:30:00.000000026,100057,100,100025,100,100063,100,99960,100,100102,100,99917,100,100104,100,99886,100,100106,100,99860,100,100115,100,99849,100,100117,100,99821,100,100146,100,,,100162,100,,,100220,100,,
2019-06-28 09:30:00.000000027,100033,100,100025,100,100043,100,99960,100,100057,100,99917,100,100063,100,99886,100,100102,100,99860,100,100104,100,99849,100,100106,100,99821,100,100115,100,,,100117,100,,,100146,100,,
2019-06-28 09:30:00.000000028,100033,100,100025,100,100043,100,99960,100,100057,100,99917,100,100063,100,99886,100,100102,100,99860,100,100104,100,99849,100,100106,100,99821,100,100115,100,,,100117,100,,,100146,100,,
2019-06-28 09:30:00.000000030,100033,100,99960,100,100043,100,99944,100,100052,100,99917,100,100057,100,99886,100,100063,100,99860,100,100102,100,99849,100,100104,100,99821,100,100106,100,,,100115,100,,,100117,100,,
2019-06-28 09:30:00.000000031,100033,100,99960,100,100043,100,99944,100,100052,100,99917,100,100057,100,99886,100,100063,100,99860,100,100079,100,99849,100,100102,100,99821,100,100104,100,,,100106,100,,,100115,100,,
2019-06-28 09:30:00.000000032,100033,100,99960,100,100043,100,99944,100,100052,100,99917,100,100057,100,99886,100,100063,100,99860,100,100074,100,99849,100,100079,100,99821,100,100102,100,,,100104,100,,,100106,100,,
2019-06-28 09:30:00.000000033,100033,100,99960,100,100043,100,99944,100,100052,100,99917,100,100057,100,99897,100,100063,100,99886,100,100074,100,99860,100,100079,100,99849,100,100102,100,99821,100,100104,100,,,100106,100,,
2019-06-28 09:30:00.000000034,99990,100,99960,100,100033,100,99944,100,100043,100,99917,100,100052,100,99897,100,100057,100,99886,100,100063,100,99860,100,100074,100,99849,100,100079,100,99821,100,100102,100,,,100104,100,,
2019-06-28 09:30:00.000000035,100033,100,99960,100,100043,100,99944,100,100052,100,99917,100,100057,100,99897,100,100063,100,99886,100,100074,100,99883,100,100079,100,99860,100,100102,100,99849,100,100104,100,99821,100,100106,100,,
2019-06-28 09:30:00.000000036,100033,100,99960,100,100043,100,99944,100,100052,100,99917,100,100057,100,99897,100,100063,100,99886,100,100074,100,99883,100,100079,100,99860,100,100102,100,99849,100,100104,100,99821,100,100106,100,,
2019-06-28 09:30:00.000000039,100033,100,99984,100,100043,100,99981,100,100052,100,99960,100,100057,100,99944,100,100063,100,99917,100,100074,100,99897,100,100079,100,99886,100,100102,100,99883,100,100104,100,99860,100,100106,100,99849,100
2019-06-28 09:30:00.000000040,100033,100,99990,100,100043,100,99984,100,100052,100,99981,100,100057,100,99960,100,100063,100,99944,100,100074,100,99917,100,100079,100,99897,100,100102,100,99886,100,100104,100,99883,100,100106,100,99860,100
2019-06-28 09:30:00.000000041,100033,100,99990,100,100043,100,99984,100,100052,100,99981,100,100057,100,99961,100,100063,100,99960,100,100074,100,99944,100,100079,100,99917,100,100102,200,99897,100,100104,100,99886,100,100106,100,99883,100
2019-06-28 09:30:00.000000042,100043,100,99990,100,100044,100,99984,100,100052,100,99981,100,100057,100,99972,100,100063,100,99961,100,100074,100,99960,100,100079,100,99944,100,100102,200,99917,100,100104,100,99897,100,100106,100,99886,100
2019-06-28 09:30:00.000000043,100043,100,99990,100,100044,100,99984,100,100052,100,99981,100,100057,100,99972,100,100063,100,99961,100,100074,100,99960,100,100079,100,99944,100,100102,200,99917,100,100104,100,99897,100,100106,100,99886,100
2019-06-28 09:30:00.000000048,100035,100,99990,100,100043,100,99984,100,100044,100,99981,100,100052,100,99972,100,100057,100,99961,100,100063,100,99960,100,100074,100,99944,100,100079,100,99917,100,100102,200,99897,100,100104,100,99886,100
2019-06-28 09:30:00.000000054,100033,200,99990,100,100035,100,99984,100,100043,100,99981,100,100044,100,99972,100,100052,100,99961,100,100057,100,99960,100,100063,100,99944,100,100074,100,99917,100,100079,100,99897,100,100102,200,99886,100
2019-06-28 09:30:00.000000056,100033,300,99990,100,100035,100,99984,100,100043,100,99981,100,100044,100,99972,100,100052,100,99961,100,100057,100,99960,100,100063,100,99944,100,100074,100,99917,100,100079,100,99897,100,100096,100,99886,100
2019-06-28 09:30:00.000000057,100033,200,99990,100,100035,100,99984,100,100043,100,99981,100,100044,100,99972,100,100052,100,99961,100,100057,100,99960,100,100063,100,99944,100,100074,100,99917,100,100079,100,99897,100,100096,100,99886,100
2019-06-28 09:30:00.000000059,100033,200,99990,100,100035,100,99984,100,100043,100,99981,100,100044,100,99972,100,100052,100,99961,100,100057,100,99960,100,100063,100,99944,100,100074,100,99917,100,100079,100,99897,100,100096,100,99886,100
2019-06-28 09:30:00.000000060,100033,200,99984,100,100035,100,99981,100,100043,100,99972,100,100044,100,99961,100,100052,100,99960,100,100057,100,99944,100,100063,100,99917,100,100074,100,99897,100,100079,100,99886,100,100096,100,99884,100
2019-06-28 09:30:00.000000065,100033,200,99984,100,100035,100,99981,100,100043,100,99972,100,100044,100,99961,100,100052,100,99960,100,100057,100,99944,100,100063,100,99917,100,100074,100,99897,100,100079,100,99886,100,100096,100,99884,100
2019-06-28 09:30:00.000000070,100033,200,99984,100,100035,100,99981,100,100043,100,99972,100,100044,100,99961,100,100052,100,99960,100,100057,100,99948,100,100063,100,99944,100,100074,100,99917,100,100079,100,99897,100,100096,100,99886,100
2019-06-28 09:30:00.000000072,100033,200,99984,100,100035,100,99981,100,100043,100,99972,100,100044,100,99961,100,100052,100,99960,100,100057,100,99953,100,100063,100,99948,100,100074,100,99944,100,100079,100,99917,100,100096,100,99897,100
2019-06-28 09:30:00.000000076,100033,200,99984,100,100035,100,99981,100,100043,100,99972,100,100044,100,99961,100,100052,100,99960,100,100057,100,99953,100,100063,100,99948,100,100074,100,99944,100,100079,100,99928,100,100096,100,99917,100
2019-06-28 09:30:00.000000078,100033,200,99984,100,100035,100,99981,100,100043,100,99972,100,100044,100,99961,100,100052,100,99960,100,100057,100,99953,100,100063,100,99948,100,100074,100,99944,100,100079,100,99928,100,100096,100,99917,100
2019-06-28 09:30:00.000000079,100033,200,99984,100,100035,100,99981,100,100043,100,99972,100,100044,100,99961,100,100052,100,99960,100,100057,100,99953,100,100063,100,99948,100,100074,100,99944,100,100079,100,99928,100,100096,100,99917,100
2019-06-28 09:30:00.000000082,100033,100,99984,100,100035,100,99981,100,100043,100,99972,100,100044,100,99961,100,100052,100,99960,100,100057,100,99953,100,100063,100,99948,100,100074,100,99944,100,100079,100,99928,100,100096,100,99924,100
2019-06-28 09:30:00.000000083,100033,200,99984,100,100035,100,99981,100,100043,100,99972,100,100044,100,99961,100,100052,100,99960,100,100057,100,99953,100,100063,100,99948,100,100074,100,99944,100,100079,100,99928,100,100096,100,99924,100
2019-06-28 09:30:00.000000084,100033,200,99984,100,100035,100,99981,100,100043,100,99972,100,100044,100,99961,100,100052,100,99960,100,100057,100,99953,100,100063,100,99948,100,100074,100,99944,100,100079,100,99928,100,100096,100,99924,100
2019-06-28 09:30:00.000000090,100033,200,99984,100,100035,100,99981,100,100043,100,99972,100,100044,100,99961,100,100052,100,99960,100,100057,100,99953,100,100063,100,99949,100,100074,100,99948,100,100079,100,99944,100,100096,100,99928,100
2019-06-28 09:30:00.000000091,100033,200,99984,100,100035,100,99981,100,100043,100,99972,100,100044,100,99961,100,100052,100,99960,100,100057,100,99953,100,100063,100,99949,100,100074,100,99948,100,100079,100,99944,100,100096,100,99928,100
2019-06-28 09:30:00.000000092,100028,100,99984,100,100033,200,99981,100,100035,100,99972,100,100043,100,99961,100,100044,100,99960,100,100052,100,99953,100,100057,100,99949,100,100063,100,99948,100,100074,100,99944,100,100079,100,99928,100
2019-06-28 09:30:00.000000097,100028,100,99984,100,100033,200,99981,100,100035,100,99972,100,100043,100,99961,100,100044,100,99960,100,100052,100,99953,100,100057,100,99949,100,100063,100,99948,100,100074,100,99944,100,100079,100,99932,100
2019-06-28 09:30:00.000000099,100028,100,99984,100,100033,200,99981,100,100035,100,99972,100,100043,100,99961,100,100044,100,99960,100,100052,100,99953,100,100057,100,99949,100,100063,200,99948,100,100074,100,99944,100,100079,100,99932,100
2019-06-28 09:30:10.000000000,100028,214,99984,214,100033,311,99981,211,100035,211,99972,211,100043,100,99961,100,100044,100,99960,100,100052,100,99953,100,100057,100,99949,100,100063,200,99948,100,100074,100,99944,100,100079,100,99932,100
2019-06-28 09:30:20.000000000,100028,214,99984,214,100033,311,99981,211,100035,211,99972,211,100043,100,99961,100,100044,100,99960,100,100052,100,99953,100,100057,100,99949,100,100063,200,99948,100,100074,100,99944,100,100079,100,99932,100
2019-06-28 09:30:26.513885359,100028,114,99984,214,100033,311,99981,211,100035,211,99972,211,100043,100,99961,100,100044,100,99960,100,100052,100,99953,100,100057,100,99949,100,100063,200,99944,100,100074,100,99932,100,100079,100,99928,100
2019-06-28 09:30:30.000000000,100033,314,99984,214,100035,211,99981,211,100043,211,99972,211,100044,100,99961,100,100052,100,99960,100,100057,100,99953,100,100063,200,99949,100,100074,100,99944,100,100079,100,99932,100,100096,100,99928,100
2019-06-28 09:30:33.746524332,100033,314,99984,214,100035,211,99981,211,100043,211,99972,211,100044,100,99961,100,100052,100,99960,100,100057,100,99953,100,100063,200,99949,100,100074,100,99944,100,100079,100,99932,100,100096,100,99928,100
2019-06-28 09:30:40.000000000,100033,284,99984,184,100035,184,99981,184,100043,184,99972,184,100044,184,99961,184,100052,100,99960,100,100057,100,99953,100,100063,200,99949,100,100074,100,99944,100,100079,100,99932,100,100096,100,99928,100
2019-06-28 09:30:50.000000000,100033,368,99984,268,100035,268,99981,268,100043,100,99972,100,100044,100,99961,100,100052,100,99960,100,100057,100,99953,100,100063,200,99949,100,100074,100,99944,100,100079,100,99932,100,100096,100,99928,100
2019-06-28 09:31:00.000000000,100033,267,99984,167,100035,167,99981,167,100043,167,99972,167,100044,167,99961,167,100052,167,99960,167,100057,100,99953,100,100063,200,99949,100,100074,100,99944,100,100079,100,99932,100,100096,100,99928,100
2019-06-28 09:31:00.302564193,100027,100,99984,167,100033,267,99981,167,100035,167,99972,167,100043,167,99961,167,100044,167,99960,167,100052,167,99953,100,100057,100,99949,100,100063,200,99944,100,100074,100,99932,100,100079,100,99928,100
2019-06-28 09:31:10.000000000,100027,436,99984,436,100033,200,99981,100,100035,100,99972,100,100043,100,99961,100,100044,100,99960,100,100052,100,99953,100,100057,100,99949,100,100063,200,99944,100,100074,100,99932,100,100079,100,99928,100
2019-06-28 09:31:17.682968838,100027,536,99984,436,100033,200,99981,100,100035,100,99972,100,100043,100,99961,100,100044,100,99960,100,100052,100,99953,100,100057,100,99949,100,100063,200,99944,100,100074,100,99932,100,100079,100,99928,100
2019-06-28 09:31:18.389464908,100027,536,99984,436,100033,200,99981,100,100035,100,99972,100,100043,100,99961,100,100044,100,99960,100,100052,100,99953,100,100057,100,99949,100,100063,200,99944,100,100074,100,99932,100,100079,100,99928,100
2019-06-28 09:31:20.000000000,100027,536,99984,436,100033,200,99981,100,100035,100,99972,100,100043,100,99961,100,100044,100,99960,100,100052,100,99953,100,100057,100,99949,100,100063,200,99944,100,100074,100,99932,100,100079,100,99928,100
2019-06-28 09:31:22.860436426,100027,536,99984,436,100033,200,99981,100,100035,100,99972,100,100043,100,99961,100,100044,100,99960,100,100052,100,99953,100,100057,100,99949,100,100063,200,99944,100,100074,100,99932,100,100079,100,99928,100
2019-06-28 09:31:28.056468221,100027,436,99984,436,100033,200,99981,100,100035,100,99972,100,100043,100,99961,100,100044,100,99960,100,100052,100,99953,100,100057,100,99949,100,100063,200,99944,100,100074,100,99932,100,100079,100,99928,100
2019-06-28 09:31:28.772042624,100027,436,99984,436,100033,200,99981,100,100035,100,99972,100,100043,100,99961,100,100044,100,99960,100,100052,100,99953,100,100057,100,99949,100,100063,200,99944,100,100074,100,99932,100,100079,100,99928,100
2019-06-28 09:31:30.000000000,100027,268,99984,268,100033,368,99981,268,100035,100,99972,100,100043,100,99961,100,100044,100,99960,100,100052,100,99953,100,100057,100,99949,100,100063,200,99944,100,100074,100,99932,100,100079,100,99928,100
2019-06-28 09:31:36.678766916,100027,168,99984,268,100033,368,99981,268,100035,100,99972,100,100043,100,99961,100,100044,100,99960,100,100052,100,99953,100,100057,100,99949,100,100063,200,99944,100,100074,100,99932,100,100079,100,99928,100
2019-06-28 09:31:40.000000000,100033,284,99984,184,100035,184,99981,184,100043,184,99972,184,100044,184,99961,184,100052,100,99960,100,100057,100,99953,100,100063,200,99949,100,100074,100,99944,100,100079,100,99932,100,100091,100,99928,100
2019-06-28 09:31:50.000000000,100033,284,99984,184,100035,184,99981,184,100043,184,99972,184,100044,184,99961,184,100052,100,99960,100,100057,100,99953,100,100063,200,99949,100,100074,100,99944,100,100079,100,99932,100,100091,100,99928,100
2019-06-28 09:32:00.000000000,100033,284,99984,184,100035,184,99981,184,100043,184,99972,184,100044,184,99961,184,100052,100,99960,100,100057,100,99953,100,100063,200,99949,100,100074,100,99944,100,100079,100,99932,100,100091,100,99928,100
2019-06-28 09:32:00.268572898,100033,284,99984,184,100035,184,99981,184,100043,184,99972,184,100044,184,99961,184,100052,100,99960,100,100057,100,99953,100,100063,200,99949,100,100074,100,99944,100,100079,100,99932,100,100091,100,99928,100
2019-06-28 09:32:10.000000000,100033,314,99984,214,100035,211,99981,211,100043,211,99972,211,100044,100,99961,100,100052,100,99960,100,100057,100,99953,100,100063,200,99949,100,100074,100,99944,100,100079,100,99932,100,100091,100,99928,100
2019-06-28 09:32:20.000000000,100033,536,99984,436,100035,100,99981,100,100043,100,99972,100,100044,100,99961,100,100052,100,99960,100,100057,100,99953,100,100063,200,99949,100,100074,100,99944,100,100079,100,99932,100,100091,100,99928,100
2019-06-28 09:32:27.306170814,100033,536,99984,336,100035,100,99981,100,100043,100,99972,100,100044,100,99961,100,100052,100,99953,100,100057,100,99949,100,100063,200,99944,100,100074,100,99932,100,100079,100,99928,100,100091,100,99924,100
2019-06-28 09:32:30.000000000,100033,314,99981,214,100035,211,99972,211,100043,211,99961,211,100044,100,99953,100,100052,100,99949,100,100057,100,99944,100,100063,200,99932,100,100074,100,99928,100,100079,100,99924,100,100091,100,99917,100
2019-06-28 09:32:40.000000000,100033,284,99981,184,100035,184,99972,184,100043,184,99961,184,100044,184,99953,184,100052,100,99949,100,100057,100,99944,100,100063,200,99932,100,100074,100,99928,100,100079,100,99924,100,100091,100,99917,100
2019-06-28 09:32:50.000000000,100033,536,99981,436,100035,100,99972,100,100043,100,99961,100,100044,100,99953,100,100052,100,99949,100,100057,100,99944,100,100063,200,99932,100,100074,100,99928,100,100079,100,99924,100,100091,100,99917,100
2019-06-28 09:32:54.112442184,100033,536,99981,436,100035,100,99972,100,100043,100,99961,100,100044,100,99953,100,100052,100,99949,100,100057,100,99944,100,100063,200,99932,100,100074,100,99928,100,100079,100,99924,100,100091,100,99917,100
2019-06-28 09:33:00.000000000,100033,536,99981,436,100035,100,99972,100,100043,100,99961,100,100044,100,99953,100,100052,100,99949,100,100057,100,99944,100,100063,200,99932,100,100074,100,99928,100,100079,100,99924,100,100091,100,99917,100
2019-06-28 09:33:10.000000000,100033,536,99981,436,100035,100,99972,100,100043,100,99961,100,100044,100,99953,100,100052,100,99949,100,100057,100,99944,100,100063,200,99932,100,100074,100,99928,100,100079,100,99924,100,100091,100,99917,100
2019-06-28 09:33:13.364363405,100033,536,99981,336,100035,100,99972,100,100043,100,99961,100,100044,100,99953,100,100052,100,99949,100,100057,100,99944,100,100063,200,99932,100,100074,100,99928,100,100091,100,99924,100,100096,100,99917,100
2019-06-28 09:33:19.570811216,100033,536,99981,336,100035,100,99972,100,100043,100,99961,100,100044,100,99953,100,100052,100,99949,100,100057,100,99944,100,100063,200,99932,100,100074,100,99928,100,100091,100,99924,100,100096,100,99917,100
2019-06-28 09:33:20.000000000,100033,536,99972,436,100035,100,99961,100,100043,100,99953,100,100044,100,99949,100,100052,100,99944,100,100057,100,99932,100,100063,200,99928,100,100074,100,99924,100,100091,100,99917,100,100096,100,99891,100
2019-06-28 09:33:21.480636625,100033,536,99972,436,100035,100,99961,100,100043,100,99953,200,100044,100,99949,100,100052,100,99944,100,100057,100,99932,100,100063,200,99928,100,100074,100,99924,100,100091,100,99917,100,100096,100,99891,100
2019-06-28 09:33:30.000000000,100033,314,99972,214,100035,211,99961,211,100043,211,99953,311,100044,100,99949,100,100052,100,99944,100,100057,100,99932,100,100063,200,99928,100,100074,100,99924,100,100091,100,99917,100,100096,100,99891,100
2019-06-28 09:33:40.000000000,100033,267,99972,167,100035,167,99961,167,100043,167,99953,267,100044,167,99949,167,100052,167,99944,167,100057,100,99932,100,100063,200,99928,100,100074,100,99924,100,100091,100,99917,100,100096,100,99891,100
2019-06-28 09:33:50.000000000,100033,284,99972,184,100035,184,99961,184,100043,184,99953,284,100044,184,99949,184,100052,100,99944,100,100057,100,99932,100,100063,200,99928,100,100074,100,99924,100,100091,100,99917,100,100096,100,99891,100
2019-06-28 09:34:00.000000000,100033,536,99972,436,100035,100,99961,100,100043,100,99953,200,100044,100,99949,100,100052,100,99944,100,100057,100,99932,100,100063,200,99928,100,100074,100,99924,100,100091,100,99917,100,100096,100,99891,100
2019-06-28 09:34:10.000000000,100033,536,99972,436,100035,100,99961,100,100043,100,99953,200,100044,100,99949,100,100052,100,99944,100,100057,100,99932,100,100063,200,99928,100,100074,100,99924,100,100091,100,99917,100,100096,100,99891,100
2019-06-28 09:34:20.000000000,100033,368,99972,268,100035,268,99961,268,100043,100,99953,200,100044,100,99949,100,100052,100,99944,100,100057,100,99932,100,100063,200,99928,100,100074,100,99924,100,100091,100,99917,100,100096,100,99891,100
2019-06-28 09:34:30.000000000,100033,314,99972,214,100035,211,99961,211,100043,211,99953,311,100044,100,99949,100,100052,100,99944,100,100057,100,99932,100,100063,200,99928,100,100074,100,99924,100,100091,100,99917,100,100096,100,99891,100
2019-06-28 09:34:40.000000000,100033,267,99972,167,100035,167,99961,167,100043,167,99953,267,100044,167,99949,167,100052,167,99944,167,100057,100,99932,100,100063,200,99928,100,100074,100,99924,100,100091,100,99917,100,100096,100,99891,100
2019-06-28 09:34:47.073545429,100033,267,99972,167,100035,167,99961,167,100043,167,99953,267,100044,167,99949,167,100052,167,99944,167,100057,100,99932,100,100063,200,99928,100,100074,100,99924,100,100091,100,99917,100,100096,100,99891,100
2019-06-28 09:34:50.000000000,100033,314,99972,214,100035,211,99961,211,100043,211,99953,311,100044,100,99949,100,100052,100,99944,100,100057,100,99932,100,100063,200,99928,100,100074,100,99924,100,100091,100,99917,100,100096,100,99891,100
2019-06-28 09:35:00.000000000,100033,284,99972,184,100035,184,99961,184,100043,184,99953,284,100044,184,99949,184,100052,100,99944,100,100057,100,99932,100,100063,200,99928,100,100074,100,99924,100,100091,100,99917,100,100096,100,99891,100
2019-06-28 09:35:10.000000000,100033,314,99972,214,100035,211,99961,211,100043,211,99953,311,100044,100,99949,100,100052,100,99944,100,100057,100,99932,100,100063,200,99928,100,100074,100,99924,100,100091,100,99917,100,100096,100,99891,100
2019-06-28 09:35:20.000000000,100033,284,99972,184,100035,184,99961,184,100043,184,99953,284,100044,184,99949,184,100052,100,99944,100,100057,100,99932,100,100063,200,99928,100,100074,100,99924,100,100091,100,99917,100,100096,100,99891,100
2019-06-28 09:35:30.000000000,100033,536,99972,436,100035,100,99961,100,100043,100,99953,200,100044,100,99949,100,100052,100,99944,100,100057,100,99932,100,100063,200,99928,100,100074,100,99924,100,100091,100,99917,100,100096,100,99891,100
2019-06-28 09:35:40.000000000,100033,267,99972,167,100035,167,99961,167,100043,167,99953,267,100044,167,99949,167,100052,167,99944,167,100057,100,99932,100,100063,200,99928,100,100074,100,99924,100,100091,100,99917,100,100096,100,99891,100
2019-06-28 09:35:45.246686791,100033,167,99972,167,100035,167,99961,167,100043,167,99953,267,100044,167,99949,167,100052,167,99944,167,100057,100,99932,100,100063,200,99928,100,100074,100,99924,100,100091,100,99917,100,100096,100,99891,100
2019-06-28 09:35:50.000000000,100033,167,99972,167,100035,167,99961,167,100043,167,99953,267,100044,167,99949,167,100052,167,99944,167,100057,100,99932,100,100063,200,99928,100,100074,100,99924,100,100091,100,99917,100,100096,100,99891,100
2019-06-28 09:35:56.925385697,100033,167,99972,67,100035,167,99961,167,100043,167,99953,267,100044,167,99949,167,100052,167,99944,167,100057,100,99932,100,100063,200,99928,100,100074,100,99924,100,100091,100,99917,100,100096,100,99891,100
2019-06-28 09:36:00.000000000,100033,436,99961,436,100035,100,99953,200,100043,100,99949,100,100044,100,99944,100,100052,100,99932,100,100057,100,99928,100,100063,200,99924,100,100074,100,99917,100,100091,100,99891,100,100096,100,99866,100
2019-06-28 09:36:10.000000000,100033,214,99961,214,100035,211,99953,311,100043,211,99949,211,100044,100,99944,100,100052,100,99932,100,100057,100,99928,100,100063,200,99924,100,100074,100,99917,100,100091,100,99891,100,100096,100,99866,100
2019-06-28 09:36:10.373761466,100033,214,99961,214,100035,211,99953,311,100043,211,99949,211,100044,100,99944,100,100052,100,99932,100,100057,100,99928,100,100063,200,99924,100,100074,100,99917,100,100096,100,99891,100,100102,100,99866,100
2019-06-28 09:36:15.936758396,100033,214,99961,214,100035,211,99953,311,100043,211,99949,211,100044,100,99944,100,100052,100,99932,100,100057,100,99928,100,100063,200,99924,100,100074,100,99917,100,100096,100,99891,100,100102,100,99866,100
2019-06-28 09:36:20.000000000,100033,184,99961,184,100035,184,99953,284,100043,184,99949,184,100044,184,99944,184,100052,100,99932,100,100057,100,99928,100,100063,200,99924,100,100074,100,99917,100,100096,100,99891,100,100102,100,99866,100
2019-06-28 09:36:30.000000000,100033,214,99961,214,100035,211,99953,311,100043,211,99949,211,100044,100,99944,100,100052,100,99932,100,100057,100,99928,100,100063,200,99924,100,100074,100,99917,100,100096,100,99891,100,100102,100,99866,100
2019-06-28 09:36:40.000000000,100033,184,99961,184,100035,184,99953,284,100043,184,99949,184,100044,184,99944,184,100052,100,99932,100,100057,100,99928,100,100063,200,99924,100,100074,100,99917,100,100096,100,99891,100,100102,100,99866,100
2019-06-28 09:36:43.676468622,100033,184,99961,84,100035,184,99953,284,100043,184,99949,184,100044,184,99944,184,100052,100,99932,100,100057,100,99928,100,100063,200,99924,100,100074,100,99917,100,100096,100,99891,100,100102,100,99866,100
2019-06-28 09:36:44.189999775,100033,184,99961,84,100035,184,99953,284,100043,184,99949,184,100044,184,99944,184,100052,100,99932,100,100057,100,99928,100,100063,200,99924,100,100074,100,99917,100,100096,100,99891,100,100102,100,99866,100
2019-06-28 09:36:50.000000000,100033,268,99953,368,100035,268,99949,268,100043,100,99944,100,100044,100,99932,100,100052,100,99928,100,100057,100,99924,100,100063,200,99917,100,100074,100,99891,100,100096,100,99866,100,100102,100,99861,100
2019-06-28 09:36:57.692826337,100033,268,99953,368,100035,268,99949,168,100043,100,99944,100,100044,100,99932,100,100052,100,99928,100,100057,100,99924,100,100063,200,99917,100,100074,100,99891,100,100096,100,99866,100,100102,100,99861,100
2019-06-28 09:37:00.000000000,100033,268,99953,368,100035,268,99944,268,100043,100,99932,100,100044,100,99928,100,100052,100,99924,100,100057,100,99917,100,100063,200,99891,100,100074,100,99866,100,100096,100,99861,100,100102,100,99860,100
2019-06-28 09:37:10.000000000,100033,268,99953,368,100035,268,99944,268,100043,100,99932,100,100044,100,99928,100,100052,100,99924,100,100057,100,99917,100,100063,200,99891,100,100074,100,99866,100,100096,100,99861,100,100102,100,99860,100
2019-06-28 09:37:20.000000000,100033,436,99953,536,100035,100,99944,100,100043,100,99932,100,100044,100,99928,100,100052,100,99924,100,100057,100,99917,100,100063,200,99891,100,100074,100,99866,100,100096,100,99861,100,100102,100,99860,100
2019-06-28 09:37:30.000000000,100033,167,99953,267,100035,167,99944,167,100043,167,99932,167,100044,167,99928,167,100052,167,99924,167,100057,100,99917,100,100063,200,99891,100,100074,100,99866,100,100096,100,99861,100,100102,100,99860,100
2019-06-28 09:37:30.407107243,100033,167,99953,267,100035,167,99944,167,100043,167,99932,167,100044,167,99928,167,100052,167,99924,167,100057,100,99917,100,100063,200,99891,100,100074,100,99866,100,100096,100,99861,100,100102,100,99860,100
2019-06-28 09:37:32.635824304,100033,167,99953,267,100035,167,99944,167,100043,167,99932,167,100044,167,99928,167,100052,167,99924,167,100057,100,99917,100,100063,200,99891,100,100074,100,99866,100,100096,100,99861,100,100102,100,99860,100
2019-06-28 09:37:35.142802443,100033,167,99953,267,100035,167,99944,167,100043,167,99932,167,100044,167,99928,67,100052,167,99924,167,100057,100,99917,100,100063,200,99891,100,100074,100,99866,100,100096,100,99861,100,100102,100,99860,100
2019-06-28 09:37:40.000000000,100033,436,99953,536,100035,100,99944,100,100043,100,99932,100,100044,100,99924,100,100052,100,99917,100,100057,100,99891,100,100063,200,99866,100,100074,100,99861,100,100096,100,99860,100,100102,100,99849,100
2019-06-28 09:37:50.000000000,100033,167,99953,267,100035,167,99944,167,100043,167,99932,167,100044,167,99924,167,100052,167,99917,167,100057,100,99891,100,100063,200,99866,100,100074,100,99861,100,100096,100,99860,100,100102,100,99849,100
2019-06-28 09:38:00.000000000,100033,214,99953,314,100035,211,99944,211,100043,211,99932,211,100044,100,99924,100,100052,100,99917,100,100057,100,99891,100,100063,200,99866,100,100074,100,99861,100,100096,100,99860,100,100102,100,99849,100
2019-06-28 09:38:10.000000000,100033,214,99953,314,100035,211,99944,211,100043,211,99932,211,100044,100,99924,100,100052,100,99917,100,100057,100,99891,100,100063,200,99866,100,100074,100,99861,100,100096,100,99860,100,100102,100,99849,100
2019-06-28 09:38:20.000000000,100033,436,99953,536,100035,100,99944,100,100043,100,99932,100,100044,100,99924,100,100052,100,99917,100,100057,100,99891,100,100063,200,99866,100,100074,100,99861,100,100096,100,99860,100,100102,100,99849,100
2019-06-28 09:38:30.000000000,100033,268,99953,368,100035,268,99944,268,100043,100,99932,100,100044,100,99924,100,100052,100,99917,100,100057,100,99891,100,100063,200,99866,100,100074,100,99861,100,100096,100,99860,100,100102,100,99849,100
2019-06-28 09:38:30.380761416,100033,268,99953,268,100035,268,99944,268,100043,100,99932,100,100044,100,99924,100,100052,100,99917,100,100057,100,99891,100,100063,200,99866,100,100074,100,99861,100,100096,100,99860,100,100102,100,99849,100
2019-06-28 09:38:40.000000000,100033,436,99953,436,100035,100,99944,100,100043,100,99932,100,100044,100,99924,100,100052,100,99917,100,100057,100,99891,100,100063,200,99866,100,100074,100,99861,100,100096,100,99860,100,100102,100,99849,100
2019-06-28 09:38:50.000000000,100033,214,99953,214,100035,211,99944,211,100043,211,99932,211,100044,100,99924,100,100052,100,99917,100,100057,100,99891,100,100063,200,99866,100,100074,100,99861,100,100096,100,99860,100,100102,100,99849,100
2019-06-28 09:39:00.000000000,100033,167,99953,167,100035,167,99944,167,100043,167,99932,167,100044,167,99924,167,100052,167,99917,167,100057,100,99891,100,100063,200,99866,100,100074,100,99861,100,100096,100,99860,100,100102,100,99849,100
2019-06-28 09:39:10.000000000,100033,214,99953,214,100035,211,99944,211,100043,211,99932,211,100044,100,99924,100,100052,100,99917,100,100057,100,99891,100,100063,200,99866,100,100074,100,99861,100,100096,100,99860,100,100102,100,99849,100
2019-06-28 09:39:10.973451893,100033,214,99953,214,100035,211,99944,211,100043,211,99932,211,100044,100,99924,100,100052,100,99917,100,100057,100,99891,100,100063,100,99866,100,100074,100,99861,100,100096,100,99860,100,100102,100,99849,100
2019-06-28 09:39:17.981915994,99961,100,99953,214,100033,214,99944,211,100035,211,99932,211,100043,211,99924,100,100044,100,99917,100,100052,100,99891,100,100057,100,99866,100,100063,100,99861,100,100074,100,99860,100,100096,100,99849,100
2019-06-28 09:39:20.000000000,99961,167,99953,167,100033,167,99944,167,100035,167,99932,167,100043,167,99924,167,100044,167,99917,167,100052,100,99891,100,100057,100,99866,100,100063,100,99861,100,100074,100,99860,100,100096,100,99849,100
2019-06-28 09:39:30.000000000,99961,184,99953,184,100033,184,99944,184,100035,184,99932,184,100043,184,99924,184,100044,100,99917,100,100052,100,99891,100,100057,100,99866,100,100063,100,99861,100,100074,100,99860,100,100096,100,99849,100
2019-06-28 09:39:40.000000000,99961,214,99953,214,100033,211,99944,211,100035,211,99932,211,100043,100,99924,100,100044,100,99917,100,100052,100,99891,100,100057,100,99866,100,100063,100,99861,100,100074,100,99860,100,100096,100,99849,100
2019-06-28 09:39:50.000000000,99961,436,99953,436,100033,100,99944,100,100035,100,99932,100,100043,100,99924,100,100044,100,99917,100,100052,100,99891,100,100057,100,99866,100,100063,100,99861,100,100074,100,99860,100,100096,100,99849,100
2019-06-28 09:40:00.000000000,99961,268,99953,268,100033,268,99944,268,100035,100,99932,100,100043,100,99924,100,100044,100,99917,100,100052,100,99891,100,100057,100,99866,100,100063,100,99861,100,100074,100,99860,100,100096,100,99849,100
2019-06-28 09:40:01.147156185,99961,268,99953,168,100033,268,99944,268,100035,100,99932,100,100043,100,99924,100,100044,100,99917,100,100052,100,99891,100,100057,100,99866,100,100063,100,99861,100,100074,100,99860,100,100096,100,99849,100
2019-06-28 09:40:10.000000000,99961,436,99944,436,100033,100,99932,100,100035,100,99924,100,100043,100,99917,100,100044,100,99891,100,100052,100,99866,100,100057,100,99861,100,100063,100,99860,100,100074,100,99849,100,100096,100,99821,100
2019-06-28 09:40:16.302531371,99961,436,99944,436,100033,100,99932,100,100035,100,99924,100,100043,100,99917,100,100044,100,99891,100,100052,100,99866,100,100057,100,99861,100,100063,100,99860,100,100074,100,99849,100,100096,100,99821,100
2019-06-28 09:40:20.000000000,99961,184,99944,184,100033,184,99932,184,100035,184,99924,184,100043,184,99917,184,100044,100,99891,100,100052,100,99866,100,100057,100,99861,100,100063,100,99860,100,100074,100,99849,100,100096,100,99821,100
2019-06-28 09:40:24.853321556,99961,184,99944,184,100033,184,99932,184,100035,184,99924,184,100043,184,99917,184,100044,100,99891,100,100052,100,99866,100,100057,100,99861,100,100063,100,99860,100,100074,100,99849,100,100096,100,99793,100
2019-06-28 09:40:26.039741903,99961,184,99944,184,100033,184,99932,184,100035,184,99924,184,100043,184,99917,184,100044,100,99891,100,100052,100,99866,100,100057,100,99861,100,100063,100,99860,100,100074,100,99849,100,100102,100,99793,100
2019-06-28 09:40:30.000000000,99961,184,99944,184,100033,184,99932,184,100035,184,99924,184,100043,184,99917,184,100044,100,99891,100,100052,100,99866,100,100057,100,99861,100,100063,100,99860,100,100074,100,99849,100,100102,100,99793,100
2019-06-28 09:40:40.000000000,99961,184,99944,184,100033,184,99932,184,100035,184,99924,184,100043,184,99917,184,100044,100,99891,100,100052,100,99866,100,100057,100,99861,100,100063,100,99860,100,100074,100,99849,100,100102,100,99793,100
2019-06-28 09:40:46.463785166,99961,284,99944,184,100033,84,99932,184,100035,184,99924,184,100043,184,99917,184,100044,100,99891,100,100052,100,99866,100,100057,100,99861,100,100063,100,99860,100,100074,100,99849,100,100102,100,99793,100
2019-06-28 09:40:48.773184735,99961,284,99944,84,100033,84,99932,184,100035,184,99924,184,100043,184,99917,184,100044,100,99891,100,100052,100,99866,100,100057,100,99861,100,100063,100,99860,100,100074,100,99849,100,100102,100,99793,100
2019-06-28 09:40:50.000000000,99961,284,99932,184,100035,184,99924,184,100043,184,99917,184,100044,184,99891,184,100052,100,99866,100,100057,100,99861,100,100063,100,99860,100,100074,100,99849,100,100102,100,99793,100,100104,100,98925,100
2019-06-28 09:41:00.000000000,99961,284,99932,184,100035,184,99924,184,100043,184,99917,184,100044,184,99891,184,100052,100,99866,100,100057,100,99861,100,100063,100,99860,100,100074,100,99849,100,100102,100,99793,100,100104,100,98925,100
2019-06-28 09:41:00.326920866,99961,284,99932,84,100035,184,99924,184,100043,184,99917,184,100044,184,99891,184,100052,100,99866,100,100057,100,99861,100,100063,100,99860,100,100074,100,99849,100,100102,100,99793,100,100104,100,98925,100
2019-06-28 09:41:10.000000000,99961,368,99924,268,100035,268,99917,268,100043,100,99891,100,100044,100,99866,100,100052,100,99861,100,100057,100,99860,100,100063,100,99849,100,100074,100,99793,100,100102,100,98925,100,100104,100,98842,100
2019-06-28 09:41:18.772671375,99961,368,99924,168,100035,268,99917,268,100043,100,99891,100,100044,100,99866,100,100052,100,99861,100,100057,100,99860,100,100063,100,99849,100,100074,100,99793,100,100102,100,98925,100,100104,100,98842,100
2019-06-28 09:41:20.000000000,99961,536,99917,436,100035,100,99891,100,100043,100,99866,100,100044,100,99861,100,100052,100,99860,100,100057,100,99849,100,100063,100,99793,100,100074,100,98925,100,100102,100,98842,100,100104,100,98761,100
2019-06-28 09:41:30.000000000,99961,284,99917,184,100035,184,99891,184,100043,184,99866,184,100044,184,99861,184,100052,100,99860,100,100057,100,99849,100,100063,100,99793,100,100074,100,98925,100,100102,100,98842,100,100104,100,98761,100
2019-06-28 09:41:40.000000000,99961,536,99917,436,100035,100,99891,100,100043,100,99866,100,100044,100,99861,100,100052,100,99860,100,100057,100,99849,100,100063,100,99793,100,100074,100,98925,100,100102,100,98842,100,100104,100,98761,100
2019-06-28 09:41:50.000000000,99961,314,99917,214,100035,211,99891,211,100043,211,99866,211,100044,100,99861,100,100052,100,99860,100,100057,100,99849,100,100063,100,99793,100,100074,100,98925,100,100102,100,98842,100,100104,100,98761,100
2019-06-28 09:42:00.000000000,99961,314,99917,214,100035,211,99891,211,100043,211,99866,211,100044,100,99861,100,100052,100,99860,100,100057,100,99849,100,100063,100,99793,100,100074,100,98925,100,100102,100,98842,100,100104,100,98761,100
2019-06-28 09:42:03.535179175,99932,100,99917,214,99961,314,99891,211,100035,211,99866,211,100043,211,99861,100,100044,100,99860,100,100052,100,99849,100,100057,100,99793,100,100063,100,98925,100,100074,100,98842,100,100102,100,98761,100
2019-06-28 09:42:10.000000000,99932,436,99917,436,99961,200,99891,100,100035,100,99866,100,100043,100,99861,100,100044,100,99860,100,100052,100,99849,100,100057,100,99793,100,100063,100,98925,100,100074,100,98842,100,100102,100,98761,100
2019-06-28 09:42:20.000000000,99932,184,99917,184,99961,284,99891,184,100035,184,99866,184,100043,184,99861,184,100044,100,99860,100,100052,100,99849,100,100057,100,99793,100,100063,100,98925,100,100074,100,98842,100,100102,100,98761,100
2019-06-28 09:42:26.271236833,99932,284,99917,184,99961,284,99891,184,100035,184,99866,184,100043,184,99861,184,100044,100,99860,100,100052,100,99849,100,100057,100,99793,100,100063,100,98925,100,100074,100,98842,100,100102,100,98761,100
2019-06-28 09:42:30.000000000,99932,267,99917,167,99961,267,99891,167,100035,167,99866,167,100043,167,99861,167,100044,167,99860,167,100052,100,99849,100,100057,100,99793,100,100063,100,98925,100,100074,100,98842,100,100102,100,98761,100
2019-06-28 09:42:40.000000000,99932,267,99917,167,99961,267,99891,167,100035,167,99866,167,100043,167,99861,167,100044,167,99860,167,100052,100,99849,100,100057,100,99793,100,100063,100,98925,100,100074,100,98842,100,100102,100,98761,100
2019-06-28 09:42:50.000000000,99932,314,99917,214,99961,311,99891,211,100035,211,99866,211,100043,100,99861,100,100044,100,99860,100,100052,100,99849,100,100057,100,99793,100,100063,100,98925,100,100074,100,98842,100,100102,100,98761,100
2019-06-28 09:42:50.638586290,99932,314,99917,114,99961,311,99891,211,100035,211,99866,211,100043,100,99861,100,100044,100,99860,100,100052,100,99849,100,100057,100,99793,100,100063,100,98925,100,100074,100,98842,100,100102,100,98761,100
2019-06-28 09:42:51.015452301,99924,100,99917,114,99932,314,99891,211,99961,311,99866,211,100035,211,99861,100,100043,100,99860,100,100044,100,99849,100,100052,100,99793,100,100057,100,98925,100,100063,100,98842,100,100074,100,98761,100
2019-06-28 09:43:00.000000000,99924,214,99891,214,99932,311,99866,211,99961,311,99861,211,100035,100,99860,100,100043,100,99849,100,100044,100,99793,100,100052,100,98925,100,100057,100,98842,100,100063,100,98761,100,100074,100,98727,100
2019-06-28 09:43:04.296708027,99924,214,99891,114,99932,311,99866,211,99961,311,99861,211,100035,100,99860,100,100043,100,99849,100,100044,100,99793,100,100052,100,98925,100,100057,100,98842,100,100063,100,98761,100,100074,100,98727,100
2019-06-28 09:43:05.548731664,99924,214,99891,114,99932,311,99866,211,99961,311,99861,211,100035,100,99860,100,100043,100,99849,100,100044,100,99793,100,100052,100,98925,100,100057,100,98842,100,100063,100,98761,100,100074,100,98727,100
2019-06-28 09:43:05.747581738,99924,214,99891,114,99932,211,99866,211,99961,311,99861,211,100035,100,99860,100,100043,100,99849,100,100044,100,99793,100,100052,100,98925,100,100057,100,98842,100,100063,100,98761,100,100074,100,98727,100
2019-06-28 09:43:10.000000000,99924,214,99866,214,99932,211,99861,211,99961,311,99860,211,100035,100,99849,100,100043,100,99793,100,100044,100,98925,100,100052,100,98842,100,100057,100,98761,100,100063,100,98727,100,100074,100,98605,300
2019-06-28 09:43:20.000000000,99924,184,99866,184,99932,184,99861,184,99961,284,99860,184,100035,184,99849,184,100043,100,99793,100,100044,100,98925,100,100052,100,98842,100,100057,100,98761,100,100063,100,98727,100,100074,100,98605,300
2019-06-28 09:43:24.894761823,99924,184,99866,84,99932,184,99861,184,99961,284,99860,184,100035,184,99849,184,100043,100,99793,100,100044,100,98925,100,100057,100,98842,100,100063,100,98761,100,100074,100,98727,100,100102,100,98605,300
2019-06-28 09:43:30.000000000,99924,184,99861,184,99932,184,99860,184,99961,284,99849,184,100035,184,99793,184,100043,100,98925,100,100044,100,98842,100,100057,100,98761,100,100063,100,98727,100,100074,100,98605,300,100102,100,98552,100
2019-06-28 09:43:40.000000000,99924,184,99861,184,99932,184,99860,184,99961,284,99849,184,100035,184,99793,184,100043,100,98925,100,100044,100,98842,100,100057,100,98761,100,100063,100,98727,100,100074,100,98605,300,100102,100,98552,100
2019-06-28 09:43:50.000000000,99924,214,99861,214,99932,211,99860,211,99961,311,99849,211,100035,100,99793,100,100043,100,98925,100,100044,100,98842,100,100057,100,98761,100,100063,100,98727,100,100074,100,98605,300,100102,100,98552,100
2019-06-28 09:43:51.828337654,99924,214,99861,114,99932,211,99860,211,99961,311,99849,211,100035,100,99793,100,100043,100,98925,100,100044,100,98842,100,100057,100,98761,100,100063,100,98727,100,100074,100,98605,300,100102,100,98552,100
2019-06-28 09:43:54.285783806,99924,214,99861,114,99932,111,99860,211,99961,311,99849,211,100035,100,99793,100,100043,100,98925,100,100044,100,98842,100,100057,100,98761,100,100063,100,98727,100,100074,100,98605,300,100102,100,98552,100
2019-06-28 09:44:00.000000000,99924,184,99860,184,99961,284,99849,184,100035,184,99793,184,100043,184,98925,184,100044,100,98842,100,100057,100,98761,100,100063,100,98727,100,100074,100,98605,300,100102,100,98552,100,100104,100,98500,100
2019-06-28 09:44:10.000000000,99924,184,99860,184,99961,284,99849,184,100035,184,99793,184,100043,184,98925,184,100044,100,98842,100,100057,100,98761,100,100063,100,98727,100,100074,100,98605,300,100102,100,98552,100,100104,100,98500,100
2019-06-28 09:44:13.745497539,99924,184,99860,84,99961,284,99849,184,100035,184,99793,184,100043,184,98925,184,100044,100,98842,100,100057,100,98761,100,100063,100,98727,100,100074,100,98605,300,100102,100,98552,100,100104,100,98500,100
2019-06-28 09:44:20.000000000,99924,268,99849,268,99961,368,99793,268,100035,100,98925,100,100043,100,98842,100,100044,100,98761,100,100057,100,98727,100,100063,100,98605,300,100074,100,98552,100,100102,100,98500,100,100104,100,98332,100
2019-06-28 09:44:20.469401299,99924,268,99849,168,99961,368,99793,268,100035,100,98925,100,100043,100,98842,100,100044,100,98761,100,100057,100,98727,100,100063,100,98605,300,100074,100,98552,100,100102,100,98500,100,100104,100,98332,100
2019-06-28 09:44:30.000000000,99924,436,99793,436,99961,200,98925,100,100035,100,98842,100,100043,100,98761,100,100044,100,98727,100,100057,100,98605,300,100063,100,98552,100,100074,100,98500,100,100102,100,98332,100,100104,100,98179,100
2019-06-28 09:44:40.000000000,99924,167,99793,167,99961,267,98925,167,100035,167,98842,167,100043,167,98761,167,100044,167,98727,167,100057,100,98605,300,100063,100,98552,100,100074,100,98500,100,100102,100,98332,100,100104,100,98179,100
2019-06-28 09:44:42.250491601,99924,167,99793,67,99961,267,98925,167,100035,167,98842,167,100043,167,98761,167,100044,167,98727,167,100057,100,98605,300,100063,100,98552,100,100074,100,98500,100,100102,100,98332,100,100104,100,98179,100
2019-06-28 09:44:43.273566526,99849,100,99793,67,99924,167,98925,167,99961,267,98842,167,100035,167,98761,167,100043,167,98727,167,100044,167,98605,300,100057,100,98552,100,100074,100,98500,100,100102,100,98332,100,100104,100,98179,100
2019-06-28 09:44:50.000000000,99849,214,98925,214,99924,211,98842,211,99961,311,98761,211,100035,100,98727,100,100043,100,98605,300,100044,100,98552,100,100057,100,98500,100,100074,100,98332,100,100102,100,98179,100,100104,100,,
2019-06-28 09:44:56.258850260,99849,214,98925,114,99924,211,98842,211,99961,311,98761,211,100035,100,98727,100,100043,100,98605,300,100044,100,98552,100,100057,100,98500,100,100074,100,98332,100,100102,100,98179,100,100104,100,,
2019-06-28 09:45:00.000000000,99849,167,98842,167,99924,167,98761,167,99961,267,98727,167,100035,167,98605,367,100043,167,98552,167,100044,100,98500,100,100057,100,98332,100,100074,100,98179,100,100102,100,,,100104,100,,
2019-06-28 09:45:10.000000000,99849,184,98842,184,99924,184,98761,184,99961,284,98727,184,100035,184,98605,384,100043,100,98552,100,100044,100,98500,100,100057,100,98332,100,100074,100,98179,100,100102,100,,,100104,100,,
2019-06-28 09:45:20.000000000,99849,184,98842,184,99924,184,98761,184,99961,284,98727,184,100035,184,98605,384,100043,100,98552,100,100044,100,98500,100,100057,100,98332,100,100074,100,98179,100,100102,100,,,100104,100,,
2019-06-28 09:45:30.000000000,99849,184,98842,184,99924,184,98761,184,99961,284,98727,184,100035,184,98605,384,100043,100,98552,100,100044,100,98500,100,100057,100,98332,100,100074,100,98179,100,100102,100,,,100104,100,,
2019-06-28 09:45:40.000000000,99849,268,98842,268,99924,268,98761,268,99961,200,98727,100,100035,100,98605,300,100043,100,98552,100,100044,100,98500,100,100057,100,98332,100,100074,100,98179,100,100102,100,,,100104,100,,
2019-06-28 09:45:48.375383649,99849,268,99319,100,99924,268,98842,268,99961,200,98761,268,100035,100,98727,100,100043,100,98605,300,100044,100,98552,100,100057,100,98500,100,100074,100,98332,100,100102,100,98179,100,100104,100,,
2019-06-28 09:45:50.000000000,99849,436,99319,436,99924,100,98842,100,99961,200,98761,100,100035,100,98727,100,100043,100,98605,300,100044,100,98552,100,100057,100,98500,100,100074,100,98332,100,100102,100,98179,100,100104,100,,
2019-06-28 09:45:53.881874219,99849,436,99319,436,99924,100,98926,100,99961,200,98842,100,100035,100,98761,100,100043,100,98727,100,100044,100,98605,300,100057,100,98552,100,100074,100,98500,100,100102,100,98332,100,100104,100,98179,100
2019-06-28 09:45:53.928500927,99849,436,99319,336,99924,100,98926,100,99961,200,98842,100,100035,100,98761,100,100043,100,98727,100,100044,100,98605,300,100074,100,98552,100,100102,100,98500,100,100104,100,98332,100,100106,100,98179,100
2019-06-28 09:46:00.000000000,99849,184,98926,184,99924,184,98842,184,99961,284,98761,184,100035,184,98727,184,100043,100,98605,300,100044,100,98552,100,100074,100,98500,100,100102,100,98332,100,100104,100,98179,100,100106,100,,
2019-06-28 09:46:10.000000000,99849,184,98926,184,99924,184,98842,184,99961,284,98761,184,100035,184,98727,184,100043,100,98605,300,100044,100,98552,100,100074,100,98500,100,100102,100,98332,100,100104,100,98179,100,100106,100,,
2019-06-28 09:46:15.293526116,99527,100,98926,184,99849,184,98842,184,99924,184,98761,184,99961,284,98727,184,100035,184,98605,300,100043,100,98552,100,100044,100,98500,100,100074,100,98179,100,100102,100,,,100104,100,,
2019-06-28 09:46:20.000000000,99527,167,98926,167,99849,167,98842,167,99924,167,98761,167,99961,267,98727,167,100035,167,98605,367,100043,100,98552,100,100044,100,98500,100,100074,100,98179,100,100102,100,,,100104,100,,
2019-06-28 09:46:30.000000000,99527,268,98926,268,99849,268,98842,268,99924,100,98761,100,99961,200,98727,100,100035,100,98605,300,100043,100,98552,100,100044,100,98500,100,100074,100,98179,100,100102,100,,,100104,100,,
2019-06-28 09:46:34.488495896,99527,268,98927,100,99849,168,98926,268,99924,100,98842,268,99961,200,98761,100,100035,100,98727,100,100043,100,98605,300,100044,100,98552,100,100074,100,98500,100,100102,100,98179,100,100104,100,,
2019-06-28 09:46:35.573353448,99444,100,98927,100,99527,268,98926,268,99849,168,98842,268,99924,100,98761,100,99961,200,98727,100,100035,100,98605,300,100043,100,98552,100,100044,100,98500,100,100074,100,98179,100,100102,100,,
2019-06-28 09:46:39.093143084,99444,100,99421,100,99527,268,98927,100,99849,168,98926,268,99924,100,98842,268,99961,200,98761,100,100035,100,98727,100,100043,100,98605,300,100044,100,98552,100,100074,100,98500,100,100102,100,98179,100
2019-06-28 09:46:40.000000000,99444,436,99421,436,99527,100,98927,100,99924,100,98926,100,99961,200,98842,100,100035,100,98761,100,100043,100,98727,100,100044,100,98605,300,100074,100,98552,100,100102,100,98500,100,100104,100,98179,100
2019-06-28 09:46:50.000000000,99444,167,99421,167,99527,167,98927,167,99924,167,98926,167,99961,267,98842,167,100035,167,98761,167,100043,100,98727,100,100044,100,98605,300,100074,100,98552,100,100102,100,98500,100,100104,100,98179,100
2019-06-28 09:47:00.000000000,99444,184,99421,184,99527,184,98927,184,99924,184,98926,184,99961,284,98842,184,100035,100,98761,100,100043,100,98727,100,100044,100,98605,300,100074,100,98552,100,100102,100,98500,100,100104,100,98179,100
2019-06-28 09:47:10.000000000,99444,268,99421,268,99527,268,98927,268,99924,100,98926,100,99961,200,98842,100,100035,100,98761,100,100043,100,98727,100,100044,100,98605,300,100074,100,98552,100,100102,100,98500,100,100104,100,98179,100
2019-06-28 09:47:13.589670294,99444,268,99421,268,99527,268,99344,100,99924,100,98927,268,99961,200,98926,100,100035,100,98842,100,100043,100,98761,100,100044,100,98727,100,100074,100,98605,300,100102,100,98552,100,100104,100,98500,100
2019-06-28 09:47:18.679552646,99444,268,99421,268,99515,100,99344,100,99527,268,98927,268,99924,100,98926,100,99961,200,98842,100,100035,100,98761,100,100043,100,98727,100,100044,100,98605,300,100074,100,98552,100,100102,100,98500,100
2019-06-28 09:47:20.000000000,99444,214,99421,214,99515,211,99344,211,99527,211,98927,211,99924,100,98926,100,99961,200,98842,100,100035,100,98761,100,100043,100,98727,100,100044,100,98605,300,100074,100,98552,100,100102,100,98500,100
2019-06-28 09:47:25.990085254,99444,214,99421,214,99515,211,99344,211,99527,211,98927,311,99924,100,98926,100,99961,200,98842,100,100035,100,98761,100,100043,100,98727,100,100044,100,98605,300,100102,100,98552,100,100104,100,98500,100
2019-06-28 09:47:30.000000000,99444,214,99421,214,99515,211,99344,211,99527,211,98927,311,99924,100,98926,100,99961,200,98842,100,100035,100,98761,100,100043,100,98727,100,100044,100,98605,300,100102,100,98552,100,100104,100,98500,100
2019-06-28 09:47:36.457958543,99444,214,99421,214,99515,211,99344,211,99527,211,98927,311,99548,100,98926,100,99924,100,98842,100,99961,200,98761,100,100035,100,98727,100,100043,100,98605,300,100044,100,98500,100,100102,100,,
2019-06-28 09:47:38.082706901,99444,214,99421,214,99515,211,99344,211,99527,211,98927,411,99548,100,98926,100,99924,100,98842,100,99961,200,98761,100,100035,100,98727,100,100043,100,98605,300,100044,100,98500,100,100102,100,,
2019-06-28 09:47:40.000000000,99444,436,99421,436,99515,100,99344,100,99527,100,98927,300,99548,100,98926,100,99924,100,98842,100,99961,200,98761,100,100035,100,98727,100,100043,100,98605,300,100044,100,98500,100,100102,100,,
2019-06-28 09:47:50.000000000,99444,214,99421,214,99515,211,99344,211,99527,211,98927,411,99548,100,98926,100,99924,100,98842,100,99961,200,98761,100,100035,100,98727,100,100043,100,98605,300,100044,100,98500,100,100102,100,,
2019-06-28 09:48:00.000000000,99444,214,99421,214,99515,211,99344,211,99527,211,98927,411,99548,100,98926,100,99924,100,98842,100,99961,200,98761,100,100035,100,98727,100,100043,100,98605,300,100044,100,98500,100,100102,100,,
2019-06-28 09:48:10.000000000,99444,184,99421,184,99515,184,99344,184,99527,184,98927,384,99548,184,98926,184,99924,100,98842,100,99961,200,98761,100,100035,100,98727,100,100043,100,98605,300,100044,100,98500,100,100102,100,,
2019-06-28 09:48:12.043178120,99444,184,99421,184,99515,184,99344,184,99527,184,98927,484,99548,184,98926,184,99924,100,98842,100,99961,200,98761,100,100035,100,98727,100,100043,100,98605,300,100044,100,98500,100,100102,100,,
2019-06-28 09:48:12.071165871,99444,184,99421,84,99515,184,99344,184,99527,184,98927,484,99548,184,98926,184,99924,100,98842,100,99961,200,98761,100,100035,100,98727,100,100043,100,98605,300,100044,100,98500,100,100102,100,,
2019-06-28 09:48:12.453746918,99421,16,99344,184,99444,184,98927,484,99515,184,98926,184,99527,184,98842,100,99548,184,98761,100,99924,100,98727,100,99961,200,98605,300,100035,100,98500,100,100043,100,,,100044,100,,
2019-06-28 09:48:20.000000000,99421,100,99344,184,99444,184,98927,484,99515,184,98926,184,99527,184,98842,184,99548,100,98761,100,99924,100,98727,100,99961,200,98605,300,100035,100,98500,100,100043,100,,,100044,100,,
2019-06-28 09:48:28.246137061,99421,100,99344,184,99444,184,98927,484,99515,184,98926,184,99527,184,98842,184,99548,100,98761,100,99556,100,98727,100,99924,100,98605,300,99961,200,98500,100,100035,100,,,100043,100,,
2019-06-28 09:48:30.000000000,99421,100,99344,184,99444,184,98927,484,99515,184,98926,184,99527,184,98842,184,99548,100,98761,100,99556,100,98727,100,99924,100,98605,300,99961,200,98500,100,100035,100,,,100043,100,,
2019-06-28 09:48:40.000000000,99421,100,99344,184,99444,184,98927,484,99515,184,98926,184,99527,184,98842,184,99548,100,98761,100,99556,100,98727,100,99924,100,98605,300,99961,200,98500,100,100035,100,,,100043,100,,
2019-06-28 09:48:50.000000000,99421,184,99344,268,99444,268,98927,568,99515,100,98926,100,99527,100,98842,100,99548,100,98761,100,99556,100,98727,100,99924,100,98605,300,99961,200,98500,100,100035,100,,,100043,100,,
2019-06-28 09:49:00.000000000,99421,352,99344,436,99444,100,98927,400,99515,100,98926,100,99527,100,98842,100,99548,100,98761,100,99556,100,98727,100,99924,100,98605,300,99961,200,98500,100,100035,100,,,100043,100,,
2019-06-28 09:49:05.275792958,99421,352,99344,336,99444,100,98927,400,99527,100,98926,100,99548,100,98842,100,99556,100,98761,100,99924,100,98727,100,99961,200,98605,300,100035,100,98500,100,100043,100,,,100044,100,,
2019-06-28 09:49:10.000000000,99421,352,98927,736,99444,100,98926,100,99527,100,98842,100,99548,100,98761,100,99556,100,98727,100,99924,100,98605,300,99961,200,98500,100,100035,100,,,100043,100,,,100044,100,,
2019-06-28 09:49:14.444418898,99421,352,98927,736,99444,100,98926,100,99527,100,98842,100,99548,100,98761,100,99556,100,98727,100,99924,100,98605,300,99961,200,98500,100,100035,100,,,100043,100,,,100044,100,,
2019-06-28 09:49:14.561870489,99421,352,98927,736,99444,100,98926,100,99527,100,98878,100,99548,100,98842,100,99556,100,98761,100,99924,100,98727,100,99961,200,98605,300,100035,100,98500,100,100043,100,,,100044,100,,
2019-06-28 09:49:20.000000000,99421,352,98927,736,99444,100,98926,100,99527,100,98878,100,99548,100,98842,100,99556,100,98761,100,99924,100,98727,100,99961,200,98605,300,100035,100,98500,100,100043,100,,,100044,100,,
2019-06-28 09:49:30.000000000,99421,83,98927,467,99444,167,98926,167,99527,167,98878,167,99548,167,98842,167,99556,167,98761,167,99924,100,98727,100,99961,200,98605,300,100035,100,98500,100,100043,100,,,100044,100,,
2019-06-28 09:49:40.000000000,99421,130,98927,514,99444,211,98926,211,99527,211,98878,211,99548,100,98842,100,99556,100,98761,100,99924,100,98727,100,99961,200,98605,300,100035,100,98500,100,100043,100,,,100044,100,,
2019-06-28 09:49:43.194611993,99421,130,99182,100,99444,211,98927,514,99527,211,98926,211,99548,100,98878,211,99556,100,98842,100,99924,100,98761,100,99961,200,98605,300,100035,100,98500,100,100043,100,,,100044,100,,
2019-06-28 09:49:50.000000000,99421,184,99182,268,99444,268,98927,568,99527,100,98926,100,99548,100,98878,100,99556,100,98842,100,99924,100,98761,100,99961,200,98605,300,100035,100,98500,100,100043,100,,,100044,100,,
2019-06-28 09:50:00.000000000,99421,184,99182,268,99444,268,98927,568,99527,100,98926,100,99548,100,98878,100,99556,100,98842,100,99924,100,98761,100,99961,200,98605,300,100035,100,98500,100,100043,100,,,100044,100,,
2019-06-28 09:50:10.000000000,99421,184,99182,268,99444,268,98927,568,99527,100,98926,100,99548,100,98878,100,99556,100,98842,100,99924,100,98761,100,99961,200,98605,300,100035,100,98500,100,100043,100,,,100044,100,,
2019-06-28 09:50:10.316286238,99421,184,99345,100,99444,268,99182,268,99527,100,98927,568,99548,100,98926,100,99556,100,98878,100,99924,100,98842,100,99961,200,98761,100,100035,100,98605,300,100043,100,98500,100,100044,100,,
2019-06-28 09:50:15.078734508,99421,184,99345,200,99444,268,99182,268,99527,100,98927,468,99548,100,98926,100,99556,100,98878,100,99924,100,98842,100,99961,200,98761,100,100035,100,98605,300,100043,100,98500,100,100044,100,,
2019-06-28 09:50:17.689365450,99421,84,99345,200,99444,268,99182,268,99527,100,98927,468,99548,100,98926,100,99556,100,98842,100,99924,100,98761,100,99961,200,98605,300,100035,100,98500,100,100043,100,,,100044,100,,
2019-06-28 09:50:20.000000000,99444,436,99345,536,99527,100,99182,100,99548,100,98927,300,99556,100,98926,100,99924,100,98842,100,99961,200,98761,100,100035,100,98605,300,100043,100,98500,100,100044,100,,,100102,100,,
2019-06-28 09:50:30.000000000,99444,184,99345,284,99527,184,99182,184,99548,184,98927,384,99556,184,98926,184,99924,100,98842,100,99961,200,98761,100,100035,100,98605,300,100043,100,98500,100,100044,100,,,100102,100,,
2019-06-28 09:50:34.592776688,99444,84,99345,284,99527,84,99182,184,99548,184,98927,384,99556,184,98926,184,99924,100,98842,100,99961,200,98761,100,100035,100,98605,300,100043,100,98500,100,100044,100,,,100102,100,,
2019-06-28 09:50:40.000000000,99548,214,99345,314,99556,211,99182,211,99924,211,98927,411,99961,200,98926,100,100035,100,98842,100,100043,100,98761,100,100044,100,98605,300,100102,100,98500,100,100115,100,,,100117,100,,
2019-06-28 09:50:42.432551075,99548,214,99345,314,99556,211,99182,211,99924,211,98927,311,99961,200,98926,100,100035,100,98842,100,100043,100,98761,100,100044,100,98605,300,100102,100,98500,100,100115,100,,,100117,100,,
2019-06-28 09:50:46.161382434,99548,214,99421,100,99556,211,99345,314,99924,211,99182,211,99961,200,98927,311,100035,100,98926,100,100043,100,98842,100,100044,100,98761,100,100102,100,98605,300,100115,100,98500,100,100117,100,,
2019-06-28 09:50:50.000000000,99548,184,99421,184,99556,184,99345,284,99924,184,99182,184,99961,284,98927,284,100035,100,98926,100,100043,100,98842,100,100044,100,98761,100,100102,100,98605,300,100115,100,98500,100,100117,100,,
2019-06-28 09:51:00.000000000,99548,184,99421,184,99556,184,99345,284,99924,184,99182,184,99961,284,98927,284,100035,100,98926,100,100043,100,98842,100,100044,100,98761,100,100102,100,98605,300,100115,100,98500,100,100117,100,,
2019-06-28 09:51:10.000000000,99548,436,99421,436,99556,100,99345,200,99924,100,99182,100,99961,200,98927,200,100035,100,98926,100,100043,100,98842,100,100044,100,98761,100,100102,100,98605,300,100115,100,98500,100,100117,100,,
2019-06-28 09:51:10.001594839,99548,436,99421,436,99556,100,99345,200,99924,100,99182,100,99961,200,98927,200,100035,100,98926,100,100043,100,98842,100,100044,100,98761,100,100102,100,98605,200,100115,100,98500,100,100117,100,,
2019-06-28 09:51:12.491020509,99548,336,99421,436,99556,100,99345,200,99924,100,98927,200,99961,200,98926,100,100035,100,98842,100,100043,100,98761,100,100044,100,98605,200,100102,100,98500,100,100115,100,,,100117,100,,
2019-06-28 09:51:12.507038825,99548,236,99421,436,99556,100,99345,200,99924,100,98927,200,99961,200,98926,100,100035,100,98842,100,100043,100,98761,100,100044,100,98605,200,100102,100,98500,100,100115,100,,,100117,100,,
2019-06-28 09:51:15.539171957,99548,136,99421,436,99556,100,99345,200,99924,100,98927,200,99961,200,98926,100,100035,100,98842,100,100043,100,98761,100,100044,100,98605,200,100102,100,98500,100,100115,100,,,100117,100,,
2019-06-28 09:51:20.000000000,99556,184,99421,184,99924,184,99345,284,99961,284,98927,284,100035,184,98926,184,100043,100,98842,100,100044,100,98761,100,100102,100,98605,200,100115,100,98500,100,100117,100,,,100139,100,,
2019-06-28 09:51:30.000000000,99556,184,99421,184,99924,184,99345,284,99961,284,98927,284,100035,184,98926,184,100043,100,98842,100,100044,100,98761,100,100102,100,98605,200,100115,100,98500,100,100117,100,,,100139,100,,
2019-06-28 09:51:40.000000000,99556,184,99421,184,99924,184,99345,284,99961,284,98927,284,100035,184,98926,184,100043,100,98842,100,100044,100,98761,100,100102,100,98605,200,100115,100,98500,100,100117,100,,,100139,100,,
2019-06-28 09:51:50.000000000,99556,167,99421,167,99924,167,99345,267,99961,267,98927,267,100035,167,98926,167,100043,167,98842,167,100044,100,98761,100,100102,100,98605,200,100115,100,98500,100,100117,100,,,100139,100,,
2019-06-28 09:51:55.737178225,99556,67,99421,167,99924,167,99345,267,99961,267,98927,267,100035,167,98926,167,100043,167,98842,167,100044,100,98761,100,100102,100,98605,200,100115,100,98500,100,100117,100,,,100139,100,,
2019-06-28 09:52:00.000000000,99924,184,99421,184,99961,284,99345,284,100035,184,98927,284,100043,184,98926,184,100044,100,98842,100,100102,100,98761,100,100115,100,98605,200,100117,100,98500,100,100139,100,,,100234,100,,
2019-06-28 09:52:03.937110714,99924,84,99421,184,99961,284,99345,284,100035,184,98927,284,100043,184,98926,184,100044,100,98842,100,100102,100,98761,100,100115,100,98605,200,100117,100,98500,100,100139,100,,,100234,100,,
2019-06-28 09:52:10.000000000,99961,368,99421,268,100035,268,99345,368,100043,100,98927,200,100044,100,98926,100,100102,100,98842,100,100115,100,98761,100,100117,100,98605,200,100139,100,98500,100,100234,100,,,100445,100,,
2019-06-28 09:52:20.000000000,99961,536,99421,436,100035,100,99345,200,100043,100,98927,200,100044,100,98926,100,100102,100,98842,100,100115,100,98761,100,100117,100,98605,200,100139,100,98500,100,100234,100,,,100445,100,,
2019-06-28 09:52:22.819481105,99961,536,99556,100,100035,100,99421,436,100043,100,99345,100,100044,100,98927,200,100102,100,98926,100,100115,100,98842,100,100117,100,98761,100,100139,100,98605,200,100234,100,98500,100,100445,100,,
2019-06-28 09:52:30.000000000,99961,368,99556,268,100035,268,99421,268,100043,100,99345,100,100044,100,98927,200,100102,100,98926,100,100115,100,98842,100,100117,100,98761,100,100139,100,98605,200,100234,100,98500,100,100445,100,,
2019-06-28 09:52:31.412583365,99961,268,99556,268,100035,268,99421,268,100043,100,99345,100,100044,100,98927,200,100102,100,98926,100,100115,100,98842,100,100117,100,98761,100,100139,100,98605,200,100234,100,98500,100,100445,100,,
2019-06-28 09:52:40.000000000,99961,214,99556,214,100035,211,99421,211,100043,211,99345,211,100044,100,98927,200,100102,100,98926,100,100115,100,98842,100,100117,100,98761,100,100139,100,98605,200,100234,100,98500,100,100445,100,,
2019-06-28 09:52:40.477551605,99961,214,99924,100,100035,211,99556,214,100043,211,99421,211,100044,100,99345,211,100102,100,98927,200,100115,100,98926,100,100117,100,98842,100,100139,100,98761,100,100234,100,98605,200,100445,100,98500,100
2019-06-28 09:52:50.000000000,99961,436,99924,436,100035,100,99556,100,100043,100,99421,100,100044,100,99345,100,100102,100,98927,200,100115,100,98926,100,100117,100,98842,100,100139,100,98761,100,100234,100,98605,200,100445,100,98500,100
2019-06-28 09:52:56.063341764,99961,336,99924,436,100035,100,99556,100,100043,100,99421,100,100044,100,99345,100,100102,100,98927,200,100115,100,98926,100,100117,100,98842,100,100139,100,98761,100,100234,100,98605,200,100445,100,98500,100
2019-06-28 09:53:00.000000000,100035,184,99924,184,100043,184,99556,184,100044,184,99421,184,100102,184,99345,184,100115,100,98927,200,100117,100,98926,100,100139,100,98842,100,100234,100,98761,100,100445,100,98605,200,101303,100,98500,100
2019-06-28 09:53:03.674573448,100035,84,99924,184,100043,184,99556,184,100044,184,99421,184,100102,184,99345,184,100115,100,98927,200,100117,100,98926,100,100139,100,98761,100,100234,100,98605,200,100445,100,98500,100,101303,100,,
2019-06-28 09:53:08.985623519,100035,84,99961,100,100043,184,99924,184,100044,184,99556,184,100102,184,99421,184,100115,100,99345,184,100117,100,98927,200,100139,100,98926,100,100234,100,98761,100,100445,100,98605,200,101303,100,98500,100
2019-06-28 09:53:10.000000000,100043,184,99961,184,100044,184,99924,184,100102,184,99556,184,100115,184,99421,184,100117,100,99345,100,100139,100,98927,200,100234,100,98926,100,100445,100,98761,100,101303,100,98605,200,,,98500,100
2019-06-28 09:53:20.000000000,100043,184,99961,184,100044,184,99924,184,100102,184,99556,184,100115,184,99421,184,100117,100,99345,100,100139,100,98927,200,100234,100,98926,100,100445,100,98761,100,101303,100,98605,200,,,98500,100
2019-06-28 09:53:22.126718109,100043,184,99961,284,100044,184,99924,184,100102,184,99556,184,100115,184,99421,184,100117,100,99345,100,100139,100,98927,200,100234,100,98926,100,100445,100,98761,100,101303,100,98605,200,,,98500,100
2019-06-28 09:53:25.814987989,100043,184,99961,384,100044,184,99924,184,100102,184,99556,184,100115,184,99421,84,100117,100,99345,100,100139,100,98927,200,100234,100,98926,100,100445,100,98761,100,101303,100,98605,200,,,98500,100
2019-06-28 09:53:30.000000000,100043,184,99961,384,100044,184,99924,184,100102,184,99556,184,100115,184,99345,184,100117,100,98927,200,100139,100,98926,100,100234,100,98761,100,100445,100,98605,200,101303,100,98500,100,,,,
2019-06-28 09:53:35.261919216,100043,184,99961,384,100044,184,99924,184,100102,184,99556,184,100115,184,99345,184,100117,100,98927,200,100139,100,98926,100,100234,100,98761,100,100506,100,98605,200,101303,100,98500,100,,,,
2019-06-28 09:53:35.717894886,100043,84,99961,384,100044,184,99924,184,100102,184,99556,184,100115,184,99345,184,100117,100,98927,200,100139,100,98926,100,100234,100,98761,100,100506,100,98605,200,101303,100,98500,100,,,,
2019-06-28 09:53:40.000000000,100044,268,99961,468,100102,268,99924,268,100115,100,99556,100,100117,100,99345,100,100139,100,98927,200,100234,100,98926,100,100506,100,98761,100,101303,100,98605,200,,,98500,100,,,,
2019-06-28 09:53:42.112717954,100044,168,99961,468,100102,168,99924,268,100115,100,99556,100,100117,100,99345,100,100139,100,98927,200,100234,100,98926,100,100506,100,98761,100,101303,100,98605,200,,,98500,100,,,,
2019-06-28 09:53:50.000000000,100115,436,99961,636,100117,100,99924,100,100139,100,99556,100,100234,100,99345,100,100506,100,98927,200,101303,100,98926,100,,,98761,100,,,98605,200,,,98500,100,,,,
2019-06-28 09:53:52.129449881,100115,336,99961,636,100117,100,99924,100,100139,100,99556,100,100234,100,99345,100,100506,100,98927,200,101303,100,98926,100,,,98761,100,,,98605,200,,,98500,100,,,,
2019-06-28 09:54:00.000000000,100117,436,99961,636,100139,100,99924,100,100234,100,99556,100,100506,100,99345,100,101303,100,98927,200,,,98926,100,,,98761,100,,,98605,200,,,98500,100,,,,
2019-06-28 09:54:05.443147729,100002,100,99961,636,100117,436,99924,100,100139,100,99556,100,100234,100,99345,100,100506,100,98927,200,101303,100,98926,100,,,98761,100,,,98605,200,,,98500,100,,,,
2019-06-28 09:54:10.000000000,100002,214,99961,414,100117,211,99924,211,100139,211,99556,211,100234,100,99345,100,100506,100,98927,200,101303,100,98926,100,,,98761,100,,,98605,200,,,98500,100,,,,
2019-06-28 09:54:13.068254064,100002,114,99961,414,100117,211,99924,211,100139,211,99556,211,100234,100,99345,100,100506,100,98927,200,101303,100,98926,100,,,98761,100,,,98605,100,,,98500,100,,,,
2019-06-28 09:54:20.000000000,100117,214,99961,414,100139,211,99924,211,100234,211,99556,211,100506,100,99345,100,101303,100,98927,200,,,98926,100,,,98761,100,,,98605,100,,,98500,100,,,,
2019-06-28 09:54:26.975044949,100116,100,99961,414,100117,214,99924,211,100139,211,99556,211,100234,211,99345,100,100506,100,98927,200,101303,100,98926,100,,,98761,100,,,98605,100,,,98500,100,,,,
2019-06-28 09:54:27.051375193,100116,100,99961,414,100117,214,99924,211,100139,211,99556,211,100234,211,99345,100,100259,100,98927,200,100506,100,98926,100,101303,100,98761,100,,,98605,100,,,98500,100,,,,
2019-06-28 09:54:30.000000000,100116,167,99961,367,100117,167,99924,167,100139,167,99556,167,100234,167,99345,167,100259,167,98927,267,100506,100,98926,100,101303,100,98761,100,,,98605,100,,,98500,100,,,,
2019-06-28 09:54:31.723096086,100116,167,100002,100,100117,167,99961,267,100139,167,99924,167,100234,167,99556,167,100259,167,99345,167,100506,100,98927,267,101303,100,98926,100,,,98761,100,,,98605,100,,,98500,100
2019-06-28 09:54:36.836187246,100116,167,100064,100,100117,167,100002,100,100139,167,99961,267,100234,167,99924,167,100259,167,99556,167,100506,100,99345,167,101303,100,98927,267,,,98926,100,,,98761,100,,,98605,100
2019-06-28 09:54:38.561730299,100116,167,100064,100,100117,167,100002,100,100139,167,99961,267,100198,100,99924,167,100234,167,99556,167,100259,167,99345,167,100506,100,98927,267,101303,100,98926,100,,,98761,100,,,98605,100
2019-06-28 09:54:40.000000000,100116,268,100064,268,100117,268,100002,268,100139,100,99961,200,100198,100,99924,100,100234,100,99556,100,100259,100,99345,100,100506,100,98927,200,101303,100,98926,100,,,98761,100,,,98605,100
2019-06-28 09:54:48.840179926,100116,268,100064,268,100117,268,100002,268,100139,100,99961,200,100198,200,99924,100,100234,100,99556,100,100259,100,99345,100,100506,100,98927,200,101303,100,98926,100,,,98761,100,,,98605,100
2019-06-28 09:54:50.000000000,100116,167,100064,167,100117,167,100002,167,100139,167,99961,267,100198,267,99924,167,100234,167,99556,167,100259,100,99345,100,100506,100,98927,200,101303,100,98926,100,,,98761,100,,,98605,100
2019-06-28 09:54:51.825272310,100116,67,100064,167,100117,167,100002,167,100139,167,99961,267,100198,267,99924,167,100234,167,99556,167,100259,100,99345,100,100506,100,98927,200,101303,100,98926,100,,,98761,100,,,98605,100
2019-06-28 09:54:56.035387108,100117,167,100116,33,100139,167,100064,167,100198,267,100002,167,100234,167,99961,267,100259,100,99924,167,100506,100,99556,167,101303,100,99345,100,,,98927,200,,,98926,100,,,98761,100
2019-06-28 09:54:58.354841834,100117,67,100116,33,100139,167,100064,167,100198,267,100002,167,100234,167,99961,267,100259,100,99924,167,100506,100,99556,167,101303,100,99345,100,,,98927,200,,,98926,100,,,98761,100
2019-06-28 09:55:00.000000000,100139,167,100116,100,100198,267,100064,167,100234,167,100002,167,100259,167,99961,267,100506,167,99924,167,101303,100,99556,100,,,99345,100,,,98927,200,,,98926,100,,,98761,100
2019-06-28 09:55:10.000000000,100139,214,100116,147,100198,311,100064,211,100234,211,100002,211,100259,100,99961,200,100506,100,99924,100,101303,100,99556,100,,,99345,100,,,98927,200,,,98926,100,,,98761,100
2019-06-28 09:55:20.000000000,100139,184,100116,117,100198,284,100064,184,100234,184,100002,184,100259,184,99961,284,100506,100,99924,100,101303,100,99556,100,,,99345,100,,,98927,200,,,98926,100,,,98761,100
2019-06-28 09:55:30.000000000,100139,214,100116,147,100198,311,100064,211,100234,211,100002,211,100259,100,99961,200,100506,100,99924,100,101303,100,99556,100,,,99345,100,,,98927,200,,,98926,100,,,98761,100
2019-06-28 09:55:32.657246075,100139,214,100116,147,100198,311,100064,211,100234,211,100002,211,100259,100,99961,200,100506,100,99924,100,101303,100,99556,100,,,99345,100,,,98927,200,,,98761,100,,,98605,100
2019-06-28 09:55:40.000000000,100139,184,100116,117,100198,284,100064,184,100234,184,100002,184,100259,184,99961,284,100506,100,99924,100,101303,100,99556,100,,,99345,100,,,98927,200,,,98761,100,,,98605,100
2019-06-28 09:55:50.000000000,100139,268,100116,201,100198,368,100064,268,100234,100,100002,100,100259,100,99961,200,100506,100,99924,100,101303,100,99556,100,,,99345,100,,,98927,200,,,98761,100,,,98605,100
2019-06-28 09:55:52.441440233,100139,268,100116,201,100198,368,100064,268,100234,100,100002,100,100259,100,99961,200,100497,100,99924,100,100506,100,99556,100,101303,100,99345,100,,,98927,200,,,98761,100,,,98605,100
2019-06-28 09:55:56.142616270,100139,168,100116,201,100198,368,100064,268,100234,100,100002,100,100259,100,99961,200,100497,100,99924,100,101303,100,99556,100,,,99345,100,,,98927,200,,,98761,100,,,98605,100
2019-06-28 09:56:00.000000000,100198,267,100116,100,100234,167,100064,167,100259,167,100002,167,100497,167,99961,267,101303,167,99924,167,,,99556,100,,,99345,100,,,98927,200,,,98761,100,,,98605,100
2019-06-28 09:56:03.895648630,100198,267,100116,100,100234,167,100064,167,100259,167,100002,167,100497,167,99961,267,101303,167,99924,167,,,99556,100,,,98927,200,,,98761,100,,,98605,100,,,98500,100
2019-06-28 09:56:10.000000000,100198,368,100116,201,100234,268,100064,268,100259,100,100002,100,100497,100,99961,200,101303,100,99924,100,,,99556,100,,,98927,200,,,98761,100,,,98605,100,,,98500,100
2019-06-28 09:56:18.356283200,100198,368,100116,201,100234,268,100064,268,100259,100,100002,100,100497,100,99961,200,100518,100,99924,100,101303,100,99556,100,,,98927,200,,,98761,100,,,98605,100,,,98500,100
2019-06-28 09:56:20.000000000,100198,536,100116,369,100234,100,100064,100,100259,100,100002,100,100497,100,99961,200,100518,100,99924,100,101303,100,99556,100,,,98927,200,,,98761,100,,,98605,100,,,98500,100
2019-06-28 09:56:30.000000000,100198,314,100116,147,100234,211,100064,211,100259,211,100002,211,100497,100,99961,200,100518,100,99924,100,101303,100,99556,100,,,98927,200,,,98761,100,,,98605,100,,,98500,100
2019-06-28 09:56:34.758060915,100198,314,100116,147,100234,211,100064,211,100259,211,100002,211,100424,100,99961,200,100497,100,99924,100,100518,100,99556,100,101303,100,98927,200,,,98761,100,,,98605,100,,,98500,100
2019-06-28 09:56:40.000000000,100198,314,100116,147,100234,211,100064,211,100259,211,100002,211,100424,100,99961,200,100497,100,99924,100,100518,100,99556,100,101303,100,98927,200,,,98761,100,,,98605,100,,,98500,100
2019-06-28 09:56:42.404717195,100198,314,100117,100,100234,211,100116,147,100259,211,100064,211,100424,100,100002,211,100497,100,99961,200,100518,100,99924,100,101303,100,99556,100,,,98927,200,,,98761,100,,,98605,100
2019-06-28 09:56:45.184873069,100198,214,100117,100,100234,211,100116,147,100259,211,100064,211,100424,100,100002,211,100497,100,99961,200,100518,100,99924,100,101303,100,99556,100,,,98927,200,,,98761,100,,,98605,100
2019-06-28 09:56:50.000000000,100198,184,100117,184,100234,184,100116,117,100259,184,100064,184,100424,184,100002,184,100497,100,99961,200,100518,100,99924,100,101303,100,99556,100,,,98927,200,,,98761,100,,,98605,100
2019-06-28 09:56:51.108147389,100198,84,100117,184,100234,184,100116,117,100259,184,100064,184,100424,184,100002,184,100497,100,99961,200,100518,100,99924,100,101303,100,99556,100,,,98927,200,,,98761,100,,,98605,100
2019-06-28 09:56:54.783120834,100198,84,100117,184,100234,184,100116,117,100259,184,100064,184,100424,184,100002,184,100497,100,99961,200,100518,100,99924,100,100646,100,99556,100,101303,100,98927,200,,,98761,100,,,98605,100
2019-06-28 09:57:00.000000000,100234,167,100117,167,100259,167,100116,100,100424,167,100064,167,100497,167,100002,167,100518,167,99961,267,100646,100,99924,100,101303,100,99556,100,,,98927,200,,,98761,100,,,98605,100
2019-06-28 09:57:10.000000000,100234,436,100117,436,100259,100,100116,33,100424,100,100064,100,100497,100,100002,100,100518,100,99961,200,100646,100,99924,100,101303,100,99556,100,,,98927,200,,,98761,100,,,98605,100
2019-06-28 09:57:15.894520768,100234,436,100117,436,100259,100,100116,33,100425,100,100064,100,100497,100,100002,100,100518,100,99961,200,100646,100,99924,100,101303,100,99556,100,,,98927,200,,,98761,100,,,98605,100
2019-06-28 09:57:20.000000000,100234,167,100117,167,100259,167,100116,100,100425,167,100064,167,100497,167,100002,167,100518,167,99961,267,100646,100,99924,100,101303,100,99556,100,,,98927,200,,,98761,100,,,98605,100
2019-06-28 09:57:30.000000000,100234,268,100117,268,100259,268,100116,201,100425,100,100064,100,100497,100,100002,100,100518,100,99961,200,100646,100,99924,100,101303,100,99556,100,,,98927,200,,,98761,100,,,98605,100
2019-06-28 09:57:40.000000000,100234,184,100117,184,100259,184,100116,117,100425,184,100064,184,100497,184,100002,184,100518,100,99961,200,100646,100,99924,100,101303,100,99556,100,,,98927,200,,,98761,100,,,98605,100
2019-06-28 09:57:47.629734054,100234,184,100117,184,100259,184,100116,117,100425,184,100064,184,100497,184,100002,184,100517,100,99961,200,100518,100,99924,100,100646,100,99556,100,101303,100,98927,200,,,98761,100,,,98605,100
2019-06-28 09:57:49.914401637,100234,184,100117,184,100259,184,100116,117,100425,184,100064,184,100497,184,100002,184,100515,100,99961,200,100517,100,99924,100,100646,100,99556,100,101303,100,98927,200,,,98761,100,,,98605,100
2019-06-28 09:57:50.000000000,100234,214,100117,214,100259,211,100116,144,100425,211,100064,211,100497,100,100002,100,100515,100,99961,200,100517,100,99924,100,100646,100,99556,100,101303,100,98927,200,,,98761,100,,,98605,100
2019-06-28 09:58:00.000000000,100234,214,100117,214,100259,211,100116,144,100425,211,100064,211,100497,100,100002,100,100515,100,99961,200,100517,100,99924,100,100646,100,99556,100,101303,100,98927,200,,,98761,100,,,98605,100
2019-06-28 09:58:10.000000000,100234,268,100117,268,100259,268,100116,201,100425,100,100064,100,100497,100,100002,100,100515,100,99961,200,100517,100,99924,100,100646,100,99556,100,101303,100,98927,200,,,98761,100,,,98605,100
2019-06-28 09:58:19.628371272,100234,268,100117,168,100259,268,100116,201,100425,100,100064,100,100497,100,100002,100,100515,100,99961,200,100517,100,99924,100,100646,100,99556,100,101303,100,98927,200,,,98761,100,,,98605,100
2019-06-28 09:58:20.000000000,100234,184,100116,117,100259,184,100064,184,100425,184,100002,184,100497,184,99961,284,100515,100,99924,100,100517,100,99556,100,100646,100,98927,200,101303,100,98761,100,,,98605,100,,,98500,100
2019-06-28 09:58:30.000000000,100234,167,100116,100,100259,167,100064,167,100425,167,100002,167,100497,167,99961,267,100515,167,99924,167,100517,100,99556,100,100646,100,98927,200,101303,100,98761,100,,,98605,100,,,98500,100
2019-06-28 09:58:36.981128536,100234,167,100116,100,100242,100,100064,167,100259,167,100002,167,100425,167,99961,267,100497,167,99924,167,100515,167,99556,100,100517,100,98927,200,100646,100,98761,100,101303,100,98605,100,,,98500,100
2019-06-28 09:58:40.000000000,100234,436,100116,369,100242,100,100064,100,100259,100,100002,100,100425,100,99961,200,100497,100,99924,100,100515,100,99556,100,100517,100,98927,200,100646,100,98761,100,101303,100,98605,100,,,98500,100
2019-06-28 09:58:50.000000000,100234,167,100116,100,100242,167,100064,167,100259,167,100002,167,100425,167,99961,267,100497,167,99924,167,100515,100,99556,100,100517,100,98927,200,100646,100,98761,100,101303,100,98605,100,,,98500,100
2019-06-28 09:58:54.735468522,100234,167,100116,100,100242,167,100095,100,100259,167,100064,167,100425,167,100002,167,100497,167,99961,267,100515,100,99924,167,100517,100,99556,100,100646,100,98927,200,101303,100,98761,100,,,98605,100
2019-06-28 09:59:00.000000000,100234,436,100116,369,100242,100,100095,100,100259,100,100064,100,100425,100,100002,100,100497,100,99961,200,100515,100,99924,100,100517,100,99556,100,100646,100,98927,200,101303,100,98761,100,,,98605,100
2019-06-28 09:59:10.000000000,100234,268,100116,201,100242,268,100095,268,100259,100,100064,100,100425,100,100002,100,100497,100,99961,200,100515,100,99924,100,100517,100,99556,100,100646,100,98927,200,101303,100,98761,100,,,98605,100
2019-06-28 09:59:20.000000000,100234,214,100116,147,100242,211,100095,211,100259,211,100064,211,100425,100,100002,100,100497,100,99961,200,100515,100,99924,100,100517,100,99556,100,100646,100,98927,200,101303,100,98761,100,,,98605,100
2019-06-28 09:59:30.000000000,100234,214,100116,147,100242,211,100095,211,100259,211,100064,211,100425,100,100002,100,100497,100,99961,200,100515,100,99924,100,100517,100,99556,100,100646,100,98927,200,101303,100,98761,100,,,98605,100
2019-06-28 09:59:40.000000000,100234,436,100116,369,100242,100,100095,100,100259,100,100064,100,100425,100,100002,100,100497,100,99961,200,100515,100,99924,100,100517,100,99556,100,100646,100,98927,200,101303,100,98761,100,,,98605,100
2019-06-28 09:59:43.090587065,100234,436,100116,369,100242,100,100095,100,100259,100,100064,100,100389,100,100002,100,100425,100,99961,200,100497,100,99924,100,100515,100,99556,100,100517,100,98927,200,100646,100,98605,100,101303,100,98500,100
2019-06-28 09:59:50.000000000,100234,268,100116,201,100242,268,100095,268,100259,100,100064,100,100389,100,100002,100,100425,100,99961,200,100497,100,99924,100,100515,100,99556,100,100517,100,98927,200,100646,100,98605,100,101303,100,98500,100
2019-06-28 09:59:50.612745393,100234,268,100118,100,100242,268,100116,201,100259,100,100095,268,100389,100,100064,100,100425,100,100002,100,100497,100,99961,200,100515,100,99924,100,100517,100,99556,100,100646,100,98927,200,101303,100,98605,100
2019-06-28 10:00:00.000000000,100234,184,100118,184,100242,184,100116,117,100259,184,100095,184,100389,184,100064,184,100425,100,100002,100,100497,100,99961,200,100515,100,99924,100,100517,100,99556,100,100646,100,98927,200,101303,100,98605,100
2019-06-28 10:00:10.000000000,100234,167,100118,167,100242,167,100116,100,100259,167,100095,167,100389,167,100064,167,100425,167,100002,167,100497,100,99961,200,100515,100,99924,100,100517,100,99556,100,100646,100,98927,200,101303,100,98605,100
2019-06-28 10:00:14.186363281,100152,100,100118,167,100234,167,100116,100,100242,167,100095,167,100259,167,100064,167,100389,167,100002,167,100425,167,99961,200,100497,100,99924,100,100515,100,99556,100,100517,100,98927,200,100646,100,98605,100
2019-06-28 10:00:20.000000000,100152,436,100118,436,100234,100,100116,33,100242,100,100095,100,100259,100,100064,100,100389,100,100002,100,100425,100,99961,200,100497,100,99924,100,100515,100,99556,100,100517,100,98927,200,100646,100,98605,100
2019-06-28 10:00:30.000000000,100152,268,100118,268,100234,268,100116,201,100242,100,100095,100,100259,100,100064,100,100389,100,100002,100,100425,100,99961,200,100497,100,99924,100,100515,100,99556,100,100517,100,98927,200,100646,100,98605,100
2019-06-28 10:00:40.000000000,100152,436,100118,436,100234,100,100116,33,100242,100,100095,100,100259,100,100064,100,100389,100,100002,100,100425,100,99961,200,100497,100,99924,100,100515,100,99556,100,100517,100,98927,200,100646,100,98605,100
2019-06-28 10:00:50.000000000,100152,268,100118,268,100234,268,100116,201,100242,100,100095,100,100259,100,100064,100,100389,100,100002,100,100425,100,99961,200,100497,100,99924,100,100515,100,99556,100,100517,100,98927,200,100646,100,98605,100
2019-06-28 10:00:53.523822704,100152,168,100118,268,100234,268,100116,201,100242,100,100095,100,100259,100,100064,100,100389,100,100002,100,100425,100,99961,200,100497,100,99924,100,100515,100,99556,100,100517,100,98927,200,100646,100,98605,100
2019-06-28 10:01:00.000000000,100234,167,100118,167,100242,167,100116,100,100259,167,100095,167,100389,167,100064,167,100425,167,100002,167,100497,100,99961,200,100515,100,99924,100,100517,100,99556,100,100646,100,98927,200,101303,100,98605,100
2019-06-28 10:01:10.000000000,100234,167,100118,167,100242,167,100116,100,100259,167,100095,167,100389,167,100064,167,100425,167,100002,167,100497,100,99961,200,100515,100,99924,100,100517,100,99556,100,100646,100,98927,200,101303,100,98605,100
2019-06-28 10:01:20.000000000,100234,167,100118,167,100242,167,100116,100,100259,167,100095,167,100389,167,100064,167,100425,167,100002,167,100497,100,99961,200,100515,100,99924,100,100517,100,99556,100,100646,100,98927,200,101303,100,98605,100
2019-06-28 10:01:28.122543931,100234,167,100118,167,100242,167,100116,100,100259,167,100095,167,100389,167,100064,167,100425,167,100002,167,100497,100,99961,200,100515,100,99924,100,100517,100,98927,200,100646,100,98605,100,101303,100,98500,100
2019-06-28 10:01:30.000000000,100234,436,100118,436,100242,100,100116,33,100259,100,100095,100,100389,100,100064,100,100425,100,100002,100,100497,100,99961,200,100515,100,99924,100,100517,100,98927,200,100646,100,98605,100,101303,100,98500,100
2019-06-28 10:01:35.817207317,100234,436,100118,336,100242,100,100116,33,100259,100,100095,100,100389,100,100064,100,100425,100,100002,100,100497,100,99961,200,100515,100,99924,100,100646,100,98927,200,101303,100,98605,100,,,98500,100
2019-06-28 10:01:40.000000000,100234,268,100116,201,100242,268,100095,268,100259,100,100064,100,100389,100,100002,100,100425,100,99961,200,100497,100,99924,100,100515,100,98927,200,100646,100,98605,100,101303,100,98500,100,,,,
2019-06-28 10:01:47.145919593,100234,268,100116,201,100242,268,100095,268,100259,100,100064,100,100389,100,100002,100,100425,100,99961,200,100497,100,99924,100,100515,100,99519,100,100646,100,98927,200,101303,100,98605,100,,,98500,100
2019-06-28 10:01:50.000000000,100234,184,100116,117,100242,184,100095,184,100259,184,100064,184,100389,184,100002,184,100425,100,99961,200,100497,100,99924,100,100515,100,99519,100,100646,100,98927,200,101303,100,98605,100,,,98500,100
2019-06-28 10:01:51.311959855,100234,184,100116,17,100242,184,100095,184,100259,184,100064,84,100389,184,100002,184,100425,100,99961,200,100497,100,99924,100,100515,100,99519,100,100646,100,98927,200,101303,100,98605,100,,,98500,100
2019-06-28 10:01:54.790143795,100116,83,100095,184,100234,184,100064,84,100242,184,100002,184,100259,184,99961,200,100389,184,99924,100,100425,100,99519,100,100497,100,98927,200,100646,100,98605,100,101303,100,98500,100,,,,
2019-06-28 10:01:56.560071921,100116,83,100095,184,100234,184,100064,84,100242,184,100002,184,100259,184,99961,200,100389,184,99924,100,100425,100,99685,100,100497,100,99519,100,100646,100,98927,200,101303,100,98605,100,,,98500,100
2019-06-28 10:02:00.000000000,100116,197,100095,214,100234,211,100002,211,100242,211,99961,311,100259,100,99924,100,100389,100,99685,100,100425,100,99519,100,100497,100,98927,200,100646,100,98605,100,101303,100,98500,100,,,,
2019-06-28 10:02:03.192461749,100116,197,100095,114,100234,211,100002,211,100242,211,99961,311,100259,100,99924,100,100389,100,99685,100,100425,100,99519,100,100497,100,98927,200,100646,100,98605,100,101303,100,98500,100,,,,
2019-06-28 10:02:10.000000000,100116,197,100002,214,100234,211,99961,311,100242,211,99924,211,100259,100,99685,100,100389,100,99519,100,100425,100,98927,200,100497,100,98605,100,100646,100,98500,100,101303,100,,,,,,
2019-06-28 10:02:13.316386726,100116,197,100002,114,100234,211,99961,311,100242,211,99924,211,100259,100,99685,100,100389,100,98927,200,100425,100,98605,100,100497,100,98500,100,100646,100,,,101303,100,,,,,,
2019-06-28 10:02:20.000000000,100116,251,99961,368,100234,268,99924,268,100242,100,99685,100,100259,100,98927,200,100389,100,98605,100,100425,100,98500,100,100497,100,,,100646,100,,,101303,100,,,,,,
2019-06-28 10:02:30.000000000,100116,419,99961,536,100234,100,99924,100,100242,100,99685,100,100259,100,98927,200,100389,100,98605,100,100425,100,98500,100,100497,100,,,100646,100,,,101303,100,,,,,,
2019-06-28 10:02:32.406233880,100116,419,99961,536,100234,100,99939,100,100242,100,99924,100,100259,100,99685,100,100389,100,98927,200,100425,100,98605,100,100497,100,98500,100,100646,100,,,101303,100,,,,,,
2019-06-28 10:02:35.950103230,100095,100,99961,536,100116,419,99939,100,100234,100,99924,100,100242,100,99685,100,100259,100,98927,200,100389,100,98605,100,100425,100,98500,100,100497,100,,,100646,100,,,101303,100,,
2019-06-28 10:02:40.000000000,100095,184,99961,284,100116,167,99939,184,100234,184,99924,184,100242,184,99685,184,100259,100,98927,200,100389,100,98605,100,100425,100,98500,100,100497,100,,,100646,100,,,101303,100,,
2019-06-28 10:02:45.062234559,100095,184,99961,184,100116,167,99939,184,100234,184,99924,184,100242,184,99685,184,100259,100,98927,200,100389,100,98605,100,100425,100,98500,100,100497,100,,,100646,100,,,101303,100,,
2019-06-28 10:02:50.000000000,100095,167,99961,167,100116,150,99939,167,100234,167,99924,167,100242,167,99685,167,100259,167,98927,267,100389,100,98605,100,100425,100,98500,100,100497,100,,,100646,100,,,101303,100,,
2019-06-28 10:02:55.929031567,100095,167,99961,167,100116,150,99939,167,100234,167,99924,167,100242,167,99750,100,100259,167,99685,167,100389,100,98927,267,100425,100,98605,100,100497,100,98500,100,100646,100,,,,,,
2019-06-28 10:03:00.000000000,100095,214,99961,214,100116,194,99939,211,100234,211,99924,211,100242,100,99750,100,100259,100,99685,100,100389,100,98927,200,100425,100,98605,100,100497,100,98500,100,100646,100,,,,,,
2019-06-28 10:03:00.968180053,100095,214,100003,100,100116,194,99961,214,100234,211,99939,211,100242,100,99924,211,100259,100,99750,100,100389,100,99685,100,100425,100,98927,200,100497,100,98605,100,100646,100,98500,100,,,,
2019-06-28 10:03:03.739947828,100095,214,100003,100,100116,194,99961,214,100234,211,99939,211,100242,100,99924,211,100259,100,99750,100,100389,100,99704,100,100425,100,99685,100,100497,100,98927,200,100646,100,98605,100,,,98500,100
2019-06-28 10:03:07.538590767,100095,214,100003,100,100116,194,99962,100,100234,211,99961,214,100242,100,99939,211,100259,100,99924,211,100389,100,99750,100,100425,100,99704,100,100497,100,99685,100,100646,100,98927,200,,,98605,100
2019-06-28 10:03:09.463312087,100095,214,100003,100,100116,194,99962,100,100234,211,99961,214,100242,100,99939,211,100259,100,99924,211,100389,100,99768,100,100425,100,99750,100,100497,100,99704,100,100646,100,99685,100,,,98927,200
2019-06-28 10:03:10.000000000,100095,167,100003,167,100116,150,99962,167,100234,167,99961,167,100242,167,99939,167,100259,167,99924,167,100389,100,99768,100,100425,100,99750,100,100497,100,99704,100,100646,100,99685,100,,,98927,200
2019-06-28 10:03:20.000000000,100095,167,100003,167,100116,150,99962,167,100234,167,99961,167,100242,167,99939,167,100259,167,99924,167,100389,100,99768,100,100425,100,99750,100,100497,100,99704,100,100646,100,99685,100,,,98927,200
2019-06-28 10:03:30.000000000,100095,214,100003,214,100116,194,99962,211,100234,211,99961,211,100242,100,99939,100,100259,100,99924,100,100389,100,99768,100,100425,100,99750,100,100497,100,99704,100,100646,100,99685,100,,,98927,200
2019-06-28 10:03:40.000000000,100095,436,100003,436,100116,83,99962,100,100234,100,99961,100,100242,100,99939,100,100259,100,99924,100,100389,100,99768,100,100425,100,99750,100,100497,100,99704,100,100646,100,99685,100,,,98927,200
2019-06-28 10:03:50.000000000,100095,184,100003,184,100116,167,99962,184,100234,184,99961,184,100242,184,99939,184,100259,100,99924,100,100389,100,99768,100,100425,100,99750,100,100497,100,99704,100,100646,100,99685,100,,,98927,200
2019-06-28 10:03:56.269223869,100049,100,100003,184,100095,184,99962,184,100116,167,99961,184,100234,184,99939,184,100242,184,99924,100,100259,100,99768,100,100389,100,99750,100,100425,100,99704,100,100497,100,99685,100,100646,100,98927,200
2019-06-28 10:04:00.000000000,100049,184,100003,184,100095,184,99962,184,100116,167,99961,184,100234,184,99939,184,100242,100,99924,100,100259,100,99768,100,100389,100,99750,100,100425,100,99704,100,100497,100,99685,100,100646,100,98927,200
2019-06-28 10:04:03.987751005,100049,184,100003,84,100095,184,99962,184,100116,167,99961,184,100234,184,99939,184,100242,100,99924,100,100259,100,99768,100,100389,100,99750,100,100425,100,99704,100,100497,100,99685,100,100646,100,98927,200
2019-06-28 10:04:10.000000000,100049,214,99962,214,100095,211,99961,211,100116,194,99939,211,100234,100,99924,100,100242,100,99768,100,100259,100,99750,100,100389,100,99704,100,100425,100,99685,100,100497,100,98927,200,100646,100,98605,100
2019-06-28 10:04:13.525818395,100049,214,99962,214,100095,211,99961,211,100116,194,99939,211,100234,100,99924,100,100242,100,99768,100,100259,100,99750,100,100389,100,99704,100,100425,100,99685,100,100497,100,98927,100,100646,100,98605,100
2019-06-28 10:04:20.000000000,100049,184,99962,184,100095,184,99961,184,100116,167,99939,184,100234,184,99924,184,100242,100,99768,100,100259,100,99750,100,100389,100,99704,100,100425,100,99685,100,100497,100,98927,100,100646,100,98605,100
2019-06-28 10:04:26.768412132,100011,100,99962,184,100049,184,99961,184,100095,184,99939,184,100116,167,99924,184,100234,184,99768,100,100242,100,99750,100,100259,100,99704,100,100389,100,99685,100,100425,100,98927,100,100497,100,98605,100
2019-06-28 10:04:29.243963569,100049,184,99962,184,100095,184,99961,184,100116,167,99939,184,100234,184,99924,184,100242,100,99768,100,100259,100,99750,100,100389,100,99704,100,100425,100,99685,100,100497,100,98927,100,100646,100,98605,100
2019-06-28 10:04:30.000000000,100049,268,99962,268,100095,268,99961,268,100116,83,99939,100,100234,100,99924,100,100242,100,99768,100,100259,100,99750,100,100389,100,99704,100,100425,100,99685,100,100497,100,98927,100,100646,100,98605,100
2019-06-28 10:04:40.000000000,100049,268,99962,268,100095,268,99961,268,100116,83,99939,100,100234,100,99924,100,100242,100,99768,100,100259,100,99750,100,100389,100,99704,100,100425,100,99685,100,100497,100,98927,100,100646,100,98605,100
2019-06-28 10:04:42.365400150,100049,268,99962,268,100095,268,99961,268,100116,83,99939,100,100180,100,99924,100,100234,100,99768,100,100242,100,99750,100,100259,100,99685,100,100389,100,98927,100,100425,100,98605,100,100497,100,,
2019-06-28 10:04:46.327789977,100049,268,99962,268,100095,268,99961,268,100116,83,99939,100,100180,100,99924,100,100234,100,99892,100,100242,100,99768,100,100259,100,99750,100,100389,100,99685,100,100425,100,98927,100,100497,100,98605,100
2019-06-28 10:04:48.141955455,100049,268,100004,100,100095,268,99962,268,100116,83,99961,268,100180,100,99939,100,100234,100,99924,100,100242,100,99892,100,100259,100,99768,100,100389,100,99750,100,100425,100,99685,100,100497,100,98927,100
2019-06-28 10:04:50.000000000,100049,167,100004,167,100095,167,99962,167,100116,150,99961,167,100180,167,99939,167,100234,167,99924,167,100242,100,99892,100,100259,100,99768,100,100389,100,99750,100,100425,100,99685,100,100497,100,98927,100
2019-06-28 10:05:00.000000000,100049,214,100004,214,100095,211,99962,211,100116,194,99961,211,100180,100,99939,100,100234,100,99924,100,100242,100,99892,100,100259,100,99768,100,100389,100,99750,100,100425,100,99685,100,100497,100,98927,100
2019-06-28 10:05:05.117230453,100049,214,100004,214,100095,211,99962,211,100116,194,99961,211,100164,100,99924,100,100180,100,99892,100,100234,100,99768,100,100242,100,99750,100,100259,100,99685,100,100389,100,98927,100,100425,100,98605,100
2019-06-28 10:05:10.000000000,100049,268,100004,268,100095,268,99962,268,100116,83,99961,100,100164,100,99924,100,100180,100,99892,100,100234,100,99768,100,100242,100,99750,100,100259,100,99685,100,100389,100,98927,100,100425,100,98605,100
2019-06-28 10:05:20.000000000,100049,184,100004,184,100095,184,99962,184,100116,167,99961,184,100164,184,99924,184,100180,100,99892,100,100234,100,99768,100,100242,100,99750,100,100259,100,99685,100,100389,100,98927,100,100425,100,98605,100
2019-06-28 10:05:20.253809983,100049,84,100004,184,100095,184,99962,184,100116,167,99961,184,100164,184,99924,184,100180,100,99892,100,100234,100,99768,100,100242,100,99750,100,100259,100,99685,100,100389,100,98927,100,100425,100,98605,100
2019-06-28 10:05:30.000000000,100095,436,100004,436,100116,83,99962,100,100164,100,99961,100,100180,100,99924,100,100234,100,99892,100,100242,100,99768,100,100259,100,99750,100,100389,100,99685,100,100425,100,98927,100,100497,100,98605,100
2019-06-28 10:05:34.198422863,100095,336,100004,436,100116,83,99962,100,100164,100,99961,100,100180,100,99924,100,100234,100,99892,100,100259,100,99768,100,100389,100,99750,100,100425,100,99685,100,100497,100,98927,100,100646,100,98605,100
2019-06-28 10:05:35.730577297,100095,336,100004,436,100116,83,99962,100,100164,100,99961,100,100180,100,99924,100,100234,100,99892,100,100259,100,99768,100,100310,100,99750,100,100389,100,99685,100,100425,100,98927,100,100497,100,98605,100
2019-06-28 10:05:37.346119354,100095,236,100004,436,100116,83,99962,100,100164,100,99961,100,100180,100,99924,100,100234,100,99892,100,100259,100,99768,100,100310,100,99750,100,100389,100,99685,100,100425,100,98927,100,100497,100,98605,100
2019-06-28 10:05:40.000000000,100116,150,100004,167,100164,167,99962,167,100180,167,99961,167,100234,167,99924,167,100259,167,99892,167,100310,100,99768,100,100389,100,99750,100,100425,100,99685,100,100497,100,98927,100,100646,100,98605,100
2019-06-28 10:05:42.720178452,100116,150,100004,167,100164,167,99962,167,100180,167,99961,167,100234,167,99924,167,100259,167,99892,167,100310,100,99768,100,100389,100,99750,100,100425,100,99685,100,100497,100,98605,100,100646,100,,
2019-06-28 10:05:47.317881801,100116,150,100004,67,100164,167,99962,167,100180,167,99961,167,100234,167,99924,167,100259,167,99892,167,100310,100,99768,100,100425,100,99750,100,100497,100,99685,100,100646,100,98605,100,,,,
2019-06-28 10:05:50.000000000,100116,197,99962,214,100164,211,99961,211,100180,211,99924,211,100234,100,99892,100,100259,100,99768,100,100310,100,99750,100,100425,100,99685,100,100497,100,98605,100,100646,100,,,,,,
2019-06-28 10:05:56.897420497,100116,197,100039,100,100164,211,99962,214,100180,211,99961,211,100234,100,99924,211,100259,100,99892,100,100310,100,99768,100,100425,100,99750,100,100497,100,99685,100,100646,100,98605,100,,,,
2019-06-28 10:06:00.000000000,100116,167,100039,184,100164,184,99962,184,100180,184,99961,184,100234,184,99924,184,100259,100,99892,100,100310,100,99768,100,100425,100,99750,100,100497,100,99685,100,100646,100,98605,100,,,,
2019-06-28 10:06:10.000000000,100116,251,100039,268,100164,268,99962,268,100180,100,99961,100,100234,100,99924,100,100259,100,99892,100,100310,100,99768,100,100425,100,99750,100,100497,100,99685,100,100646,100,98605,100,,,,
2019-06-28 10:06:20.000000000,100116,150,100039,167,100164,167,99962,167,100180,167,99961,167,100234,167,99924,167,100259,167,99892,167,100310,100,99768,100,100425,100,99750,100,100497,100,99685,100,100646,100,98605,100,,,,
2019-06-28 10:06:29.585756871,100116,50,100039,167,100164,167,99962,167,100180,167,99961,167,100234,167,99924,167,100259,167,99892,167,100310,100,99768,100,100425,100,99750,100,100497,100,99685,100,100646,100,98605,100,,,,
2019-06-28 10:06:30.000000000,100164,214,100039,214,100180,211,99962,211,100234,211,99961,211,100259,100,99924,100,100310,100,99892,100,100425,100,99768,100,100497,100,99750,100,100646,100,99685,100,,,98605,100,,,,
2019-06-28 10:06:36.488797813,100164,214,100106,100,100180,211,100039,214,100234,211,99962,211,100259,100,99961,211,100310,100,99924,100,100425,100,99892,100,100497,100,99768,100,100646,100,99750,100,,,99685,100,,,98605,100
2019-06-28 10:06:38.668457844,100164,214,100039,214,100180,211,99962,211,100234,211,99961,211,100259,100,99924,100,100310,100,99892,100,100425,100,99768,100,100497,100,99750,100,100646,100,99685,100,,,98605,100,,,,
2019-06-28 10:06:40.000000000,100164,214,100039,214,100180,211,99962,211,100234,211,99961,211,100259,100,99924,100,100310,100,99892,100,100425,100,99768,100,100497,100,99750,100,100646,100,99685,100,,,98605,100,,,,
2019-06-28 10:06:50.000000000,100164,214,100039,214,100180,211,99962,211,100234,211,99961,211,100259,100,99924,100,100310,100,99892,100,100425,100,99768,100,100497,100,99750,100,100646,100,99685,100,,,98605,100,,,,
2019-06-28 10:06:50.268079084,100164,214,100139,100,100180,211,100039,214,100234,211,99962,211,100259,100,99961,211,100310,100,99924,100,100425,100,99892,100,100497,100,99768,100,100646,100,99750,100,,,99685,100,,,98605,100
2019-06-28 10:06:57.186583272,100164,214,100039,214,100180,211,99962,211,100234,211,99961,211,100259,100,99892,100,100310,100,99768,100,100425,100,99750,100,100497,100,99685,100,100646,100,98605,100,,,,,,,,
2019-06-28 10:06:58.446623935,100164,214,100039,214,100180,211,99962,211,100234,211,99961,211,100310,100,99892,100,100425,100,99817,100,100497,100,99768,100,100646,100,99750,100,,,99685,100,,,98605,100,,,,
2019-06-28 10:07:00.000000000,100164,167,100039,167,100180,167,99962,167,100234,167,99961,167,100310,167,99892,167,100425,167,99817,167,100497,100,99768,100,100646,100,99750,100,,,99685,100,,,98605,100,,,,
2019-06-28 10:07:10.000000000,100164,184,100039,184,100180,184,99962,184,100234,184,99961,184,100310,184,99892,184,100425,100,99817,100,100497,100,99768,100,100646,100,99750,100,,,99685,100,,,98605,100,,,,
2019-06-28 10:07:20.000000000,100164,214,100039,214,100180,211,99962,211,100234,211,99961,211,100310,100,99892,100,100425,100,99817,100,100497,100,99768,100,100646,100,99750,100,,,99685,100,,,98605,100,,,,
2019-06-28 10:07:27.445206388,100164,214,100039,214,100180,211,99962,211,100234,211,99961,111,100310,100,99892,100,100425,100,99817,100,100497,100,99768,100,100646,100,99750,100,,,99685,100,,,98605,100,,,,
2019-06-28 10:07:30.000000000,100164,167,100039,167,100180,167,99962,167,100234,167,99892,167,100310,167,99817,167,100425,167,99768,167,100497,100,99750,100,100646,100,99685,100,,,98605,100,,,,,,,,
2019-06-28 10:07:39.585089215,100164,167,100039,67,100180,167,99962,167,100234,167,99892,167,100310,167,99817,167,100425,167,99768,167,100497,100,99750,100,100646,100,99685,100,,,98605,100,,,,,,,,
