,ask_price_1,ask_size_1,bid_price_1,bid_size_1,ask_price_2,ask_size_2,bid_price_2,bid_size_2,ask_price_3,ask_size_3,bid_price_3,bid_size_3,ask_price_4,ask_size_4,bid_price_4,bid_size_4,ask_price_5,ask_size_5,bid_price_5,bid_size_5,ask_price_6,ask_size_6,bid_price_6,bid_size_6,ask_price_7,ask_size_7,bid_price_7,bid_size_7,ask_price_8,ask_size_8,bid_price_8,bid_size_8,ask_price_9,ask_size_9,bid_price_9,bid_size_9,ask_price_10,ask_size_10,bid_price_10,bid_size_10
2019-06-28 09:30:00.000000000,100098,100,99899,100,,,,,,,,,,,,,,,,,,,,,,,,,,,,,,,,,,,,
2019-06-28 09:30:00.000000002,100098,100,100001,100,,,99899,100,,,,,,,,,,,,,,,,,,,,,,,,,,,,,,,,
2019-06-28 09:30:00.000000003,100098,100,100001,100,,,99899,100,,,99889,100,,,,,,,,,,,,,,,,,,,,,,,,,,,,
2019-06-28 09:30:00.000000006,100050,100,100001,100,100098,100,99899,100,,,99889,100,,,,,,,,,,,,,,,,,,,,,,,,,,,,
2019-06-28 09:30:00.000000007,100050,100,100001,100,100098,100,99899,100,100107,100,99889,100,,,,,,,,,,,,,,,,,,,,,,,,,,,,
2019-06-28 09:30:00.000000008,100034,100,100001,100,100050,100,99977,100,100051,100,99899,100,100098,100,99889,100,100104,100,,,100107,100,,,,,,,,,,,,,,,,,,
2019-06-28 09:30:00.000000009,100050,100,100001,100,100051,100,99977,100,100058,100,99899,100,100098,100,99889,100,100104,100,,,100107,100,,,,,,,,,,,,,,,,,,
2019-06-28 09:30:00.000000010,100050,100,100001,100,100051,100,99977,100,100058,100,99899,100,100098,100,99889,100,100104,100,,,100107,100,,,100171,100,,,,,,,,,,,,,,
2019-06-28 09:30:00.000000014,100050,100,100001,100,100051,100,99977,100,100058,100,99946,100,100098,100,99899,100,100104,100,99889,100,100107,100,,,100171,100,,,,,,,,,,,,,,
2019-06-28 09:30:00.000000015,100050,100,100001,100,100051,100,99977,100,100058,100,99946,100,100098,100,99899,100,100104,100,99889,100,100107,100,99843,100,100171,100,,,,,,,,,,,,,,
2019-06-28 09:30:00.000000016,100050,100,100006,100,100051,100,100001,100,100058,100,99977,100,100098,100,99946,100,100104,100,99899,100,100107,100,99889,100,100171,100,99843,100,,,,,,,,,,,,
2019-06-28 09:30:00.000000017,100050,100,100006,100,100051,100,100002,100,100058,100,100001,100,100098,100,99977,100,100104,100,99946,100,100107,100,99899,100,100171,100,99889,100,,,99843,100,,,,,,,,
2019-06-28 09:30:00.000000020,100050,100,100006,100,100051,100,100002,100,100058,100,100001,100,100098,100,99981,100,100104,100,99977,100,100107,100,99946,100,100171,100,99899,100,,,99889,100,,,99843,100,,,,
2019-06-28 09:30:00.000000025,100050,100,100002,100,100051,100,100001,100,100058,100,99981,100,100098,100,99977,100,100104,100,99946,100,100107,100,99899,100,100171,100,99897,100,,,99889,100,,,99843,100,,,,
2019-06-28 09:30:00.000000027,100050,100,100002,100,100051,100,100001,100,100058,100,99981,100,100098,100,99977,100,100104,100,99973,100,100107,100,99946,100,100171,100,99899,100,,,99897,100,,,99889,100,,,99843,100
2019-06-28 09:30:00.000000028,100019,100,100002,100,100050,100,100001,100,100051,100,99981,100,100058,100,99977,100,100098,100,99973,100,100104,100,99946,100,100107,100,99899,100,100171,100,99897,100,,,99889,100,,,99843,100
2019-06-28 09:30:00.000000029,100006,100,100002,100,100019,100,100001,100,100050,100,99981,100,100051,100,99977,100,100058,100,99973,100,100098,100,99946,100,100104,100,99899,100,100107,100,99897,100,100171,100,99889,100,,,99843,100
2019-06-28 09:30:00.000000033,100019,100,100002,100,100050,100,100001,100,100051,100,99981,100,100058,100,99977,100,100098,100,99973,100,100104,100,99946,100,100107,100,99899,100,100171,100,99897,100,,,99889,100,,,99843,100
2019-06-28 09:30:00.000000034,100019,100,100002,100,100041,100,100001,100,100050,100,99981,100,100051,100,99977,100,100058,100,99973,100,100098,100,99946,100,100104,100,99899,100,100107,100,99897,100,100171,100,99889,100,,,99843,100
2019-06-28 09:30:00.000000037,100019,100,100002,100,100041,100,100001,100,100045,100,99981,100,100050,100,99977,100,100051,100,99973,100,100058,100,99946,100,100098,100,99899,100,100104,100,99897,100,100107,100,99889,100,100171,100,99843,100
2019-06-28 09:30:00.000000044,100019,100,100002,100,100041,100,100001,100,100045,100,99981,100,100050,100,99977,200,100051,100,99973,100,100058,100,99946,100,100098,100,99899,100,100104,100,99897,100,100107,100,99889,100,100171,100,99843,100
2019-06-28 09:30:00.000000046,100041,100,100002,100,100045,100,100001,100,100050,100,99981,100,100051,100,99977,200,100058,100,99973,100,100098,100,99955,100,100104,100,99946,100,100107,100,99899,100,100171,100,99897,100,,,99889,100
2019-06-28 09:30:00.000000047,100041,100,100001,100,100045,100,99981,100,100050,100,99977,200,100051,100,99973,100,100058,100,99955,100,100098,100,99946,100,100102,100,99899,100,100104,100,99897,100,100107,100,99889,100,100171,100,99843,100
2019-06-28 09:30:00.000000049,100019,100,100001,100,100041,100,99981,100,100045,100,99977,200,100050,100,99973,100,100051,100,99962,100,100058,100,99955,100,100098,100,99946,100,100102,100,99899,100,100104,100,99897,100,100107,100,99889,100
2019-06-28 09:30:00.000000051,100019,100,100001,100,100021,100,99981,100,100041,100,99977,200,100045,100,99973,100,100047,100,99962,100,100050,100,99955,100,100051,100,99946,100,100058,100,99899,100,100098,100,99897,100,100102,100,99889,100
2019-06-28 09:30:00.000000053,100019,100,99981,100,100021,100,99977,200,100041,100,99973,100,100045,100,99962,100,100047,100,99955,100,100050,100,99946,100,100051,100,99899,100,100058,100,99897,100,100098,100,99889,100,100102,100,99843,100
2019-06-28 09:30:00.000000055,100019,100,99981,100,100021,100,99977,200,100029,100,99973,100,100041,100,99962,100,100045,100,99955,100,100047,100,99946,100,100050,100,99942,100,100051,100,99899,100,100058,100,99897,100,100098,100,99889,100
2019-06-28 09:30:00.000000057,100019,100,99981,100,100021,100,99977,200,100029,100,99973,100,100041,100,99962,100,100045,100,99955,100,100047,100,99946,100,100050,100,99942,100,100051,100,99899,100,100058,100,99897,100,100098,100,99892,100
2019-06-28 09:30:00.000000063,100019,100,99981,100,100021,100,99977,200,100029,100,99973,100,100034,100,99962,100,100041,100,99955,100,100045,100,99946,100,100047,100,99942,100,100050,100,99930,100,100051,200,99899,100,100058,100,99897,100
2019-06-28 09:30:00.000000065,100021,100,99981,100,100029,100,99977,200,100034,100,99973,100,100041,100,99962,100,100045,100,99955,100,100047,100,99946,100,100050,100,99942,100,100051,200,99930,100,100058,100,99899,100,100098,100,99897,100
2019-06-28 09:30:00.000000067,100021,100,99981,100,100029,100,99977,200,100034,100,99973,100,100041,100,99962,100,100045,100,99955,100,100047,100,99946,100,100050,100,99942,100,100051,200,99930,100,100058,100,99907,100,100098,100,99899,100
2019-06-28 09:30:00.000000070,100019,100,100009,100,100021,100,99981,100,100029,100,99977,200,100034,100,99973,100,100041,100,99962,100,100045,100,99955,100,100047,100,99946,100,100050,100,99942,100,100051,200,99930,100,100058,100,99907,100
2019-06-28 09:30:00.000000071,100019,100,99981,100,100021,100,99977,200,100029,100,99973,100,100034,100,99962,100,100041,100,99955,100,100045,100,99946,100,100047,100,99942,100,100050,100,99930,100,100051,200,99907,100,100058,100,99899,200
2019-06-28 09:30:00.000000075,100018,100,99981,100,100019,100,99977,200,100021,100,99973,100,100029,100,99962,100,100034,100,99955,100,100041,100,99946,100,100045,100,99942,100,100047,100,99930,100,100050,100,99907,100,100051,200,99899,200
2019-06-28 09:30:00.000000080,100018,100,99981,100,100019,100,99977,200,100021,100,99973,100,100029,100,99962,100,100034,100,99955,100,100041,200,99946,100,100045,100,99942,100,100047,100,99930,100,100050,100,99907,100,100051,200,99899,200
2019-06-28 09:30:00.000000081,100019,100,99981,100,100021,100,99977,200,100029,100,99973,100,100034,100,99962,100,100041,200,99955,100,100045,100,99946,100,100047,100,99942,100,100050,100,99930,100,100051,200,99907,100,100058,100,99899,200
2019-06-28 09:30:00.000000085,100019,100,100009,100,100021,100,99981,100,100029,100,99977,200,100034,100,99973,100,100041,200,99962,100,100045,100,99955,100,100047,100,99946,100,100050,100,99942,100,100051,200,99930,100,100058,100,99907,100
2019-06-28 09:30:00.000000090,100019,100,100009,100,100021,100,99981,100,100029,100,99977,200,100034,100,99973,100,100041,200,99962,100,100045,100,99955,100,100047,100,99946,100,100050,100,99942,100,100051,200,99930,100,100058,100,99920,100
2019-06-28 09:30:00.000000091,100019,100,100009,100,100021,100,99981,100,100029,100,99977,200,100034,100,99973,100,100041,200,99962,100,100045,100,99955,100,100047,100,99946,100,100050,100,99942,100,100051,200,99930,100,100055,100,99920,100
2019-06-28 09:30:00.000000094,100019,100,100009,100,100021,100,99981,100,100029,100,99977,200,100034,100,99973,100,100041,200,99962,100,100045,100,99955,100,100047,100,99946,100,100050,100,99942,100,100051,200,99930,100,100055,100,99920,100
2019-06-28 09:30:00.000000095,100019,100,99981,100,100021,100,99977,200,100029,100,99973,100,100034,100,99962,100,100041,200,99955,100,100045,100,99946,100,100047,100,99942,100,100050,100,99930,100,100051,200,99920,100,100055,100,99907,100
2019-06-28 09:30:10.000000000,100019,169,99981,169,100021,169,99977,269,100029,169,99973,169,100034,169,99962,169,100041,269,99955,169,100045,100,99946,100,100047,100,99942,100,100050,100,99930,100,100051,200,99920,100,100055,100,99907,100
2019-06-28 09:30:20.000000000,100019,272,99981,272,100021,272,99977,372,100029,100,99973,100,100034,100,99962,100,100041,200,99955,100,100045,100,99946,100,100047,100,99942,100,100050,100,99930,100,100051,200,99920,100,100055,100,99907,100
2019-06-28 09:30:30.000000000,100019,186,99981,186,100021,186,99977,286,100029,186,99973,186,100034,186,99962,186,100041,200,99955,100,100045,100,99946,100,100047,100,99942,100,100050,100,99930,100,100051,200,99920,100,100055,100,99907,100
2019-06-28 09:30:38.684880073,100019,186,99981,186,100021,186,99977,286,100029,186,99973,186,100034,186,99962,186,100041,200,99955,100,100045,100,99946,100,100047,100,99942,100,100050,100,99930,100,100051,200,99920,100,100055,100,99907,200
2019-06-28 09:30:39.534997797,100019,186,99981,186,100021,186,99977,286,100029,186,99973,186,100034,186,99962,186,100041,200,99955,100,100045,100,99946,100,100047,100,99942,100,100050,100,99930,100,100051,200,99920,100,100055,100,99907,200
2019-06-28 09:30:40.000000000,100019,186,99981,186,100021,186,99977,286,100029,186,99973,186,100034,186,99962,186,100041,200,99955,100,100045,100,99946,100,100047,100,99942,100,100050,100,99930,100,100051,200,99920,100,100055,100,99907,200
2019-06-28 09:30:45.395236977,100019,186,99981,186,100021,186,99977,286,100029,86,99973,186,100034,186,99962,186,100041,200,99955,100,100045,100,99946,100,100047,100,99942,100,100050,100,99935,100,100051,200,99930,100,100055,100,99920,100
2019-06-28 09:30:50.000000000,100019,169,99981,169,100021,169,99977,269,100034,169,99973,169,100041,269,99962,169,100045,169,99955,169,100047,100,99946,100,100050,100,99942,100,100051,200,99935,100,100055,100,99930,100,100094,100,99920,100
2019-06-28 09:30:58.253427125,100018,100,99981,169,100019,169,99977,269,100021,169,99973,169,100034,169,99962,169,100041,269,99955,169,100045,169,99946,100,100047,100,99942,100,100050,100,99935,100,100051,200,99930,100,100055,100,99920,100
2019-06-28 09:31:00.000000000,100018,169,99981,169,100019,169,99977,269,100021,169,99973,169,100034,169,99962,169,100041,269,99955,169,100045,100,99946,100,100047,100,99942,100,100050,100,99935,100,100051,200,99930,100,100055,100,99920,100
2019-06-28 09:31:05.130177086,100018,169,100009,100,100019,169,99981,169,100021,169,99977,269,100034,169,99973,169,100041,269,99962,169,100045,100,99955,169,100047,100,99946,100,100050,100,99942,100,100051,200,99935,100,100055,100,99930,100
2019-06-28 09:31:10.000000000,100018,169,100009,169,100019,169,99981,169,100021,169,99977,269,100034,169,99973,169,100041,269,99962,169,100045,100,99955,100,100047,100,99946,100,100050,100,99942,100,100051,200,99935,100,100055,100,99930,100
2019-06-28 09:31:10.338595493,100018,169,100009,169,100019,169,99981,169,100021,169,99977,269,100034,169,99973,169,100041,269,99962,169,100045,100,99955,100,100047,100,99946,100,100050,100,99942,100,100051,200,99935,100,100055,100,99930,100
2019-06-28 09:31:20.000000000,100018,217,100009,217,100019,214,99981,214,100021,214,99977,314,100034,100,99973,100,100041,200,99962,100,100045,100,99955,100,100047,100,99946,100,100050,100,99942,100,100051,200,99935,100,100055,100,99930,100
2019-06-28 09:31:22.214394683,100018,217,100009,117,100019,214,99981,214,100021,214,99977,314,100034,100,99973,100,100041,200,99962,100,100045,100,99955,100,100047,100,99946,100,100050,100,99942,100,100051,200,99935,100,100055,100,99930,100
2019-06-28 09:31:30.000000000,100018,444,99981,444,100019,100,99977,200,100021,100,99973,100,100034,100,99962,100,100041,200,99955,100,100045,100,99946,100,100047,100,99942,100,100050,100,99935,100,100051,200,99930,100,100055,100,99920,100
2019-06-28 09:31:40.000000000,100018,169,99981,169,100019,169,99977,269,100021,169,99973,169,100034,169,99962,169,100041,269,99955,169,100045,100,99946,100,100047,100,99942,100,100050,100,99935,100,100051,200,99930,100,100055,100,99920,100
2019-06-28 09:31:50.000000000,100018,272,99981,272,100019,272,99977,372,100021,100,99973,100,100034,100,99962,100,100041,200,99955,100,100045,100,99946,100,100047,100,99942,100,100050,100,99935,100,100051,200,99930,100,100055,100,99920,100
2019-06-28 09:31:54.568647503,100018,272,99981,272,100019,272,99977,372,100021,100,99973,100,100034,100,99962,100,100041,200,99955,100,100045,100,99946,100,100047,100,99942,100,100050,100,99935,100,100051,100,99930,100,100055,100,99920,100
2019-06-28 09:32:00.000000000,100018,217,99981,217,100019,214,99977,314,100021,214,99973,214,100034,100,99962,100,100041,200,99955,100,100045,100,99946,100,100047,100,99942,100,100050,100,99935,100,100051,100,99930,100,100055,100,99920,100
2019-06-28 09:32:10.000000000,100018,217,99981,217,100019,214,99977,314,100021,214,99973,214,100034,100,99962,100,100041,200,99955,100,100045,100,99946,100,100047,100,99942,100,100050,100,99935,100,100051,100,99930,100,100055,100,99920,100
2019-06-28 09:32:20.000000000,100018,444,99981,444,100019,100,99977,200,100021,100,99973,100,100034,100,99962,100,100041,200,99955,100,100045,100,99946,100,100047,100,99942,100,100050,100,99935,100,100051,100,99930,100,100055,100,99920,100
2019-06-28 09:32:24.771795486,100018,444,99981,444,100019,100,99977,200,100021,100,99973,100,100034,100,99962,100,100041,200,99955,100,100045,100,99946,100,100047,100,99942,100,100050,100,99935,100,100051,100,99930,100,100055,100,99920,100
2019-06-28 09:32:30.000000000,100018,186,99981,186,100019,186,99977,286,100021,186,99973,186,100034,186,99962,186,100041,200,99955,100,100045,100,99946,100,100047,100,99942,100,100050,100,99935,100,100051,100,99930,100,100055,100,99920,100
2019-06-28 09:32:40.000000000,100018,272,99981,272,100019,272,99977,372,100021,100,99973,100,100034,100,99962,100,100041,200,99955,100,100045,100,99946,100,100047,100,99942,100,100050,100,99935,100,100051,100,99930,100,100055,100,99920,100
2019-06-28 09:32:41.055233578,100018,272,99981,272,100019,272,99977,372,100021,100,99973,100,100034,100,99962,100,100041,200,99955,100,100045,100,99942,100,100047,100,99935,100,100050,100,99930,100,100051,100,99920,100,100055,100,99907,200
2019-06-28 09:32:50.000000000,100018,272,99981,272,100019,272,99977,372,100021,100,99973,100,100034,100,99962,100,100041,200,99955,100,100045,100,99942,100,100047,100,99935,100,100050,100,99930,100,100051,100,99920,100,100055,100,99907,200
2019-06-28 09:33:00.000000000,100018,217,99981,217,100019,214,99977,314,100021,214,99973,214,100034,100,99962,100,100041,200,99955,100,100045,100,99942,100,100047,100,99935,100,100050,100,99930,100,100051,100,99920,100,100055,100,99907,200
2019-06-28 09:33:04.582979311,100018,217,99981,217,100019,214,99977,314,100021,214,99973,214,100034,100,99962,100,100041,200,99955,100,100045,100,99942,100,100047,100,99935,100,100050,100,99930,100,100051,100,99920,100,100055,100,99907,200
2019-06-28 09:33:10.000000000,100018,217,99981,217,100019,214,99977,314,100021,214,99973,214,100034,100,99962,100,100041,200,99955,100,100045,100,99942,100,100047,100,99935,100,100050,100,99930,100,100051,100,99920,100,100055,100,99907,200
2019-06-28 09:33:10.630903596,100009,100,99981,217,100018,217,99977,314,100019,214,99973,214,100021,214,99962,100,100034,100,99955,100,100041,200,99942,100,100045,100,99935,100,100047,100,99930,100,100050,100,99920,100,100051,100,99907,200
2019-06-28 09:33:20.000000000,100009,444,99981,444,100018,100,99977,200,100019,100,99973,100,100021,100,99962,100,100034,100,99955,100,100041,200,99942,100,100045,100,99935,100,100047,100,99930,100,100050,100,99920,100,100051,100,99907,200
2019-06-28 09:33:27.460661016,100009,444,99981,444,100019,100,99977,200,100021,100,99973,100,100034,100,99962,100,100041,200,99955,100,100045,100,99942,100,100047,100,99935,100,100050,100,99930,100,100051,100,99920,100,100055,100,99907,200
2019-06-28 09:33:30.000000000,100009,444,99981,444,100019,100,99977,200,100021,100,99973,100,100034,100,99962,100,100041,200,99955,100,100045,100,99942,100,100047,100,99935,100,100050,100,99930,100,100051,100,99920,100,100055,100,99907,200
2019-06-28 09:33:33.122021909,100009,444,99981,444,100019,100,99977,200,100021,100,99973,100,100034,100,99962,100,100041,200,99955,100,100045,100,99942,100,100047,100,99935,100,100050,100,99920,100,100051,100,99907,200,100055,100,99899,100
2019-06-28 09:33:40.000000000,100009,169,99981,169,100019,169,99977,269,100021,169,99973,169,100034,169,99962,169,100041,269,99955,169,100045,100,99942,100,100047,100,99935,100,100050,100,99920,100,100051,100,99907,200,100055,100,99899,100
2019-06-28 09:33:50.000000000,100009,169,99981,169,100019,169,99977,269,100021,169,99973,169,100034,169,99962,169,100041,269,99955,169,100045,100,99942,100,100047,100,99935,100,100050,100,99920,100,100051,100,99907,200,100055,100,99899,100
2019-06-28 09:34:00.000000000,100009,186,99981,186,100019,186,99977,286,100021,186,99973,186,100034,186,99962,186,100041,200,99955,100,100045,100,99942,100,100047,100,99935,100,100050,100,99920,100,100051,100,99907,200,100055,100,99899,100
2019-06-28 09:34:08.356564191,100009,186,99981,186,100019,186,99977,286,100021,186,99973,186,100034,186,99962,186,100041,200,99955,100,100045,100,99942,100,100047,100,99935,100,100050,100,99920,100,100051,100,99907,200,100055,100,99899,100
2019-06-28 09:34:09.525977348,100009,86,99981,186,100019,186,99977,286,100021,86,99973,186,100034,186,99962,186,100041,200,99955,100,100045,100,99942,100,100047,100,99935,100,100050,100,99920,100,100051,100,99907,200,100055,100,99899,100
2019-06-28 09:34:10.000000000,100019,444,99981,444,100034,100,99977,200,100041,200,99973,100,100045,100,99962,100,100047,100,99955,100,100050,100,99942,100,100051,100,99935,100,100055,100,99920,100,100094,100,99907,200,100098,100,99899,100
2019-06-28 09:34:20.000000000,100019,169,99981,169,100034,169,99977,269,100041,269,99973,169,100045,169,99962,169,100047,169,99955,169,100050,100,99942,100,100051,100,99935,100,100055,100,99920,100,100094,100,99907,200,100098,100,99899,100
2019-06-28 09:34:29.468199092,100019,69,99981,169,100034,169,99977,269,100041,269,99973,169,100045,169,99962,169,100047,169,99955,169,100050,100,99942,100,100051,100,99935,100,100055,100,99920,100,100094,100,99907,200,100098,100,99899,100
2019-06-28 09:34:30.000000000,100034,272,99981,272,100041,372,99977,372,100045,100,99973,100,100047,100,99962,100,100050,100,99955,100,100051,100,99942,100,100055,100,99935,100,100094,100,99920,100,100098,100,99907,200,100102,100,99899,100
2019-06-28 09:34:40.000000000,100034,444,99981,444,100041,200,99977,200,100045,100,99973,100,100047,100,99962,100,100050,100,99955,100,100051,100,99942,100,100055,100,99935,100,100094,100,99920,100,100098,100,99907,200,100102,100,99899,100
2019-06-28 09:34:50.000000000,100034,217,99981,217,100041,314,99977,314,100045,214,99973,214,100047,100,99962,100,100050,100,99955,100,100051,100,99942,100,100055,100,99935,100,100094,100,99920,100,100098,100,99907,200,100102,100,99899,100
2019-06-28 09:34:55.134691153,100034,217,99981,217,100041,314,99977,314,100045,214,99973,214,100047,100,99962,100,100050,100,99955,100,100051,100,99942,100,100055,100,99935,100,100094,100,99920,100,100098,100,99907,200,100102,100,99897,100
2019-06-28 09:35:00.000000000,100034,169,99981,169,100041,269,99977,269,100045,169,99973,169,100047,169,99962,169,100050,169,99955,169,100051,100,99942,100,100055,100,99935,100,100094,100,99920,100,100098,100,99907,200,100102,100,99897,100
2019-06-28 09:35:03.615452320,100034,169,99981,169,100041,269,99977,269,100045,169,99973,169,100047,169,99962,169,100050,169,99955,169,100051,100,99942,100,100055,100,99935,100,100094,100,99920,100,100098,100,99907,200,100102,100,99897,100
2019-06-28 09:35:10.000000000,100034,217,99981,217,100041,314,99977,314,100045,214,99973,214,100047,100,99962,100,100050,100,99955,100,100051,100,99942,100,100055,100,99935,100,100094,100,99920,100,100098,100,99907,200,100102,100,99897,100
2019-06-28 09:35:20.000000000,100034,169,99981,169,100041,269,99977,269,100045,169,99973,169,100047,169,99962,169,100050,169,99955,169,100051,100,99942,100,100055,100,99935,100,100094,100,99920,100,100098,100,99907,200,100102,100,99897,100
2019-06-28 09:35:30.000000000,100034,186,99981,186,100041,286,99977,286,100045,186,99973,186,100047,186,99962,186,100050,100,99955,100,100051,100,99942,100,100055,100,99935,100,100094,100,99920,100,100098,100,99907,200,100102,100,99897,100
2019-06-28 09:35:40.000000000,100034,186,99981,186,100041,286,99977,286,100045,186,99973,186,100047,186,99962,186,100050,100,99955,100,100051,100,99942,100,100055,100,99935,100,100094,100,99920,100,100098,100,99907,200,100102,100,99897,100
2019-06-28 09:35:46.381632217,100034,186,99981,186,100041,286,99977,286,100045,186,99973,186,100047,186,99962,186,100050,100,99955,100,100051,100,99942,100,100055,100,99935,100,100098,100,99920,100,100102,100,99907,200,100104,100,99897,100
2019-06-28 09:35:50.000000000,100034,169,99981,169,100041,269,99977,269,100045,169,99973,169,100047,169,99962,169,100050,169,99955,169,100051,100,99942,100,100055,100,99935,100,100098,100,99920,100,100102,100,99907,200,100104,100,99897,100
2019-06-28 09:36:00.000000000,100034,444,99981,444,100041,200,99977,200,100045,100,99973,100,100047,100,99962,100,100050,100,99955,100,100051,100,99942,100,100055,100,99935,100,100098,100,99920,100,100102,100,99907,200,100104,100,99897,100
2019-06-28 09:36:10.000000000,100034,169,99981,169,100041,269,99977,269,100045,169,99973,169,100047,169,99962,169,100050,169,99955,169,100051,100,99942,100,100055,100,99935,100,100098,100,99920,100,100102,100,99907,200,100104,100,99897,100
2019-06-28 09:36:12.020014014,100034,69,99981,169,100041,269,99977,269,100045,169,99973,169,100047,169,99962,169,100050,169,99955,169,100051,100,99942,100,100055,100,99935,100,100098,100,99920,100,100102,100,99907,200,100104,100,99897,100
2019-06-28 09:36:12.860509242,100041,269,100034,31,100045,169,99981,169,100047,169,99977,269,100050,169,99973,169,100051,100,99962,169,100055,100,99955,169,100098,100,99942,100,100102,100,99920,100,100104,100,99907,200,100106,100,99897,100
2019-06-28 09:36:18.755033575,100041,169,100034,31,100045,169,99981,169,100047,169,99977,269,100050,169,99973,169,100051,100,99962,169,100055,100,99955,169,100098,100,99942,100,100102,100,99920,100,100104,100,99907,200,100106,100,99897,100
2019-06-28 09:36:20.000000000,100041,444,100034,375,100045,100,99981,100,100047,100,99977,200,100050,100,99973,100,100051,100,99962,100,100055,100,99955,100,100098,100,99942,100,100102,100,99920,100,100104,100,99907,200,100106,100,99897,100
2019-06-28 09:36:30.000000000,100041,169,100034,100,100045,169,99981,169,100047,169,99977,269,100050,169,99973,169,100051,169,99962,169,100055,100,99955,100,100098,100,99942,100,100102,100,99920,100,100104,100,99907,200,100106,100,99897,100
2019-06-28 09:36:40.000000000,100041,186,100034,117,100045,186,99981,186,100047,186,99977,286,100050,186,99973,186,100051,100,99962,100,100055,100,99955,100,100098,100,99942,100,100102,100,99920,100,100104,100,99907,200,100106,100,99897,100
2019-06-28 09:36:46.216220671,100041,186,100034,117,100045,186,99981,186,100047,186,99977,286,100050,186,99973,186,100051,100,99962,100,100055,100,99955,100,100098,100,99942,100,100102,100,99920,100,100104,100,99907,200,100106,100,99897,100
2019-06-28 09:36:47.511805666,100041,86,100034,117,100045,186,99981,186,100047,186,99977,286,100050,186,99973,186,100051,100,99962,100,100055,100,99955,100,100098,100,99942,100,100102,100,99920,100,100104,100,99907,200,100106,100,99897,100
2019-06-28 09:36:50.000000000,100045,217,100034,148,100047,214,99981,214,100050,214,99977,314,100051,100,99973,100,100055,100,99962,100,100098,100,99955,100,100102,100,99942,100,100104,100,99920,100,100106,100,99907,200,100107,100,99897,100
2019-06-28 09:36:56.395526239,100045,117,100034,148,100047,214,99981,214,100050,214,99977,314,100051,100,99973,100,100055,100,99962,100,100098,100,99955,100,100102,100,99942,100,100104,100,99920,100,100106,100,99907,200,100107,100,99892,100
2019-06-28 09:36:58.232525553,100045,117,100034,148,100047,214,99981,214,100050,214,99977,314,100051,100,99973,100,100055,100,99962,100,100098,100,99955,100,100102,100,99942,100,100104,100,99920,100,100106,100,99907,200,100107,100,99892,100
2019-06-28 09:37:00.000000000,100047,186,100034,117,100050,186,99981,186,100051,186,99977,286,100055,186,99973,186,100098,100,99962,100,100102,100,99955,100,100104,100,99942,100,100106,100,99920,100,100107,100,99907,200,100112,100,99892,100
2019-06-28 09:37:10.000000000,100047,186,100034,117,100050,186,99981,186,100051,186,99977,286,100055,186,99973,186,100098,100,99962,100,100102,100,99955,100,100104,100,99942,100,100106,100,99920,100,100107,100,99907,200,100112,100,99892,100
2019-06-28 09:37:13.858134152,100047,86,100034,117,100050,186,99981,186,100051,186,99977,286,100055,186,99973,186,100098,100,99962,100,100102,100,99955,100,100104,100,99942,100,100106,100,99920,100,100107,100,99907,200,100112,100,99892,100
2019-06-28 09:37:16.452365911,100050,186,100047,14,100051,186,100034,117,100055,186,99981,186,100098,100,99977,286,100102,100,99973,186,100104,100,99962,100,100106,100,99955,100,100107,100,99942,100,100112,100,99920,100,100126,100,99907,200
2019-06-28 09:37:20.000000000,100050,186,100047,100,100051,186,100034,117,100055,186,99981,186,100098,186,99977,286,100102,100,99973,100,100104,100,99962,100,100106,100,99955,100,100107,100,99942,100,100112,100,99920,100,100126,100,99907,200
2019-06-28 09:37:30.000000000,100050,169,100047,83,100051,169,100034,100,100055,169,99981,169,100098,169,99977,269,100102,169,99973,169,100104,100,99962,100,100106,100,99955,100,100107,100,99942,100,100112,100,99920,100,100126,100,99907,200
2019-06-28 09:37:34.631535977,100050,169,100047,83,100051,169,100034,100,100055,169,99981,169,100098,169,99977,269,100102,169,99973,169,100104,100,99962,100,100106,100,99942,100,100107,100,99920,100,100112,100,99907,200,100126,100,99889,100
2019-06-28 09:37:37.401649036,100050,169,100047,83,100051,169,100034,100,100055,169,99981,169,100098,169,99977,269,100102,169,99973,169,100104,100,99962,100,100106,100,99942,100,100107,100,99920,100,100112,100,99907,200,100126,100,99889,100
2019-06-28 09:37:39.522555425,100050,69,100047,83,100051,169,100034,100,100055,169,99981,169,100098,169,99977,269,100102,169,99973,169,100104,100,99962,100,100106,100,99942,100,100107,100,99907,200,100112,100,99889,100,100126,100,99796,100
2019-06-28 09:37:40.000000000,100051,186,100047,100,100055,186,100034,117,100098,186,99981,186,100102,186,99977,286,100104,100,99973,100,100106,100,99962,100,100107,100,99942,100,100112,100,99907,200,100126,100,99889,100,100135,100,99796,100
2019-06-28 09:37:50.000000000,100051,444,100047,358,100055,100,100034,31,100098,100,99981,100,100102,100,99977,200,100104,100,99973,100,100106,100,99962,100,100107,100,99942,100,100112,100,99907,200,100126,100,99889,100,100135,100,99796,100
2019-06-28 09:38:00.000000000,100051,444,100047,358,100055,100,100034,31,100098,100,99981,100,100102,100,99977,200,100104,100,99973,100,100106,100,99962,100,100107,100,99942,100,100112,100,99907,200,100126,100,99889,100,100135,100,99796,100
2019-06-28 09:38:10.000000000,100051,169,100047,83,100055,169,100034,100,100098,169,99981,169,100102,169,99977,269,100104,169,99973,169,100106,100,99962,100,100107,100,99942,100,100112,100,99907,200,100126,100,99889,100,100135,100,99796,100
2019-06-28 09:38:10.110683464,100051,169,100047,83,100055,169,100034,100,100098,169,99981,169,100102,169,99977,269,100104,169,99973,169,100106,100,99962,100,100107,100,99942,100,100112,100,99907,200,100126,100,99889,100,100135,100,99796,100
2019-06-28 09:38:20.000000000,100051,186,100047,100,100055,186,100034,117,100098,186,99981,186,100102,186,99977,286,100104,100,99973,100,100106,100,99962,100,100107,100,99942,100,100112,100,99907,200,100126,100,99889,100,100135,100,99796,100
2019-06-28 09:38:20.274779714,100051,186,100047,100,100055,186,100034,117,100098,186,99981,186,100102,186,99977,286,100104,100,99962,100,100106,100,99942,100,100107,100,99907,200,100112,100,99889,100,100126,100,99796,100,100135,100,99656,100
2019-06-28 09:38:27.537838092,100051,186,100047,100,100055,186,100034,117,100098,186,99981,186,100102,186,99977,286,100104,100,99962,100,100106,100,99942,100,100112,100,99907,200,100126,100,99889,100,100135,100,99796,100,100297,100,99656,100
2019-06-28 09:38:30.000000000,100051,444,100047,358,100055,100,100034,31,100098,100,99981,100,100102,100,99977,200,100104,100,99962,100,100106,100,99942,100,100112,100,99907,200,100126,100,99889,100,100135,100,99796,100,100297,100,99656,100
2019-06-28 09:38:40.000000000,100051,444,100047,358,100055,100,100034,31,100098,100,99981,100,100102,100,99977,200,100104,100,99962,100,100106,100,99942,100,100112,100,99907,200,100126,100,99889,100,100135,100,99796,100,100297,100,99656,100
2019-06-28 09:38:50.000000000,100051,272,100047,186,100055,272,100034,203,100098,100,99981,100,100102,100,99977,200,100104,100,99962,100,100106,100,99942,100,100112,100,99907,200,100126,100,99889,100,100135,100,99796,100,100297,100,99656,100
2019-06-28 09:38:55.355506844,100051,172,100047,186,100055,272,100034,203,100098,100,99981,100,100102,100,99977,200,100104,100,99962,100,100112,100,99942,100,100126,100,99907,200,100135,100,99889,100,100297,100,99796,100,100493,100,99656,100
2019-06-28 09:39:00.000000000,100055,169,100047,83,100098,169,100034,100,100102,169,99981,169,100104,169,99977,269,100112,169,99962,169,100126,100,99942,100,100135,100,99907,200,100297,100,99889,100,100493,100,99796,100,100682,100,99656,100
2019-06-28 09:39:10.000000000,100055,272,100047,186,100098,272,100034,203,100102,100,99981,100,100104,100,99977,200,100112,100,99962,100,100126,100,99942,100,100135,100,99907,200,100297,100,99889,100,100493,100,99796,100,100682,100,99656,100
2019-06-28 09:39:16.011357950,100055,172,100047,186,100098,272,100034,203,100102,100,99981,100,100104,100,99977,200,100112,100,99962,100,100126,100,99942,100,100135,100,99907,200,100297,100,99889,100,100493,100,99796,100,100682,100,99656,100
2019-06-28 09:39:20.000000000,100098,169,100047,83,100102,169,100034,100,100104,169,99981,169,100112,169,99977,269,100126,169,99962,169,100135,100,99942,100,100297,100,99907,200,100493,100,99889,100,100682,100,99796,100,100790,100,99656,100
2019-06-28 09:39:26.481171186,100098,69,100047,83,100102,169,100034,100,100104,169,99981,169,100112,169,99977,269,100126,169,99962,169,100135,100,99942,100,100297,100,99907,200,100493,100,99889,100,100682,100,99796,100,100790,100,99656,100
2019-06-28 09:39:30.000000000,100102,272,100047,186,100104,272,100034,203,100112,100,99981,100,100126,100,99977,200,100135,100,99962,100,100297,100,99942,100,100493,100,99907,200,100682,100,99889,100,100790,100,99796,100,100801,100,99656,100
2019-06-28 09:39:40.000000000,100102,217,100047,131,100104,214,100034,145,100112,214,99981,214,100126,100,99977,200,100135,100,99962,100,100297,100,99942,100,100493,100,99907,200,100682,100,99889,100,100790,100,99796,100,100801,100,99656,100
2019-06-28 09:39:50.000000000,100102,217,100047,131,100104,214,100034,145,100112,214,99981,214,100126,100,99977,200,100135,100,99962,100,100297,100,99942,100,100493,100,99907,200,100682,100,99889,100,100790,100,99796,100,100801,100,99656,100
2019-06-28 09:40:00.000000000,100102,169,100047,83,100104,169,100034,100,100112,169,99981,169,100126,169,99977,269,100135,169,99962,169,100297,100,99942,100,100493,100,99907,200,100682,100,99889,100,100790,100,99796,100,100801,100,99656,100
2019-06-28 09:40:10.000000000,100102,272,100047,186,100104,272,100034,203,100112,100,99981,100,100126,100,99977,200,100135,100,99962,100,100297,100,99942,100,100493,100,99907,200,100682,100,99889,100,100790,100,99796,100,100801,100,99656,100
2019-06-28 09:40:20.000000000,100102,272,100047,186,100104,272,100034,203,100112,100,99981,100,100126,100,99977,200,100135,100,99962,100,100297,100,99942,100,100493,100,99907,200,100682,100,99889,100,100790,100,99796,100,100801,100,99656,100
2019-06-28 09:40:22.547618645,100102,272,100047,186,100104,272,100034,203,100112,100,99981,100,100126,100,99977,200,100135,100,99962,100,100272,100,99942,100,100297,100,99907,200,100493,100,99889,100,100682,100,99796,100,100790,100,99656,100
2019-06-28 09:40:30.000000000,100102,444,100047,358,100104,100,100034,31,100112,100,99981,100,100126,100,99977,200,100135,100,99962,100,100272,100,99942,100,100297,100,99907,200,100493,100,99889,100,100682,100,99796,100,100790,100,99656,100
2019-06-28 09:40:37.121734339,100102,344,100047,358,100104,100,100034,31,100112,100,99981,100,100126,100,99977,200,100135,100,99962,100,100272,100,99942,100,100297,100,99907,200,100493,100,99889,100,100682,100,99796,100,100790,100,99656,100
2019-06-28 09:40:40.000000000,100104,186,100047,100,100112,186,100034,117,100126,186,99981,186,100135,186,99977,286,100272,100,99962,100,100297,100,99942,100,100493,100,99907,200,100682,100,99889,100,100790,100,99796,100,100801,100,99656,100
2019-06-28 09:40:48.969620522,100104,186,100047,100,100112,186,100034,117,100126,186,99981,186,100135,186,99977,286,100271,100,99962,100,100272,100,99942,100,100297,100,99907,200,100493,100,99889,100,100682,100,99796,100,100790,100,99656,100
2019-06-28 09:40:50.000000000,100104,217,100047,131,100112,214,100034,145,100126,214,99981,214,100135,100,99977,200,100271,100,99962,100,100272,100,99942,100,100297,100,99907,200,100493,100,99889,100,100682,100,99796,100,100790,100,99656,100
2019-06-28 09:41:00.000000000,100104,169,100047,83,100112,169,100034,100,100126,169,99981,169,100135,169,99977,269,100271,169,99962,169,100272,100,99942,100,100297,100,99907,200,100493,100,99889,100,100682,100,99796,100,100790,100,99656,100
2019-06-28 09:41:10.000000000,100104,272,100047,186,100112,272,100034,203,100126,100,99981,100,100135,100,99977,200,100271,100,99962,100,100272,100,99942,100,100297,100,99907,200,100493,100,99889,100,100682,100,99796,100,100790,100,99656,100
2019-06-28 09:41:20.000000000,100104,169,100047,83,100112,169,100034,100,100126,169,99981,169,100135,169,99977,269,100271,169,99962,169,100272,100,99942,100,100297,100,99907,200,100493,100,99889,100,100682,100,99796,100,100790,100,99656,100
2019-06-28 09:41:22.755487269,100104,169,100047,83,100112,169,100034,100,100126,169,99981,169,100135,169,99977,269,100214,100,99962,169,100271,169,99942,100,100272,100,99907,200,100297,100,99889,100,100493,100,99796,100,100682,100,99656,100
2019-06-28 09:41:30.000000000,100104,444,100047,358,100112,100,100034,31,100126,100,99981,100,100135,100,99977,200,100214,100,99962,100,100271,100,99942,100,100272,100,99907,200,100297,100,99889,100,100493,100,99796,100,100682,100,99656,100
2019-06-28 09:41:40.000000000,100104,186,100047,100,100112,186,100034,117,100126,186,99981,186,100135,186,99977,286,100214,100,99962,100,100271,100,99942,100,100272,100,99907,200,100297,100,99889,100,100493,100,99796,100,100682,100,99656,100
2019-06-28 09:41:50.000000000,100104,272,100047,186,100112,272,100034,203,100126,100,99981,100,100135,100,99977,200,100214,100,99962,100,100271,100,99942,100,100272,100,99907,200,100297,100,99889,100,100493,100,99796,100,100682,100,99656,100
2019-06-28 09:42:00.000000000,100104,169,100047,83,100112,169,100034,100,100126,169,99981,169,100135,169,99977,269,100214,169,99962,169,100271,100,99942,100,100272,100,99907,200,100297,100,99889,100,100493,100,99796,100,100682,100,99656,100
2019-06-28 09:42:10.000000000,100104,217,100047,131,100112,214,100034,145,100126,214,99981,214,100135,100,99977,200,100214,100,99962,100,100271,100,99942,100,100272,100,99907,200,100297,100,99889,100,100493,100,99796,100,100682,100,99656,100
2019-06-28 09:42:19.763080668,100104,217,100098,100,100112,214,100047,131,100126,214,100034,145,100135,100,99981,214,100214,100,99977,200,100271,100,99962,100,100272,100,99942,100,100297,100,99907,200,100493,100,99889,100,100682,100,99796,100
2019-06-28 09:42:20.000000000,100104,444,100098,444,100112,100,100047,14,100126,100,100034,31,100135,100,99981,100,100214,100,99977,200,100271,100,99962,100,100272,100,99942,100,100297,100,99907,200,100493,100,99889,100,100682,100,99796,100
2019-06-28 09:42:30.000000000,100104,444,100098,444,100112,100,100047,14,100126,100,100034,31,100135,100,99981,100,100214,100,99977,200,100271,100,99962,100,100272,100,99942,100,100297,100,99907,200,100493,100,99889,100,100682,100,99796,100
2019-06-28 09:42:31.980220200,100104,344,100098,444,100112,100,100047,14,100126,100,100034,31,100135,100,99981,100,100214,100,99977,200,100271,100,99962,100,100272,100,99942,100,100297,100,99907,100,100493,100,99889,100,100682,100,99796,100
2019-06-28 09:42:34.057223100,100104,344,100098,444,100112,100,100047,14,100126,100,100034,31,100135,100,99981,100,100214,100,99977,200,100271,100,99962,100,100272,100,99942,100,100297,100,99907,100,100367,100,99889,100,100493,100,99796,100
2019-06-28 09:42:35.044675323,100104,344,100098,444,100112,100,100047,14,100126,100,100034,31,100135,100,99981,100,100214,100,99977,200,100234,100,99962,100,100271,100,99942,100,100272,100,99907,100,100297,100,99889,100,100367,100,99796,100
2019-06-28 09:42:36.964148488,100104,344,100102,100,100112,100,100098,444,100126,100,100047,14,100135,100,100034,31,100214,100,99981,100,100234,100,99977,200,100271,100,99962,100,100272,100,99942,100,100297,100,99907,100,100367,100,99889,100
2019-06-28 09:42:40.000000000,100112,444,100102,444,100126,100,100098,100,100135,100,100047,14,100214,100,100034,31,100234,100,99981,100,100271,100,99977,200,100272,100,99962,100,100297,100,99942,100,100367,100,99907,100,100493,100,99889,100
2019-06-28 09:42:50.000000000,100112,444,100102,444,100126,100,100098,100,100135,100,100047,14,100214,100,100034,31,100234,100,99981,100,100271,100,99977,200,100272,100,99962,100,100297,100,99942,100,100367,100,99907,100,100493,100,99889,100
2019-06-28 09:43:00.000000000,100112,217,100102,217,100126,214,100098,214,100135,214,100047,128,100214,100,100034,31,100234,100,99981,100,100271,100,99977,200,100272,100,99962,100,100297,100,99942,100,100367,100,99907,100,100493,100,99889,100
2019-06-28 09:43:10.000000000,100112,444,100102,444,100126,100,100098,100,100135,100,100047,14,100214,100,100034,31,100234,100,99981,100,100271,100,99977,200,100272,100,99962,100,100297,100,99942,100,100367,100,99907,100,100493,100,99889,100
2019-06-28 09:43:20.000000000,100112,272,100102,272,100126,272,100098,272,100135,100,100047,14,100214,100,100034,31,100234,100,99981,100,100271,100,99977,200,100272,100,99962,100,100297,100,99942,100,100367,100,99907,100,100493,100,99889,100
2019-06-28 09:43:20.292346082,100112,272,100102,172,100126,272,100098,272,100135,100,100034,31,100214,100,99981,100,100234,100,99977,200,100271,100,99962,100,100272,100,99942,100,100297,100,99907,100,100367,100,99889,100,100493,100,99796,100
2019-06-28 09:43:30.000000000,100112,272,100098,272,100126,272,100034,203,100135,100,99981,100,100214,100,99977,200,100234,100,99962,100,100271,100,99942,100,100272,100,99907,100,100297,100,99889,100,100367,100,99796,100,100493,100,99656,100
2019-06-28 09:43:40.000000000,100112,444,100098,444,100126,100,100034,31,100135,100,99981,100,100214,100,99977,200,100234,100,99962,100,100271,100,99942,100,100272,100,99907,100,100297,100,99889,100,100367,100,99796,100,100493,100,99656,100
2019-06-28 09:43:50.000000000,100112,272,100098,272,100126,272,100034,203,100135,100,99981,100,100214,100,99977,200,100234,100,99962,100,100271,100,99942,100,100272,100,99907,100,100297,100,99889,100,100367,100,99796,100,100493,100,99656,100
2019-06-28 09:43:51.267169780,100112,172,100098,272,100126,272,100034,203,100135,100,99981,100,100214,100,99977,200,100234,100,99962,100,100271,100,99942,100,100272,100,99907,100,100297,100,99889,100,100367,100,99796,100,100493,100,99656,100
2019-06-28 09:43:54.505387820,100112,172,100098,272,100126,272,100034,203,100135,100,99981,100,100234,100,99977,200,100271,100,99962,100,100272,100,99942,100,100297,100,99907,100,100302,100,99889,100,100367,100,99796,100,100493,100,99656,100
2019-06-28 09:43:56.131243395,100112,172,100098,272,100126,272,100059,100,100135,100,100034,203,100234,100,99981,100,100271,100,99977,200,100272,100,99962,100,100297,100,99942,100,100302,100,99907,100,100367,100,99889,100,100493,100,99796,100
2019-06-28 09:44:00.000000000,100126,444,100098,444,100135,100,100059,100,100234,100,100034,31,100271,100,99981,100,100272,100,99977,200,100297,100,99962,100,100302,100,99942,100,100367,100,99907,100,100493,100,99889,100,100682,100,99796,100
2019-06-28 09:44:00.600351595,100126,344,100098,444,100135,100,100059,100,100234,100,100034,31,100271,100,99981,100,100272,100,99977,200,100297,100,99962,100,100302,100,99942,100,100367,100,99907,100,100493,100,99889,100,100682,100,99796,100
2019-06-28 09:44:03.857348842,100126,244,100098,444,100234,100,100059,100,100271,100,100034,31,100272,100,99981,100,100297,100,99977,200,100302,100,99962,100,100367,100,99942,100,100493,100,99907,100,100682,100,99889,100,100790,100,99796,100
2019-06-28 09:44:09.489950663,100126,144,100098,444,100234,100,100059,100,100271,100,100034,31,100272,100,99981,100,100297,100,99977,200,100302,100,99962,100,100367,100,99942,100,100493,100,99907,100,100682,100,99889,100,100790,100,99796,100
2019-06-28 09:44:10.000000000,100234,272,100098,272,100271,272,100059,272,100272,100,100034,31,100297,100,99981,100,100302,100,99977,200,100367,100,99962,100,100493,100,99942,100,100682,100,99907,100,100790,100,99889,100,100801,100,99796,100
2019-06-28 09:44:20.000000000,100234,217,100098,217,100271,214,100059,214,100272,214,100034,145,100297,100,99981,100,100302,100,99977,200,100367,100,99962,100,100493,100,99942,100,100682,100,99907,100,100790,100,99889,100,100801,100,99796,100
2019-06-28 09:44:23.574404653,100234,117,100098,217,100271,214,100059,214,100272,214,100034,145,100302,100,99981,100,100367,100,99977,200,100493,100,99962,100,100682,100,99942,100,100790,100,99907,100,100801,100,99889,100,100886,100,99796,100
2019-06-28 09:44:27.968529014,100234,117,100098,217,100271,214,100059,214,100272,214,100034,145,100302,100,99981,100,100367,100,99977,200,100457,100,99962,100,100493,100,99942,100,100682,100,99907,100,100790,100,99889,100,100801,100,99796,100
2019-06-28 09:44:30.000000000,100271,272,100098,272,100272,272,100059,272,100302,100,100034,31,100367,100,99981,100,100457,100,99977,200,100493,100,99962,100,100682,100,99942,100,100790,100,99907,100,100801,100,99889,100,100886,100,99796,100
2019-06-28 09:44:38.733509735,100271,272,100126,100,100272,272,100098,272,100302,100,100059,272,100367,100,100034,31,100457,100,99981,100,100493,100,99977,200,100682,100,99962,100,100790,100,99942,100,100801,100,99907,100,100886,100,99796,100
2019-06-28 09:44:40.000000000,100271,217,100126,217,100272,214,100098,214,100302,214,100059,214,100367,100,100034,31,100457,100,99981,100,100493,100,99977,200,100682,100,99962,100,100790,100,99942,100,100801,100,99907,100,100886,100,99796,100
2019-06-28 09:44:43.726762043,100271,117,100126,217,100272,214,100098,214,100302,214,100059,214,100367,100,100034,31,100457,100,99981,100,100493,100,99977,200,100682,100,99962,100,100790,100,99942,100,100801,100,99907,100,100886,100,99796,100
2019-06-28 09:44:50.000000000,100272,272,100126,272,100302,272,100098,272,100367,100,100059,100,100457,100,100034,31,100493,100,99981,100,100682,100,99977,200,100790,100,99962,100,100801,100,99942,100,100886,100,99907,100,101010,100,99796,100
2019-06-28 09:45:00.000000000,100272,169,100126,169,100302,169,100098,169,100367,169,100059,169,100457,169,100034,100,100493,169,99981,169,100682,100,99977,200,100790,100,99962,100,100801,100,99942,100,100886,100,99907,100,101010,100,99796,100
2019-06-28 09:45:10.000000000,100272,169,100126,169,100302,169,100098,169,100367,169,100059,169,100457,169,100034,100,100493,169,99981,169,100682,100,99977,200,100790,100,99962,100,100801,100,99942,100,100886,100,99907,100,101010,100,99796,100
2019-06-28 09:45:14.833357070,100272,169,100126,169,100302,169,100098,169,100367,169,100059,169,100457,169,100034,100,100493,169,99981,169,100682,100,99977,200,100790,100,99962,100,100801,100,99942,100,100886,100,99907,100,101010,100,99840,100
2019-06-28 09:45:20.000000000,100272,444,100126,444,100302,100,100098,100,100367,100,100059,100,100457,100,100034,31,100493,100,99981,100,100682,100,99977,200,100790,100,99962,100,100801,100,99942,100,100886,100,99907,100,101010,100,99840,100
2019-06-28 09:45:30.000000000,100272,169,100126,169,100302,169,100098,169,100367,169,100059,169,100457,169,100034,100,100493,169,99981,169,100682,100,99977,200,100790,100,99962,100,100801,100,99942,100,100886,100,99907,100,101010,100,99840,100
2019-06-28 09:45:34.595971169,100272,169,100126,169,100302,169,100098,169,100367,169,100059,169,100457,169,100034,100,100493,169,99981,169,100682,100,99977,200,100790,100,99962,100,100801,100,99942,100,100886,100,99907,100,101010,100,99872,100
2019-06-28 09:45:40.000000000,100272,186,100126,186,100302,186,100098,186,100367,186,100059,186,100457,186,100034,117,100493,100,99981,100,100682,100,99977,200,100790,100,99962,100,100801,100,99942,100,100886,100,99907,100,101010,100,99872,100
2019-06-28 09:45:45.607193352,100233,100,100126,186,100272,186,100098,186,100302,186,100059,186,100367,186,100034,117,100457,186,99981,100,100493,100,99977,200,100682,100,99962,100,100790,100,99942,100,100801,100,99907,100,100886,100,99872,100
2019-06-28 09:45:48.841694805,100233,100,100126,86,100272,186,100098,186,100302,186,100059,186,100367,186,100034,117,100457,186,99981,100,100493,100,99977,200,100682,100,99962,100,100790,100,99942,100,100801,100,99907,100,100886,100,99872,100
2019-06-28 09:45:50.000000000,100233,169,100098,169,100272,169,100059,169,100302,169,100034,100,100367,169,99981,169,100457,169,99977,269,100493,100,99962,100,100682,100,99942,100,100790,100,99907,100,100801,100,99872,100,100886,100,99840,100
2019-06-28 09:45:57.042722412,100233,169,100098,169,100272,169,100059,169,100302,169,100034,100,100367,169,99981,169,100457,169,99977,269,100493,100,99962,100,100682,100,99942,100,100790,100,99907,100,100801,100,99872,100,100886,100,99861,100
2019-06-28 09:46:00.000000000,100233,186,100098,186,100272,186,100059,186,100302,186,100034,117,100367,186,99981,186,100457,100,99977,200,100493,100,99962,100,100682,100,99942,100,100790,100,99907,100,100801,100,99872,100,100886,100,99861,100
2019-06-28 09:46:05.953769522,100233,186,100098,186,100272,186,100059,186,100302,186,100034,117,100367,186,99981,186,100457,100,99977,200,100493,100,99962,100,100682,100,99942,100,100790,100,99907,100,100801,100,99872,100,100886,100,99864,100
2019-06-28 09:46:10.000000000,100233,169,100098,169,100272,169,100059,169,100302,169,100034,100,100367,169,99981,169,100457,169,99977,269,100493,100,99962,100,100682,100,99942,100,100790,100,99907,100,100801,100,99872,100,100886,100,99864,100
2019-06-28 09:46:20.000000000,100233,217,100098,217,100272,214,100059,214,100302,214,100034,145,100367,100,99981,100,100457,100,99977,200,100493,100,99962,100,100682,100,99942,100,100790,100,99907,100,100801,100,99872,100,100886,100,99864,100
2019-06-28 09:46:30.000000000,100233,169,100098,169,100272,169,100059,169,100302,169,100034,100,100367,169,99981,169,100457,169,99977,269,100493,100,99962,100,100682,100,99942,100,100790,100,99907,100,100801,100,99872,100,100886,100,99864,100
2019-06-28 09:46:40.000000000,100233,186,100098,186,100272,186,100059,186,100302,186,100034,117,100367,186,99981,186,100457,100,99977,200,100493,100,99962,100,100682,100,99942,100,100790,100,99907,100,100801,100,99872,100,100886,100,99864,100
2019-06-28 09:46:45.771345439,100233,186,100098,186,100272,186,100059,186,100302,186,100034,117,100367,186,99981,186,100457,100,99977,300,100493,100,99962,100,100682,100,99942,100,100790,100,99907,100,100886,100,99872,100,101010,100,99864,100
2019-06-28 09:46:50.000000000,100233,272,100098,272,100272,272,100059,272,100302,100,100034,31,100367,100,99981,100,100457,100,99977,300,100493,100,99962,100,100682,100,99942,100,100790,100,99907,100,100886,100,99872,100,101010,100,99864,100
2019-06-28 09:46:54.151117601,100233,272,100098,172,100272,272,100059,272,100302,100,100034,31,100367,100,99981,100,100457,100,99977,300,100493,100,99962,100,100682,100,99942,100,100790,100,99907,100,100886,100,99872,100,,,99864,100
2019-06-28 09:46:54.829630917,100233,272,100098,172,100272,272,100060,100,100302,100,100059,272,100367,100,100034,31,100493,100,99981,100,100682,100,99977,300,100790,100,99962,100,100886,100,99942,100,,,99907,100,,,99872,100
2019-06-28 09:46:55.123560035,100194,100,100098,172,100233,272,100060,100,100272,272,100059,272,100302,100,100034,31,100367,100,99981,100,100493,100,99977,300,100682,100,99962,100,100790,100,99942,100,100886,100,99907,100,,,99872,100
2019-06-28 09:47:00.000000000,100194,444,100060,444,100233,100,100059,100,100272,100,100034,31,100302,100,99981,100,100367,100,99977,300,100493,100,99962,100,100682,100,99942,100,100790,100,99907,100,100886,100,99872,100,,,99864,100
2019-06-28 09:47:10.000000000,100194,169,100060,169,100233,169,100059,169,100272,169,100034,100,100302,169,99981,169,100367,169,99977,369,100493,100,99962,100,100682,100,99942,100,100790,100,99907,100,100886,100,99872,100,,,99864,100
2019-06-28 09:47:20.000000000,100194,186,100060,186,100233,186,100059,186,100272,186,100034,117,100302,186,99981,186,100367,100,99977,300,100493,100,99962,100,100682,100,99942,100,100790,100,99907,100,100886,100,99872,100,,,99864,100
2019-06-28 09:47:24.105443350,100194,186,100060,186,100233,186,100059,186,100272,186,100034,117,100302,186,99981,186,100329,100,99977,300,100367,100,99962,100,100493,100,99942,100,100682,100,99907,100,100790,100,99872,100,,,99864,100
2019-06-28 09:47:25.934799106,100194,186,100127,100,100233,186,100060,186,100272,186,100059,186,100302,186,100034,117,100329,100,99981,186,100367,100,99977,300,100493,100,99962,100,100682,100,99942,100,100790,100,99907,100,,,99872,100
2019-06-28 09:47:26.158799852,100194,186,100127,100,100196,100,100060,186,100233,186,100059,186,100272,186,100034,117,100302,186,99981,86,100329,100,99977,300,100367,100,99962,100,100493,100,99942,100,100682,100,99907,100,100790,100,99872,100
2019-06-28 09:47:30.000000000,100194,272,100127,272,100196,272,100060,272,100233,100,100059,100,100272,100,100034,31,100302,100,99977,300,100329,100,99962,100,100367,100,99942,100,100493,100,99907,100,100682,100,99872,100,100790,100,99864,100
2019-06-28 09:47:33.033385778,100194,272,100127,272,100196,272,100060,272,100233,100,100059,100,100272,100,100034,31,100302,100,99977,300,100329,100,99962,100,100367,100,99942,100,100418,100,99907,100,100493,100,99872,100,100682,100,99864,100
2019-06-28 09:47:40.000000000,100194,272,100127,272,100196,272,100060,272,100233,100,100059,100,100272,100,100034,31,100302,100,99977,300,100329,100,99962,100,100367,100,99942,100,100418,100,99907,100,100493,100,99872,100,100682,100,99864,100
2019-06-28 09:47:41.472573636,100194,272,100127,372,100196,272,100060,272,100233,100,100059,100,100272,100,100034,31,100302,100,99977,300,100329,100,99962,100,100367,100,99942,100,100418,100,99907,100,100493,100,99872,100,100682,100,99864,100
2019-06-28 09:47:50.000000000,100194,217,100127,317,100196,214,100060,214,100233,214,100059,214,100272,100,100034,31,100302,100,99977,300,100329,100,99962,100,100367,100,99942,100,100418,100,99907,100,100493,100,99872,100,100682,100,99864,100
2019-06-28 09:47:52.012554353,100194,217,100127,417,100196,214,100060,214,100233,214,100059,214,100272,100,100034,31,100302,100,99977,200,100329,100,99962,100,100367,100,99942,100,100418,100,99907,100,100493,100,99872,100,100682,100,99864,100
2019-06-28 09:48:00.000000000,100194,186,100127,386,100196,186,100060,186,100233,186,100059,186,100272,186,100034,117,100302,100,99977,200,100329,100,99962,100,100367,100,99942,100,100418,100,99907,100,100493,100,99872,100,100682,100,99864,100
2019-06-28 09:48:10.000000000,100194,272,100127,472,100196,272,100060,272,100233,100,100059,100,100272,100,100034,31,100302,100,99977,200,100329,100,99962,100,100367,100,99942,100,100418,100,99907,100,100493,100,99872,100,100682,100,99864,100
2019-06-28 09:48:20.000000000,100194,272,100127,472,100196,272,100060,272,100233,100,100059,100,100272,100,100034,31,100302,100,99977,200,100329,100,99962,100,100367,100,99942,100,100418,100,99907,100,100493,100,99872,100,100682,100,99864,100
2019-06-28 09:48:22.804130470,100194,272,100127,472,100196,272,100060,272,100233,100,100059,100,100272,100,100034,31,100302,100,99977,200,100329,100,99942,100,100367,100,99907,100,100418,100,99872,100,100493,100,99864,100,100642,100,99861,100
2019-06-28 09:48:30.000000000,100194,272,100127,472,100196,272,100060,272,100233,100,100059,100,100272,100,100034,31,100302,100,99977,200,100329,100,99942,100,100367,100,99907,100,100418,100,99872,100,100493,100,99864,100,100642,100,99861,100
2019-06-28 09:48:38.827636748,100194,272,100127,472,100196,272,100060,272,100233,100,100059,100,100272,100,100034,31,100302,100,99977,200,100329,100,99942,100,100367,100,99907,100,100418,100,99872,100,100493,100,99864,100,100592,100,99861,100
2019-06-28 09:48:40.000000000,100194,272,100127,472,100196,272,100060,272,100233,100,100059,100,100272,100,100034,31,100302,100,99977,200,100329,100,99942,100,100367,100,99907,100,100418,100,99872,100,100493,100,99864,100,100592,100,99861,100
2019-06-28 09:48:50.000000000,100194,272,100127,472,100196,272,100060,272,100233,100,100059,100,100272,100,100034,31,100302,100,99977,200,100329,100,99942,100,100367,100,99907,100,100418,100,99872,100,100493,100,99864,100,100592,100,99861,100
2019-06-28 09:49:00.000000000,100194,186,100127,386,100196,186,100060,186,100233,186,100059,186,100272,186,100034,117,100302,100,99977,200,100329,100,99942,100,100367,100,99907,100,100418,100,99872,100,100493,100,99864,100,100592,100,99861,100
2019-06-28 09:49:01.195714901,100194,186,100127,386,100196,186,100060,186,100233,186,100059,186,100272,186,100034,117,100302,100,99977,200,100329,100,99942,100,100335,100,99907,100,100367,100,99872,100,100418,100,99864,100,100493,100,99861,100
2019-06-28 09:49:10.000000000,100194,444,100127,644,100196,100,100060,100,100233,100,100059,100,100272,100,100034,31,100302,100,99977,200,100329,100,99942,100,100335,100,99907,100,100367,100,99872,100,100418,100,99864,100,100493,100,99861,100
2019-06-28 09:49:20.000000000,100194,169,100127,369,100196,169,100060,169,100233,169,100059,169,100272,169,100034,100,100302,169,99977,269,100329,100,99942,100,100335,100,99907,100,100367,100,99872,100,100418,100,99864,100,100493,100,99861,100
2019-06-28 09:49:30.000000000,100194,186,100127,386,100196,186,100060,186,100233,186,100059,186,100272,186,100034,117,100302,100,99977,200,100329,100,99942,100,100335,100,99907,100,100367,100,99872,100,100418,100,99864,100,100493,100,99861,100
2019-06-28 09:49:40.000000000,100194,186,100127,386,100196,186,100060,186,100233,186,100059,186,100272,186,100034,117,100302,100,99977,200,100329,100,99942,100,100335,100,99907,100,100367,100,99872,100,100418,100,99864,100,100493,100,99861,100
2019-06-28 09:49:50.000000000,100194,186,100127,386,100196,186,100060,186,100233,186,100059,186,100272,186,100034,117,100302,100,99977,200,100329,100,99942,100,100335,100,99907,100,100367,100,99872,100,100418,100,99864,100,100493,100,99861,100
2019-06-28 09:49:55.703058729,100194,186,100127,386,100196,186,100060,186,100233,186,100059,186,100272,186,100034,117,100302,100,99977,200,100329,100,99942,100,100335,100,99907,100,100367,100,99872,100,100418,100,99864,100,100493,100,99861,100
2019-06-28 09:50:00.000000000,100194,186,100127,386,100196,186,100060,186,100233,186,100059,186,100272,186,100034,117,100302,100,99977,200,100329,100,99942,100,100335,100,99907,100,100367,100,99872,100,100418,100,99864,100,100493,100,99861,100
2019-06-28 09:50:01.164819117,100194,186,100127,386,100196,186,100060,186,100233,186,100059,186,100272,186,100034,117,100302,100,99977,200,100329,100,99942,100,100335,100,99907,100,100367,100,99872,100,100418,100,99864,100,100493,100,99861,100
2019-06-28 09:50:10.000000000,100194,444,100127,644,100196,100,100060,100,100233,100,100059,100,100272,100,100034,31,100302,100,99977,200,100329,100,99942,100,100335,100,99907,100,100367,100,99872,100,100418,100,99864,100,100493,100,99861,100
2019-06-28 09:50:20.000000000,100194,169,100127,369,100196,169,100060,169,100233,169,100059,169,100272,169,100034,100,100302,169,99977,269,100329,100,99942,100,100335,100,99907,100,100367,100,99872,100,100418,100,99864,100,100493,100,99861,100
2019-06-28 09:50:20.666196063,100194,169,100127,469,100196,169,100060,169,100233,169,100059,169,100272,169,100034,100,100302,169,99977,269,100329,100,99942,100,100335,100,99907,100,100367,100,99872,100,100418,100,99864,100,100493,100,99861,100
2019-06-28 09:50:26.614305018,100194,69,100127,469,100196,169,100060,169,100233,169,100059,169,100272,169,100034,100,100302,169,99977,269,100329,100,99942,100,100335,100,99907,100,100367,100,99872,100,100418,100,99864,100,100493,100,99840,100
2019-06-28 09:50:30.000000000,100196,272,100127,572,100233,272,100060,272,100272,100,100059,100,100302,100,100034,31,100329,100,99977,200,100335,100,99942,100,100367,100,99907,100,100418,100,99872,100,100493,100,99864,100,100592,100,99840,100
2019-06-28 09:50:40.000000000,100196,217,100127,517,100233,214,100060,214,100272,214,100059,214,100302,100,100034,31,100329,100,99977,200,100335,100,99942,100,100367,100,99907,100,100418,100,99872,100,100493,100,99864,100,100592,100,99840,100
2019-06-28 09:50:44.327982207,100196,217,100127,517,100233,214,100060,214,100272,214,100059,214,100302,100,100034,31,100329,100,99977,200,100335,100,99942,100,100367,100,99907,100,100418,100,99872,100,100493,100,99864,100,100592,100,99840,100
2019-06-28 09:50:44.722199419,100196,217,100127,517,100233,214,100060,214,100272,214,100059,214,100302,100,100034,31,100329,100,99977,200,100367,100,99942,100,100418,100,99907,100,100493,100,99872,100,100592,100,99864,100,100642,100,99840,100
2019-06-28 09:50:50.000000000,100196,272,100127,572,100233,272,100060,272,100272,100,100059,100,100302,100,100034,31,100329,100,99977,200,100367,100,99942,100,100418,100,99907,100,100493,100,99872,100,100592,100,99864,100,100642,100,99840,100
2019-06-28 09:51:00.000000000,100196,169,100127,469,100233,169,100060,169,100272,169,100059,169,100302,169,100034,100,100329,169,99977,269,100367,100,99942,100,100418,100,99907,100,100493,100,99872,100,100592,100,99864,100,100642,100,99840,100
2019-06-28 09:51:09.048637611,100196,69,100127,469,100233,169,100060,169,100272,169,100059,169,100302,169,100034,100,100329,169,99977,269,100367,100,99942,100,100418,100,99907,100,100493,100,99872,100,100592,100,99864,100,100642,100,99840,100
2019-06-28 09:51:10.000000000,100233,444,100127,744,100272,100,100060,100,100302,100,100059,100,100329,100,100034,31,100367,100,99977,200,100418,100,99942,100,100493,100,99907,100,100592,100,99872,100,100642,100,99864,100,100682,100,99840,100
2019-06-28 09:51:11.451110457,100233,344,100127,744,100272,100,100060,100,100302,100,100059,100,100329,100,100034,31,100367,100,99977,200,100418,100,99942,100,100493,100,99907,100,100592,100,99872,100,100642,100,99864,100,100682,100,99840,100
2019-06-28 09:51:16.157169893,100233,344,100127,744,100272,100,100060,100,100302,100,100059,100,100329,100,100034,31,100367,100,99977,200,100418,100,99942,100,100493,100,99907,100,100592,100,99872,100,100642,100,99864,100,100682,100,99840,100
2019-06-28 09:51:20.000000000,100272,186,100127,486,100302,186,100060,186,100329,186,100059,186,100367,186,100034,117,100418,100,99977,200,100493,100,99942,100,100592,100,99907,100,100642,100,99872,100,100682,100,99864,100,100720,100,99840,100
2019-06-28 09:51:25.855993355,100272,86,100127,486,100302,186,100060,186,100329,186,100059,186,100367,186,100034,117,100418,100,99977,200,100493,100,99942,100,100592,100,99907,100,100642,100,99872,100,100682,100,99864,100,100720,100,99840,100
2019-06-28 09:51:30.000000000,100302,169,100127,469,100329,169,100060,169,100367,169,100059,169,100418,169,100034,100,100493,169,99977,269,100592,100,99942,100,100642,100,99907,100,100682,100,99872,100,100720,100,99864,100,100746,100,99840,100
2019-06-28 09:51:33.088447594,100302,169,100127,469,100329,169,100060,169,100367,169,100059,169,100418,169,100034,100,100493,169,99977,269,100592,100,99942,100,100642,100,99907,100,100720,100,99872,100,100746,100,99864,100,100756,100,99840,100
2019-06-28 09:51:33.774180231,100302,69,100127,469,100329,169,100060,169,100367,169,100059,169,100418,169,100034,100,100493,169,99977,269,100592,100,99942,100,100642,100,99907,100,100720,100,99872,100,100746,100,99864,100,100756,100,99840,100
2019-06-28 09:51:40.000000000,100329,272,100127,572,100367,272,100060,272,100418,100,100059,100,100493,100,100034,31,100592,100,99977,200,100642,100,99942,100,100720,100,99907,100,100746,100,99872,100,100756,100,99864,100,100790,100,99840,100
2019-06-28 09:51:41.823264182,100329,172,100127,572,100367,272,100060,272,100418,100,100059,100,100493,100,100034,31,100592,100,99977,200,100642,100,99942,100,100720,100,99907,100,100746,100,99872,100,100756,100,99864,100,100790,100,99840,100
2019-06-28 09:51:50.000000000,100367,169,100127,469,100418,169,100060,169,100493,169,100059,169,100592,169,100034,100,100642,169,99977,269,100720,100,99942,100,100746,100,99907,100,100756,100,99872,100,100790,100,99864,100,100824,100,99840,100
2019-06-28 09:52:00.000000000,100367,186,100127,486,100418,186,100060,186,100493,186,100059,186,100592,186,100034,117,100642,100,99977,200,100720,100,99942,100,100746,100,99907,100,100756,100,99872,100,100790,100,99864,100,100824,100,99840,100
2019-06-28 09:52:02.946369390,100367,186,100127,486,100418,186,100060,186,100493,186,100059,186,100592,186,100034,117,100642,100,99977,200,100720,100,99942,100,100746,100,99907,100,100756,100,99872,100,100790,100,99864,100,100824,100,99840,100
2019-06-28 09:52:10.000000000,100367,444,100127,744,100418,100,100060,100,100493,100,100059,100,100592,100,100034,31,100642,100,99977,200,100720,100,99942,100,100746,100,99907,100,100756,100,99872,100,100790,100,99864,100,100824,100,99840,100
2019-06-28 09:52:11.948407256,100367,444,100127,744,100418,100,100060,100,100493,100,100059,100,100592,100,100034,31,100642,100,99977,200,100720,100,99942,100,100746,100,99907,100,100756,100,99872,100,100790,100,99864,100,100824,100,99840,100
2019-06-28 09:52:20.000000000,100367,272,100127,572,100418,272,100060,272,100493,100,100059,100,100592,100,100034,31,100642,100,99977,200,100720,100,99942,100,100746,100,99907,100,100756,100,99872,100,100790,100,99864,100,100824,100,99840,100
2019-06-28 09:52:26.512813558,100367,272,100302,100,100418,272,100127,572,100493,100,100060,272,100592,100,100059,100,100642,100,100034,31,100720,100,99977,200,100746,100,99942,100,100756,100,99907,100,100790,100,99872,100,100824,100,99864,100
2019-06-28 09:52:27.519729112,100367,272,100302,100,100418,272,100127,572,100493,100,100060,272,100592,100,100059,100,100642,100,100034,31,100720,100,99977,200,100756,100,99942,100,100790,100,99907,100,100824,100,99872,100,100878,100,99864,100
2019-06-28 09:52:27.994073050,100367,272,100302,200,100418,272,100127,572,100493,100,100060,272,100592,100,100059,100,100642,100,100034,31,100720,100,99977,200,100756,100,99942,100,100790,100,99907,100,100824,100,99872,100,100878,100,99864,100
2019-06-28 09:52:30.000000000,100367,169,100302,269,100418,169,100127,469,100493,169,100060,169,100592,169,100059,169,100642,169,100034,100,100720,100,99977,200,100756,100,99942,100,100790,100,99907,100,100824,100,99872,100,100878,100,99864,100
2019-06-28 09:52:35.892104125,100367,169,100302,269,100418,169,100127,469,100493,169,100060,169,100592,169,100059,169,100642,169,100034,100,100720,100,99977,200,100756,100,99942,100,100780,100,99907,100,100790,100,99872,100,100824,100,99864,100
2019-06-28 09:52:40.000000000,100367,169,100302,269,100418,169,100127,469,100493,169,100060,169,100592,169,100059,169,100642,169,100034,100,100720,100,99977,200,100756,100,99942,100,100780,100,99907,100,100790,100,99872,100,100824,100,99864,100
2019-06-28 09:52:50.000000000,100367,444,100302,544,100418,100,100127,400,100493,100,100060,100,100592,100,100059,100,100642,100,100034,31,100720,100,99977,200,100756,100,99942,100,100780,100,99907,100,100790,100,99872,100,100824,100,99864,100
2019-06-28 09:52:58.859405038,100367,444,100302,544,100418,100,100127,300,100493,100,100060,100,100592,100,100059,100,100642,100,100034,31,100720,100,99977,200,100756,100,99942,100,100780,100,99907,100,100790,100,99872,100,100824,100,99864,100
2019-06-28 09:52:59.982793750,100367,444,100302,544,100418,100,100127,300,100492,100,100060,100,100493,100,100059,100,100592,100,100034,31,100642,100,99977,200,100720,100,99942,100,100756,100,99907,100,100780,100,99872,100,100790,100,99864,100
2019-06-28 09:53:00.000000000,100367,217,100302,317,100418,214,100127,414,100492,214,100060,214,100493,100,100059,100,100592,100,100034,31,100642,100,99977,200,100720,100,99942,100,100756,100,99907,100,100780,100,99872,100,100790,100,99864,100
2019-06-28 09:53:10.000000000,100367,217,100302,317,100418,214,100127,414,100492,214,100060,214,100493,100,100059,100,100592,100,100034,31,100642,100,99977,200,100720,100,99942,100,100756,100,99907,100,100780,100,99872,100,100790,100,99864,100
2019-06-28 09:53:20.000000000,100367,169,100302,269,100418,169,100127,369,100492,169,100060,169,100493,169,100059,169,100592,169,100034,100,100642,100,99977,200,100720,100,99942,100,100756,100,99907,100,100780,100,99872,100,100790,100,99864,100
2019-06-28 09:53:24.924433706,100367,69,100302,269,100418,169,100127,369,100492,169,100060,169,100493,169,100059,169,100592,169,100034,100,100642,100,99977,200,100720,100,99942,100,100756,100,99907,100,100780,100,99872,100,100790,100,99864,100
2019-06-28 09:53:25.946348695,100367,69,100302,269,100418,169,100127,369,100492,169,100097,100,100493,169,100060,169,100592,169,100059,169,100642,100,100034,100,100720,100,99977,200,100756,100,99942,100,100780,100,99907,100,100790,100,99872,100
2019-06-28 09:53:29.139865278,100367,69,100302,269,100418,169,100255,100,100492,169,100127,369,100493,169,100097,100,100592,169,100060,169,100642,100,100059,169,100720,100,100034,100,100756,100,99977,200,100780,100,99942,100,100790,100,99907,100
2019-06-28 09:53:30.000000000,100418,186,100302,286,100492,186,100255,186,100493,186,100127,386,100592,186,100097,186,100642,100,100060,100,100720,100,100059,100,100756,100,100034,31,100780,100,99977,200,100790,100,99942,100,100824,100,99907,100
2019-06-28 09:53:30.874150253,100418,186,100302,286,100492,186,100255,186,100493,186,100163,100,100592,186,100127,386,100642,100,100097,186,100720,100,100060,100,100756,100,100059,100,100780,100,100034,31,100790,100,99977,200,100824,100,99942,100
2019-06-28 09:53:40.000000000,100418,169,100302,269,100492,169,100255,169,100493,169,100163,169,100592,169,100127,369,100642,169,100097,169,100720,100,100060,100,100756,100,100059,100,100780,100,100034,31,100790,100,99977,200,100824,100,99942,100
2019-06-28 09:53:45.098134686,100418,169,100302,269,100492,169,100255,169,100493,169,100203,100,100592,169,100163,169,100642,169,100127,369,100720,100,100097,169,100756,100,100060,100,100780,100,100059,100,100790,100,100034,31,100824,100,99977,200
2019-06-28 09:53:50.000000000,100418,169,100302,269,100492,169,100255,169,100493,169,100203,169,100592,169,100163,169,100642,169,100127,369,100720,100,100097,100,100756,100,100060,100,100780,100,100059,100,100790,100,100034,31,100824,100,99977,200
2019-06-28 09:53:54.724873999,100418,169,100302,269,100492,169,100255,169,100493,169,100248,100,100592,169,100203,169,100642,169,100163,169,100720,100,100127,369,100756,100,100097,100,100790,100,100060,100,100824,100,100059,100,100878,100,100034,31
2019-06-28 09:54:00.000000000,100418,272,100302,372,100492,272,100255,272,100493,100,100248,100,100592,100,100203,100,100642,100,100163,100,100720,100,100127,300,100756,100,100097,100,100790,100,100060,100,100824,100,100059,100,100878,100,100034,31
2019-06-28 09:54:01.185472598,100418,272,100302,372,100483,100,100255,272,100492,272,100248,100,100493,100,100203,100,100592,100,100163,100,100642,100,100127,300,100720,100,100097,100,100756,100,100060,100,100790,100,100059,100,100824,100,100034,31
2019-06-28 09:54:08.788801179,100418,272,100302,372,100483,100,100255,272,100492,272,100248,100,100493,100,100230,100,100592,100,100203,100,100642,100,100163,100,100720,100,100127,300,100756,100,100097,100,100790,100,100060,100,100824,100,100059,100
2019-06-28 09:54:10.000000000,100418,186,100302,286,100483,186,100255,186,100492,186,100248,186,100493,186,100230,186,100592,100,100203,100,100642,100,100163,100,100720,100,100127,300,100756,100,100097,100,100790,100,100060,100,100824,100,100059,100
2019-06-28 09:54:13.742162866,100483,186,100418,14,100492,186,100302,286,100493,186,100255,186,100592,100,100248,186,100642,100,100230,186,100720,100,100203,100,100756,100,100163,100,100790,100,100127,300,100824,100,100097,100,100878,100,100060,100
2019-06-28 09:54:20.000000000,100483,272,100418,186,100492,272,100302,372,100493,100,100255,100,100592,100,100248,100,100642,100,100230,100,100720,100,100203,100,100756,100,100163,100,100790,100,100127,300,100824,100,100097,100,100878,100,100060,100
2019-06-28 09:54:23.788606905,100483,272,100418,186,100492,272,100302,372,100493,100,100267,100,100592,100,100255,100,100642,100,100248,100,100720,100,100230,100,100756,100,100203,100,100790,100,100163,100,100824,100,100127,300,100878,100,100097,100
2019-06-28 09:54:30.000000000,100483,186,100418,100,100492,186,100302,286,100493,186,100267,186,100592,186,100255,186,100642,100,100248,100,100720,100,100230,100,100756,100,100203,100,100790,100,100163,100,100824,100,100127,300,100878,100,100097,100
2019-06-28 09:54:40.000000000,100483,272,100418,186,100492,272,100302,372,100493,100,100267,100,100592,100,100255,100,100642,100,100248,100,100720,100,100230,100,100756,100,100203,100,100790,100,100163,100,100824,100,100127,300,100878,100,100097,100
2019-06-28 09:54:50.000000000,100483,217,100418,131,100492,214,100302,314,100493,214,100267,214,100592,100,100255,100,100642,100,100248,100,100720,100,100230,100,100756,100,100203,100,100790,100,100163,100,100824,100,100127,300,100878,100,100097,100
2019-06-28 09:55:00.000000000,100483,272,100418,186,100492,272,100302,372,100493,100,100267,100,100592,100,100255,100,100642,100,100248,100,100720,100,100230,100,100756,100,100203,100,100790,100,100163,100,100824,100,100127,300,100878,100,100097,100
2019-06-28 09:55:10.000000000,100483,186,100418,100,100492,186,100302,286,100493,186,100267,186,100592,186,100255,186,100642,100,100248,100,100720,100,100230,100,100756,100,100203,100,100790,100,100163,100,100824,100,100127,300,100878,100,100097,100
2019-06-28 09:55:20.000000000,100483,272,100418,186,100492,272,100302,372,100493,100,100267,100,100592,100,100255,100,100642,100,100248,100,100720,100,100230,100,100756,100,100203,100,100790,100,100163,100,100824,100,100127,300,100878,100,100097,100
2019-06-28 09:55:30.000000000,100483,272,100418,186,100492,272,100302,372,100493,100,100267,100,100592,100,100255,100,100642,100,100248,100,100720,100,100230,100,100756,100,100203,100,100790,100,100163,100,100824,100,100127,300,100878,100,100097,100
2019-06-28 09:55:40.000000000,100483,272,100418,186,100492,272,100302,372,100493,100,100267,100,100592,100,100255,100,100642,100,100248,100,100720,100,100230,100,100756,100,100203,100,100790,100,100163,100,100824,100,100127,300,100878,100,100097,100
2019-06-28 09:55:50.000000000,100483,186,100418,100,100492,186,100302,286,100493,186,100267,186,100592,186,100255,186,100642,100,100248,100,100720,100,100230,100,100756,100,100203,100,100790,100,100163,100,100824,100,100127,300,100878,100,100097,100
2019-06-28 09:56:00.000000000,100483,217,100418,131,100492,214,100302,314,100493,214,100267,214,100592,100,100255,100,100642,100,100248,100,100720,100,100230,100,100756,100,100203,100,100790,100,100163,100,100824,100,100127,300,100878,100,100097,100
2019-06-28 09:56:10.000000000,100483,186,100418,100,100492,186,100302,286,100493,186,100267,186,100592,186,100255,186,100642,100,100248,100,100720,100,100230,100,100756,100,100203,100,100790,100,100163,100,100824,100,100127,300,100878,100,100097,100
2019-06-28 09:56:20.000000000,100483,272,100418,186,100492,272,100302,372,100493,100,100267,100,100592,100,100255,100,100642,100,100248,100,100720,100,100230,100,100756,100,100203,100,100790,100,100163,100,100824,100,100127,300,100878,100,100097,100
2019-06-28 09:56:30.000000000,100483,444,100418,358,100492,100,100302,200,100493,100,100267,100,100592,100,100255,100,100642,100,100248,100,100720,100,100230,100,100756,100,100203,100,100790,100,100163,100,100824,100,100127,300,100878,100,100097,100
2019-06-28 09:56:40.000000000,100483,217,100418,131,100492,214,100302,314,100493,214,100267,214,100592,100,100255,100,100642,100,100248,100,100720,100,100230,100,100756,100,100203,100,100790,100,100163,100,100824,100,100127,300,100878,100,100097,100
2019-06-28 09:56:50.000000000,100483,169,100418,83,100492,169,100302,269,100493,169,100267,169,100592,169,100255,169,100642,169,100248,169,100720,100,100230,100,100756,100,100203,100,100790,100,100163,100,100824,100,100127,300,100878,100,100097,100
2019-06-28 09:57:00.000000000,100483,186,100418,100,100492,186,100302,286,100493,186,100267,186,100592,186,100255,186,100642,100,100248,100,100720,100,100230,100,100756,100,100203,100,100790,100,100163,100,100824,100,100127,300,100878,100,100097,100
2019-06-28 09:57:10.000000000,100483,186,100418,100,100492,186,100302,286,100493,186,100267,186,100592,186,100255,186,100642,100,100248,100,100720,100,100230,100,100756,100,100203,100,100790,100,100163,100,100824,100,100127,300,100878,100,100097,100
2019-06-28 09:57:10.313761291,100483,186,100302,286,100492,186,100267,186,100493,186,100255,186,100592,186,100248,100,100642,100,100230,100,100720,100,100203,100,100790,100,100163,100,100824,100,100127,300,100878,100,100097,100,100920,100,100060,100
2019-06-28 09:57:20.000000000,100483,272,100302,372,100492,272,100267,272,100493,100,100255,100,100592,100,100248,100,100642,100,100230,100,100720,100,100203,100,100790,100,100163,100,100824,100,100127,300,100878,100,100097,100,100920,100,100060,100
2019-06-28 09:57:30.000000000,100483,186,100302,286,100492,186,100267,186,100493,186,100255,186,100592,186,100248,186,100642,100,100230,100,100720,100,100203,100,100790,100,100163,100,100824,100,100127,300,100878,100,100097,100,100920,100,100060,100
2019-06-28 09:57:35.103582429,100417,100,100302,286,100483,186,100267,186,100492,186,100255,186,100493,186,100248,186,100592,186,100230,100,100642,100,100203,100,100720,100,100163,100,100790,100,100127,300,100824,100,100097,100,100878,100,100060,100
2019-06-28 09:57:40.000000000,100417,272,100302,372,100483,272,100267,272,100492,100,100255,100,100493,100,100248,100,100592,100,100230,100,100642,100,100203,100,100720,100,100163,100,100790,100,100127,300,100824,100,100097,100,100878,100,100060,100
2019-06-28 09:57:50.000000000,100417,186,100302,286,100483,186,100267,186,100492,186,100255,186,100493,186,100248,186,100592,100,100230,100,100642,100,100203,100,100720,100,100163,100,100790,100,100127,300,100824,100,100097,100,100878,100,100060,100
2019-06-28 09:58:00.000000000,100417,217,100302,317,100483,214,100267,214,100492,214,100255,214,100493,100,100248,100,100592,100,100230,100,100642,100,100203,100,100720,100,100163,100,100790,100,100127,300,100824,100,100097,100,100878,100,100060,100
2019-06-28 09:58:10.000000000,100417,217,100302,317,100483,214,100267,214,100492,214,100255,214,100493,100,100248,100,100592,100,100230,100,100642,100,100203,100,100720,100,100163,100,100790,100,100127,300,100824,100,100097,100,100878,100,100060,100
2019-06-28 09:58:16.323660774,100417,217,100302,317,100483,214,100267,214,100492,214,100255,214,100493,100,100248,100,100592,100,100230,100,100642,100,100163,100,100720,100,100127,300,100790,100,100097,100,100824,100,100060,100,100878,100,100059,100
2019-06-28 09:58:20.000000000,100417,217,100302,317,100483,214,100267,214,100492,214,100255,214,100493,100,100248,100,100592,100,100230,100,100642,100,100163,100,100720,100,100127,300,100790,100,100097,100,100824,100,100060,100,100878,100,100059,100
2019-06-28 09:58:30.000000000,100417,272,100302,372,100483,272,100267,272,100492,100,100255,100,100493,100,100248,100,100592,100,100230,100,100642,100,100163,100,100720,100,100127,300,100790,100,100097,100,100824,100,100060,100,100878,100,100059,100
2019-06-28 09:58:31.226815101,100417,272,100302,272,100483,272,100267,272,100492,100,100255,100,100493,100,100248,100,100592,100,100230,100,100720,100,100163,100,100790,100,100127,300,100824,100,100097,100,100878,100,100060,100,100920,100,100059,100
2019-06-28 09:58:40.000000000,100417,444,100302,444,100483,100,100267,100,100492,100,100255,100,100493,100,100248,100,100592,100,100230,100,100720,100,100163,100,100790,100,100127,300,100824,100,100097,100,100878,100,100060,100,100920,100,100059,100
2019-06-28 09:58:50.000000000,100417,169,100302,169,100483,169,100267,169,100492,169,100255,169,100493,169,100248,169,100592,169,100230,169,100720,100,100163,100,100790,100,100127,300,100824,100,100097,100,100878,100,100060,100,100920,100,100059,100
2019-06-28 09:58:55.817302726,100417,169,100302,169,100483,169,100267,169,100492,169,100255,169,100493,169,100248,169,100592,169,100230,169,100720,100,100127,300,100790,100,100097,100,100824,100,100060,100,100878,100,100059,100,100920,100,100034,31
2019-06-28 09:59:00.000000000,100417,217,100302,217,100483,214,100267,214,100492,214,100255,214,100493,100,100248,100,100592,100,100230,100,100720,100,100127,300,100790,100,100097,100,100824,100,100060,100,100878,100,100059,100,100920,100,100034,31
2019-06-28 09:59:02.134802629,100416,100,100302,217,100417,217,100267,214,100483,214,100255,214,100492,214,100248,100,100493,100,100230,100,100592,100,100127,300,100720,100,100097,100,100790,100,100060,100,100824,100,100059,100,100878,100,100034,31
2019-06-28 09:59:10.000000000,100416,272,100302,272,100417,272,100267,272,100483,100,100255,100,100492,100,100248,100,100493,100,100230,100,100592,100,100127,300,100720,100,100097,100,100790,100,100060,100,100824,100,100059,100,100878,100,100034,31
2019-06-28 09:59:20.000000000,100416,169,100302,169,100417,169,100267,169,100483,169,100255,169,100492,169,100248,169,100493,169,100230,169,100592,100,100127,300,100720,100,100097,100,100790,100,100060,100,100824,100,100059,100,100878,100,100034,31
2019-06-28 09:59:27.479649906,100416,269,100302,169,100417,169,100267,169,100483,169,100255,169,100492,169,100248,169,100493,169,100230,169,100592,100,100127,300,100720,100,100097,100,100790,100,100060,100,100824,100,100059,100,100878,100,100034,31
2019-06-28 09:59:30.000000000,100416,372,100302,272,100417,272,100267,272,100483,100,100255,100,100492,100,100248,100,100493,100,100230,100,100592,100,100127,300,100720,100,100097,100,100790,100,100060,100,100824,100,100059,100,100878,100,100034,31
2019-06-28 09:59:32.846847366,100416,372,100302,272,100417,272,100267,272,100483,100,100255,100,100492,100,100248,100,100493,100,100230,100,100592,100,100127,300,100720,100,100097,100,100790,100,100060,100,100824,100,100059,100,100878,100,100034,31
2019-06-28 09:59:40.000000000,100416,372,100302,272,100417,272,100267,272,100483,100,100255,100,100492,100,100248,100,100493,100,100230,100,100592,100,100127,300,100720,100,100097,100,100790,100,100060,100,100824,100,100059,100,100878,100,100034,31
2019-06-28 09:59:41.244943420,100416,472,100302,272,100417,272,100267,272,100483,100,100255,100,100492,100,100248,100,100493,100,100230,100,100592,100,100127,300,100720,100,100097,100,100790,100,100060,100,100824,100,100059,100,100878,100,100034,31
2019-06-28 09:59:50.000000000,100416,472,100302,272,100417,272,100267,272,100483,100,100255,100,100492,100,100248,100,100493,100,100230,100,100592,100,100127,300,100720,100,100097,100,100790,100,100060,100,100824,100,100059,100,100878,100,100034,31
2019-06-28 09:59:57.532863654,100416,472,100302,272,100417,272,100267,272,100483,100,100248,100,100492,100,100230,100,100493,100,100127,300,100592,100,100097,100,100720,100,100060,100,100790,100,100059,100,100824,100,100034,31,100878,100,99977,200
2019-06-28 10:00:00.000000000,100416,417,100302,217,100417,214,100267,214,100483,214,100248,214,100492,100,100230,100,100493,100,100127,300,100592,100,100097,100,100720,100,100060,100,100790,100,100059,100,100824,100,100034,31,100878,100,99977,200
2019-06-28 10:00:10.000000000,100416,644,100302,444,100417,100,100267,100,100483,100,100248,100,100492,100,100230,100,100493,100,100127,300,100592,100,100097,100,100720,100,100060,100,100790,100,100059,100,100824,100,100034,31,100878,100,99977,200
2019-06-28 10:00:20.000000000,100416,644,100302,444,100417,100,100267,100,100483,100,100248,100,100492,100,100230,100,100493,100,100127,300,100592,100,100097,100,100720,100,100060,100,100790,100,100059,100,100824,100,100034,31,100878,100,99977,200
2019-06-28 10:00:30.000000000,100416,472,100302,272,100417,272,100267,272,100483,100,100248,100,100492,100,100230,100,100493,100,100127,300,100592,100,100097,100,100720,100,100060,100,100790,100,100059,100,100824,100,100034,31,100878,100,99977,200
2019-06-28 10:00:36.536482386,100416,472,100302,172,100417,272,100267,272,100483,100,100248,100,100492,100,100230,100,100493,100,100127,300,100592,100,100097,100,100720,100,100060,100,100790,100,100059,100,100824,100,99977,200,100878,100,99907,100
2019-06-28 10:00:40.000000000,100416,472,100267,272,100417,272,100248,272,100483,100,100230,100,100492,100,100127,300,100493,100,100097,100,100592,100,100060,100,100720,100,100059,100,100790,100,99977,200,100824,100,99907,100,100878,100,99872,100
2019-06-28 10:00:49.040310781,100302,100,100267,272,100416,472,100248,272,100417,272,100230,100,100483,100,100127,300,100492,100,100097,100,100493,100,100060,100,100592,100,100059,100,100720,100,99977,200,100790,100,99907,100,100824,100,99872,100
2019-06-28 10:00:49.731155082,100302,100,100267,272,100416,472,100248,272,100417,272,100230,100,100483,100,100127,300,100492,100,100097,100,100493,100,100060,100,100592,100,100059,100,100720,100,99977,200,100790,100,99907,100,100824,100,99872,100
2019-06-28 10:00:50.000000000,100302,186,100267,186,100416,386,100248,186,100417,186,100230,186,100483,186,100127,386,100492,100,100097,100,100493,100,100060,100,100592,100,100059,100,100720,100,99977,200,100790,100,99907,100,100824,100,99872,100
2019-06-28 10:00:51.638593561,100302,186,100267,186,100416,386,100248,186,100417,186,100230,186,100483,186,100127,386,100492,100,100097,100,100493,100,100060,100,100592,100,100059,100,100720,100,99977,200,100790,100,99907,100,100824,100,99872,100
2019-06-28 10:01:00.000000000,100302,169,100267,169,100416,369,100248,169,100417,169,100230,169,100483,169,100127,369,100492,169,100097,169,100493,100,100060,100,100592,100,100059,100,100720,100,99977,200,100790,100,99907,100,100824,100,99872,100
2019-06-28 10:01:03.340936987,100302,169,100267,169,100416,369,100248,169,100417,169,100230,169,100483,169,100127,269,100492,169,100097,169,100493,100,100060,100,100592,100,100059,100,100720,100,99977,200,100790,100,99907,100,100824,100,99872,100
2019-06-28 10:01:10.000000000,100302,272,100267,272,100416,472,100248,272,100417,100,100230,100,100483,100,100127,200,100492,100,100097,100,100493,100,100060,100,100592,100,100059,100,100720,100,99977,200,100790,100,99907,100,100824,100,99872,100
2019-06-28 10:01:10.547514047,100302,272,100267,272,100416,472,100248,172,100417,100,100230,100,100483,100,100127,200,100492,100,100097,100,100493,100,100060,100,100592,100,100059,100,100720,100,99977,200,100790,100,99907,100,100824,100,99887,100
2019-06-28 10:01:12.272268425,100302,272,100267,172,100416,472,100248,172,100417,100,100230,100,100483,100,100127,200,100492,100,100097,100,100493,100,100060,100,100592,100,100059,100,100720,100,99977,200,100790,100,99907,100,100824,100,99887,100
2019-06-28 10:01:18.902923136,100302,272,100267,172,100416,372,100248,172,100417,100,100230,100,100483,100,100127,200,100492,100,100097,100,100493,100,100060,100,100592,100,100059,100,100720,100,99977,200,100790,100,99907,100,100824,100,99887,100
2019-06-28 10:01:20.000000000,100302,169,100230,169,100416,269,100127,269,100417,169,100097,169,100483,169,100060,169,100492,169,100059,169,100493,100,99977,200,100592,100,99907,100,100720,100,99887,100,100790,100,99872,100,100824,100,99864,100
2019-06-28 10:01:30.000000000,100302,186,100230,186,100416,286,100127,286,100417,186,100097,186,100483,186,100060,186,100492,100,100059,100,100493,100,99977,200,100592,100,99907,100,100720,100,99887,100,100790,100,99872,100,100824,100,99864,100
2019-06-28 10:01:40.000000000,100302,217,100230,217,100416,314,100127,314,100417,214,100097,214,100483,100,100060,100,100492,100,100059,100,100493,100,99977,200,100592,100,99907,100,100720,100,99887,100,100790,100,99872,100,100824,100,99864,100
2019-06-28 10:01:44.267414619,100302,217,100230,217,100416,314,100127,314,100417,214,100097,214,100483,100,100060,100,100492,100,100059,100,100493,100,99995,100,100592,100,99977,200,100720,100,99907,100,100790,100,99887,100,100824,100,99872,100
2019-06-28 10:01:50.000000000,100302,169,100230,169,100416,269,100127,269,100417,169,100097,169,100483,169,100060,169,100492,169,100059,169,100493,100,99995,100,100592,100,99977,200,100720,100,99907,100,100790,100,99887,100,100824,100,99872,100
2019-06-28 10:02:00.000000000,100302,272,100230,272,100416,372,100127,372,100417,100,100097,100,100483,100,100060,100,100492,100,100059,100,100493,100,99995,100,100592,100,99977,200,100720,100,99907,100,100790,100,99887,100,100824,100,99872,100
2019-06-28 10:02:10.000000000,100302,444,100230,444,100416,200,100127,200,100417,100,100097,100,100483,100,100060,100,100492,100,100059,100,100493,100,99995,100,100592,100,99977,200,100720,100,99907,100,100790,100,99887,100,100824,100,99872,100
2019-06-28 10:02:20.000000000,100302,169,100230,169,100416,269,100127,269,100417,169,100097,169,100483,169,100060,169,100492,169,100059,169,100493,100,99995,100,100592,100,99977,200,100720,100,99907,100,100790,100,99887,100,100824,100,99872,100
2019-06-28 10:02:29.893188783,100302,169,100230,169,100416,269,100127,269,100417,169,100097,169,100483,169,100060,169,100492,169,100059,169,100493,100,99995,100,100592,100,99977,200,100720,100,99907,100,100790,100,99887,100,100824,100,99872,100
2019-06-28 10:02:30.000000000,100302,217,100230,217,100416,314,100127,314,100417,214,100097,214,100483,100,100060,100,100492,100,100059,100,100493,100,99995,100,100592,100,99977,200,100720,100,99907,100,100790,100,99887,100,100824,100,99872,100
2019-06-28 10:02:30.763698438,100302,217,100230,17,100416,314,100127,314,100417,214,100097,214,100483,100,100060,100,100492,100,100059,100,100493,100,99995,100,100592,100,99977,200,100720,100,99907,100,100790,100,99887,100,100824,100,99872,100
2019-06-28 10:02:40.000000000,100302,169,100127,269,100416,269,100097,169,100417,169,100060,169,100483,169,100059,169,100492,169,99995,169,100493,100,99977,200,100592,100,99907,100,100720,100,99887,100,100790,100,99872,100,100824,100,99864,100
2019-06-28 10:02:50.000000000,100302,169,100127,269,100416,269,100097,169,100417,169,100060,169,100483,169,100059,169,100492,169,99995,169,100493,100,99977,200,100592,100,99907,100,100720,100,99887,100,100790,100,99872,100,100824,100,99864,100
2019-06-28 10:03:00.000000000,100302,217,100127,317,100416,314,100097,214,100417,214,100060,214,100483,100,100059,100,100492,100,99995,100,100493,100,99977,200,100592,100,99907,100,100720,100,99887,100,100790,100,99872,100,100824,100,99864,100
2019-06-28 10:03:00.888161453,100302,217,100127,217,100416,314,100097,214,100417,214,100060,214,100483,100,100059,100,100492,100,99977,200,100493,100,99907,100,100592,100,99887,100,100720,100,99872,100,100790,100,99864,100,100824,100,99846,100
2019-06-28 10:03:10.000000000,100302,272,100127,272,100416,372,100097,272,100417,100,100060,100,100483,100,100059,100,100492,100,99977,200,100493,100,99907,100,100592,100,99887,100,100720,100,99872,100,100790,100,99864,100,100824,100,99846,100
2019-06-28 10:03:20.000000000,100302,217,100127,217,100416,314,100097,214,100417,214,100060,214,100483,100,100059,100,100492,100,99977,200,100493,100,99907,100,100592,100,99887,100,100720,100,99872,100,100790,100,99864,100,100824,100,99846,100
2019-06-28 10:03:22.882085151,100302,217,100127,217,100416,314,100097,214,100417,214,100060,214,100483,100,100059,100,100492,100,100055,100,100493,100,99977,200,100592,100,99907,100,100720,100,99887,100,100790,100,99872,100,100824,100,99864,100
2019-06-28 10:03:26.061136637,100302,217,100127,117,100416,314,100097,214,100417,214,100060,214,100483,100,100059,100,100492,100,100055,100,100493,100,99977,200,100592,100,99907,100,100720,100,99887,100,100790,100,99872,100,100824,100,99864,100
2019-06-28 10:03:30.000000000,100302,169,100097,169,100416,269,100060,169,100417,169,100059,169,100483,169,100055,169,100492,169,99977,269,100493,100,99907,100,100592,100,99887,100,100720,100,99872,100,100790,100,99864,100,100824,100,99846,100
2019-06-28 10:03:40.000000000,100302,272,100097,272,100416,372,100060,272,100417,100,100059,100,100483,100,100055,100,100492,100,99977,200,100493,100,99907,100,100592,100,99887,100,100720,100,99872,100,100790,100,99864,100,100824,100,99846,100
2019-06-28 10:03:50.000000000,100302,444,100097,444,100416,200,100060,100,100417,100,100059,100,100483,100,100055,100,100492,100,99977,200,100493,100,99907,100,100592,100,99887,100,100720,100,99872,100,100790,100,99864,100,100824,100,99846,100
2019-06-28 10:03:54.675259836,100302,444,100097,444,100416,200,100060,100,100417,100,100059,100,100483,100,100055,100,100492,100,99977,200,100493,100,99907,100,100592,100,99887,100,100624,100,99872,100,100720,100,99864,100,100790,100,99846,100
2019-06-28 10:03:58.120427588,100302,444,100128,100,100416,200,100097,444,100483,100,100060,100,100492,100,100059,100,100493,100,100055,100,100592,100,99977,200,100624,100,99907,100,100720,100,99887,100,100790,100,99872,100,100824,100,99864,100
2019-06-28 10:04:00.000000000,100302,217,100128,217,100416,314,100097,214,100483,214,100060,214,100492,100,100059,100,100493,100,100055,100,100592,100,99977,200,100624,100,99907,100,100720,100,99887,100,100790,100,99872,100,100824,100,99864,100
2019-06-28 10:04:03.108547708,100302,217,100238,100,100416,314,100128,217,100483,214,100097,214,100492,100,100060,214,100493,100,100059,100,100592,100,100055,100,100624,100,99977,200,100720,100,99907,100,100790,100,99872,100,100824,100,99864,100
2019-06-28 10:04:06.608180804,100302,217,100238,100,100410,100,100128,217,100416,314,100097,214,100483,214,100060,214,100492,100,100059,100,100493,100,100055,100,100592,100,99977,200,100624,100,99907,100,100790,100,99872,100,100824,100,99864,100
2019-06-28 10:04:10.000000000,100302,272,100238,272,100410,272,100128,272,100416,200,100097,100,100483,100,100060,100,100492,100,100059,100,100493,100,100055,100,100592,100,99977,200,100624,100,99907,100,100790,100,99872,100,100824,100,99864,100
2019-06-28 10:04:20.000000000,100302,186,100238,186,100410,186,100128,186,100416,286,100097,186,100483,186,100060,186,100492,100,100059,100,100493,100,100055,100,100592,100,99977,200,100624,100,99907,100,100790,100,99872,100,100824,100,99864,100
2019-06-28 10:04:30.000000000,100302,186,100238,186,100410,186,100128,186,100416,286,100097,186,100483,186,100060,186,100492,100,100059,100,100493,100,100055,100,100592,100,99977,200,100624,100,99907,100,100790,100,99872,100,100824,100,99864,100
2019-06-28 10:04:40.000000000,100302,272,100238,272,100410,272,100128,272,100416,200,100097,100,100483,100,100060,100,100492,100,100059,100,100493,100,100055,100,100592,100,99977,200,100624,100,99907,100,100790,100,99872,100,100824,100,99864,100
2019-06-28 10:04:45.772185254,100302,272,100238,272,100410,272,100128,272,100416,200,100097,100,100483,100,100060,100,100492,100,100059,100,100493,100,100055,100,100529,100,99977,200,100592,100,99907,100,100624,100,99872,100,100790,100,99864,100
2019-06-28 10:04:50.000000000,100302,169,100238,169,100410,169,100128,169,100416,269,100097,169,100483,169,100060,169,100492,169,100059,169,100493,100,100055,100,100529,100,99977,200,100592,100,99907,100,100624,100,99872,100,100790,100,99864,100
2019-06-28 10:04:52.472947412,100302,169,100238,169,100410,169,100128,269,100416,269,100097,169,100483,169,100060,169,100492,169,100059,169,100493,100,100055,100,100529,100,99977,200,100592,100,99907,100,100624,100,99872,100,100790,100,99864,100
2019-06-28 10:04:53.372729696,100302,169,100238,169,100410,169,100128,269,100416,269,100097,169,100483,169,100060,169,100492,169,100059,169,100493,100,100055,100,100529,100,99977,100,100592,100,99907,100,100624,100,99872,100,100639,100,99864,100
2019-06-28 10:05:00.000000000,100302,217,100238,217,100410,214,100128,314,100416,314,100097,214,100483,100,100060,100,100492,100,100059,100,100493,100,100055,100,100529,100,99977,100,100592,100,99907,100,100624,100,99872,100,100639,100,99864,100
2019-06-28 10:05:10.000000000,100302,444,100238,444,100410,100,100128,200,100416,200,100097,100,100483,100,100060,100,100492,100,100059,100,100493,100,100055,100,100529,100,99977,100,100592,100,99907,100,100624,100,99872,100,100639,100,99864,100
2019-06-28 10:05:13.010726799,100302,444,100238,444,100410,100,100128,300,100416,200,100097,100,100483,100,100060,100,100492,100,100059,100,100493,100,100055,100,100529,100,99977,100,100592,100,99907,100,100624,100,99872,100,100639,100,99864,100
2019-06-28 10:05:20.000000000,100302,272,100238,272,100410,272,100128,472,100416,200,100097,100,100483,100,100060,100,100492,100,100059,100,100493,100,100055,100,100529,100,99977,100,100592,100,99907,100,100624,100,99872,100,100639,100,99864,100
2019-06-28 10:05:28.517005707,100302,172,100238,272,100410,272,100128,472,100416,200,100097,100,100483,100,100060,100,100492,100,100059,100,100493,100,100055,100,100529,100,99977,100,100592,100,99907,100,100624,100,99872,100,100639,100,99864,100
2019-06-28 10:05:30.000000000,100410,272,100238,272,100416,372,100128,472,100483,100,100097,100,100492,100,100060,100,100493,100,100059,100,100529,100,100055,100,100592,100,99977,100,100624,100,99907,100,100639,100,99872,100,100790,100,99864,100
2019-06-28 10:05:40.000000000,100410,186,100238,186,100416,286,100128,386,100483,186,100097,186,100492,186,100060,186,100493,100,100059,100,100529,100,100055,100,100592,100,99977,100,100624,100,99907,100,100639,100,99872,100,100790,100,99864,100
2019-06-28 10:05:47.844978388,100410,86,100238,186,100416,286,100128,386,100483,186,100097,186,100492,186,100060,186,100493,100,100059,100,100529,100,99977,100,100592,100,99907,100,100624,100,99872,100,100639,100,99864,100,100790,100,99846,100
2019-06-28 10:05:48.624864058,100410,86,100238,186,100416,286,100128,386,100483,186,100097,186,100492,186,100060,186,100493,100,100059,100,100529,100,99977,100,100592,100,99907,100,100624,100,99872,100,100639,100,99864,100,100707,100,99846,100
2019-06-28 10:05:49.392872603,100301,100,100238,186,100410,86,100128,386,100416,286,100097,186,100483,186,100060,186,100492,186,100059,100,100493,100,99977,100,100529,100,99907,100,100592,100,99872,100,100624,100,99864,100,100639,100,99846,100
2019-06-28 10:05:50.000000000,100301,186,100238,186,100416,286,100128,386,100483,186,100097,186,100492,186,100060,186,100493,100,100059,100,100529,100,99977,100,100592,100,99907,100,100624,100,99872,100,100639,100,99864,100,100707,100,99846,100
2019-06-28 10:06:00.000000000,100301,169,100238,169,100416,269,100128,369,100483,169,100097,169,100492,169,100060,169,100493,169,100059,169,100529,100,99977,100,100592,100,99907,100,100624,100,99872,100,100639,100,99864,100,100707,100,99846,100
2019-06-28 10:06:03.434245225,100301,169,100238,169,100409,100,100128,369,100416,269,100097,169,100483,169,100060,169,100492,169,100059,169,100493,169,99977,100,100529,100,99907,100,100592,100,99872,100,100624,100,99864,100,100639,100,99846,100
2019-06-28 10:06:10.000000000,100301,217,100238,217,100409,214,100128,414,100416,314,100097,214,100483,100,100060,100,100492,100,100059,100,100493,100,99977,100,100529,100,99907,100,100592,100,99872,100,100624,100,99864,100,100639,100,99846,100
2019-06-28 10:06:20.000000000,100301,272,100238,272,100409,272,100128,472,100416,200,100097,100,100483,100,100060,100,100492,100,100059,100,100493,100,99977,100,100529,100,99907,100,100592,100,99872,100,100624,100,99864,100,100639,100,99846,100
2019-06-28 10:06:30.000000000,100301,444,100238,444,100409,100,100128,300,100416,200,100097,100,100483,100,100060,100,100492,100,100059,100,100493,100,99977,100,100529,100,99907,100,100592,100,99872,100,100624,100,99864,100,100639,100,99846,100
2019-06-28 10:06:30.483418330,100301,444,100248,100,100409,100,100238,444,100416,200,100128,300,100483,100,100097,100,100492,100,100060,100,100493,100,100059,100,100529,100,99977,100,100592,100,99907,100,100624,100,99872,100,100639,100,99864,100
2019-06-28 10:06:33.776449647,100301,544,100248,100,100409,100,100238,444,100416,200,100128,200,100483,100,100097,100,100492,100,100060,100,100493,100,100059,100,100529,100,99977,100,100592,100,99907,100,100624,100,99872,100,100639,100,99864,100
2019-06-28 10:06:34.755940771,100301,644,100248,100,100409,100,100238,444,100416,200,100128,200,100483,100,100097,100,100492,100,100060,100,100493,100,100059,100,100529,100,99977,100,100592,100,99907,100,100624,100,99872,100,100639,100,99864,100
2019-06-28 10:06:37.884139856,100301,644,100248,100,100409,200,100238,444,100416,200,100128,200,100483,100,100097,100,100492,100,100060,100,100493,100,100059,100,100529,100,99977,100,100592,100,99907,100,100624,100,99872,100,100639,100,99864,100
2019-06-28 10:06:40.000000000,100301,386,100248,186,100409,286,100238,186,100416,286,100128,286,100483,186,100097,186,100492,100,100060,100,100493,100,100059,100,100529,100,99977,100,100592,100,99907,100,100624,100,99872,100,100639,100,99864,100
2019-06-28 10:06:45.112700276,100301,486,100248,186,100409,286,100238,186,100416,286,100128,286,100483,186,100097,186,100492,100,100060,100,100493,100,100059,100,100529,100,99977,100,100592,100,99907,100,100624,100,99872,100,100639,100,99864,100
2019-06-28 10:06:50.000000000,100301,469,100248,169,100409,269,100238,169,100416,269,100128,269,100483,169,100097,169,100492,169,100060,169,100493,100,100059,100,100529,100,99977,100,100592,100,99907,100,100624,100,99872,100,100639,100,99864,100
2019-06-28 10:07:00.000000000,100301,469,100248,169,100409,269,100238,169,100416,269,100128,269,100483,169,100097,169,100492,169,100060,169,100493,100,100059,100,100529,100,99977,100,100592,100,99907,100,100624,100,99872,100,100639,100,99864,100
2019-06-28 10:07:10.000000000,100301,744,100248,444,100409,200,100238,100,100416,200,100128,200,100483,100,100097,100,100492,100,100060,100,100493,100,100059,100,100529,100,99977,100,100592,100,99907,100,100624,100,99872,100,100639,100,99864,100
