,ask_price_1,ask_size_1,bid_price_1,bid_size_1,ask_price_2,ask_size_2,bid_price_2,bid_size_2,ask_price_3,ask_size_3,bid_price_3,bid_size_3,ask_price_4,ask_size_4,bid_price_4,bid_size_4,ask_price_5,ask_size_5,bid_price_5,bid_size_5,ask_price_6,ask_size_6,bid_price_6,bid_size_6,ask_price_7,ask_size_7,bid_price_7,bid_size_7,ask_price_8,ask_size_8,bid_price_8,bid_size_8,ask_price_9,ask_size_9,bid_price_9,bid_size_9,ask_price_10,ask_size_10,bid_price_10,bid_size_10
2019-06-28 09:30:00.000000001,,,99971,100,,,99927,100,,,,,,,,,,,,,,,,,,,,,,,,,,,,,,,,
2019-06-28 09:30:00.000000002,100016,100,99971,100,,,99927,100,,,,,,,,,,,,,,,,,,,,,,,,,,,,,,,,
2019-06-28 09:30:00.000000003,100016,100,100012,100,,,99971,100,,,99927,100,,,,,,,,,,,,,,,,,,,,,,,,,,,,
2019-06-28 09:30:00.000000005,100016,100,100012,100,100074,100,99971,100,,,99927,100,,,,,,,,,,,,,,,,,,,,,,,,,,,,
2019-06-28 09:30:00.000000008,100016,100,100012,100,100074,100,99971,200,,,99927,100,,,,,,,,,,,,,,,,,,,,,,,,,,,,
2019-06-28 09:30:00.000000010,100016,100,100012,100,100074,100,99971,200,,,99957,100,,,99927,100,,,,,,,,,,,,,,,,,,,,,,,,
2019-06-28 09:30:00.000000013,100016,100,100012,100,100037,100,99971,200,100074,100,99957,100,,,99927,100,,,,,,,,,,,,,,,,,,,,,,,,
2019-06-28 09:30:00.000000014,100016,100,100012,100,100037,100,99971,200,100074,100,99957,100,100146,100,99927,100,,,,,,,,,,,,,,,,,,,,,,,,
2019-06-28 09:30:00.000000015,100016,100,100012,100,100037,200,99971,200,100074,100,99957,100,100146,100,99927,100,,,,,,,,,,,,,,,,,,,,,,,,
2019-06-28 09:30:00.000000017,100016,100,99971,200,100037,200,99957,100,100074,100,99927,100,100146,100,,,,,,,,,,,,,,,,,,,,,,,,,,
2019-06-28 09:30:00.000000019,100016,100,99971,200,100037,200,99957,100,100074,100,99929,100,100146,100,99927,100,,,,,,,,,,,,,,,,,,,,,,,,
2019-06-28 09:30:00.000000021,100016,100,99971,200,100037,200,99957,100,100074,100,99929,100,100146,100,99927,100,100191,100,,,,,,,,,,,,,,,,,,,,,,
2019-06-28 09:30:00.000000025,100016,100,99971,200,100037,200,99957,100,100074,100,99949,100,100146,100,99929,100,100191,100,99927,100,,,,,,,,,,,,,,,,,,,,
2019-06-28 09:30:00.000000026,100016,100,99971,200,100037,200,99958,100,100074,100,99957,100,100146,100,99949,100,100191,100,99929,100,,,99927,100,,,,,,,,,,,,,,,,
2019-06-28 09:30:00.000000029,100016,100,99971,200,100037,200,99958,100,100063,100,99957,100,100074,100,99949,100,100146,100,99929,100,100191,100,99927,100,,,,,,,,,,,,,,,,
2019-06-28 09:30:00.000000031,100016,100,99981,100,100037,200,99971,200,100063,100,99958,100,100074,100,99957,100,100146,100,99949,100,100171,100,99929,100,100191,100,99927,100,,,,,,,,,,,,
2019-06-28 09:30:00.000000032,100016,100,99981,100,100037,200,99971,200,100063,100,99958,100,100074,100,99957,100,100103,100,99949,100,100146,100,99929,100,100171,100,99927,100,100191,100,99920,100,,,,,,,,
2019-06-28 09:30:00.000000034,100016,100,99981,100,100037,200,99971,200,100055,100,99958,100,100063,100,99957,100,100074,100,99949,100,100103,100,99929,100,100146,100,99927,100,100171,100,99920,100,100191,100,,,,,,
2019-06-28 09:30:00.000000037,100016,100,99981,100,100037,200,99971,200,100055,100,99958,100,100063,100,99957,100,100074,100,99949,100,100089,100,99929,200,100103,100,99927,100,100146,100,99920,100,100171,100,,,100191,100,,
2019-06-28 09:30:00.000000038,100016,100,99981,100,100037,200,99971,200,100044,100,99958,100,100055,100,99957,100,100063,100,99949,100,100074,100,99929,200,100089,100,99927,100,100103,100,99920,100,100146,100,,,100171,100,,
2019-06-28 09:30:00.000000039,100016,100,100003,100,100037,200,99981,100,100044,100,99971,200,100055,100,99958,100,100063,100,99957,100,100074,100,99949,100,100089,100,99929,200,100103,100,99927,100,100146,100,99920,100,100171,100,,
2019-06-28 09:30:00.000000042,100016,100,99981,100,100037,200,99971,200,100044,100,99958,100,100055,100,99957,100,100063,100,99949,100,100074,100,99929,200,100089,100,99927,100,100103,100,99920,100,100105,100,,,100146,100,,
2019-06-28 09:30:00.000000043,100012,100,99981,100,100016,100,99971,200,100037,200,99958,100,100044,100,99957,100,100055,100,99949,100,100063,100,99929,200,100074,100,99927,100,100089,100,99920,100,100103,100,,,100105,100,,
2019-06-28 09:30:00.000000044,100012,200,99981,100,100016,100,99971,200,100037,200,99958,100,100044,100,99957,100,100055,100,99949,100,100063,100,99929,200,100074,100,99927,100,100089,100,99920,100,100103,100,,,100105,100,,
2019-06-28 09:30:00.000000045,100012,200,99971,100,100016,100,99958,100,100037,200,99957,100,100044,100,99949,100,100055,100,99929,200,100063,100,99927,100,100074,100,99920,100,100089,100,,,100103,100,,,100105,100,,
2019-06-28 09:30:00.000000049,99989,100,99971,100,100012,200,99958,100,100016,100,99957,100,100037,200,99954,100,100044,100,99949,100,100055,100,99929,200,100063,100,99927,100,100074,100,99920,100,100089,100,,,100103,100,,
2019-06-28 09:30:00.000000050,99989,100,99971,100,100012,200,99958,100,100016,100,99957,100,100037,200,99954,100,100044,100,99949,100,100055,100,99929,200,100063,100,99927,100,100074,100,99920,100,100089,100,99903,100,100103,100,,
2019-06-28 09:30:00.000000053,99989,100,99971,100,100009,100,99958,100,100012,200,99957,100,100016,100,99954,100,100037,200,99949,100,100044,100,99929,200,100055,100,99927,100,100063,100,99920,100,100074,100,99903,100,100089,100,,
2019-06-28 09:30:00.000000054,99989,100,99971,100,100009,100,99958,100,100012,200,99957,100,100016,100,99954,100,100037,200,99949,100,100040,100,99929,200,100044,100,99927,100,100055,100,99920,100,100063,100,99903,100,100074,100,,
2019-06-28 09:30:00.000000056,100009,100,99971,200,100012,200,99958,100,100016,100,99957,100,100037,200,99954,100,100040,100,99949,100,100044,100,99929,200,100055,100,99927,100,100063,100,99920,100,100074,100,99903,100,100089,100,,
2019-06-28 09:30:00.000000057,100009,100,99971,200,100012,200,99961,100,100016,100,99958,100,100037,200,99957,100,100040,100,99954,100,100044,100,99949,100,100055,100,99929,200,100063,100,99927,100,100074,100,99920,100,100089,100,99903,100
2019-06-28 09:30:00.000000058,100009,100,99971,300,100012,200,99961,100,100016,100,99958,100,100037,200,99957,100,100040,100,99954,100,100044,100,99949,100,100055,100,99929,200,100063,100,99927,100,100074,100,99920,100,100089,100,99903,100
2019-06-28 09:30:00.000000061,100012,200,99971,300,100016,100,99961,100,100037,200,99958,100,100040,100,99957,100,100044,100,99954,100,100055,100,99949,100,100063,100,99929,200,100074,100,99927,100,100089,100,99920,100,100103,100,99903,100
2019-06-28 09:30:00.000000063,100012,200,99971,300,100016,100,99961,100,100025,100,99958,100,100037,200,99957,100,100040,100,99954,100,100044,100,99949,100,100055,100,99929,200,100063,100,99927,100,100074,100,99920,100,100089,100,99903,100
2019-06-28 09:30:00.000000066,100009,100,99971,300,100012,200,99961,100,100016,100,99958,100,100025,100,99957,100,100037,200,99954,100,100040,100,99949,100,100044,100,99929,200,100055,100,99927,100,100063,100,99920,100,100074,100,99903,100
2019-06-28 09:30:00.000000069,100009,100,99971,300,100012,200,99961,100,100016,100,99958,100,100025,100,99957,100,100037,200,99954,100,100040,100,99949,200,100044,100,99929,200,100055,100,99927,100,100063,100,99920,100,100074,100,99919,100
2019-06-28 09:30:00.000000071,100009,100,99971,300,100012,200,99961,100,100015,100,99958,100,100016,100,99957,100,100025,100,99954,100,100037,200,99949,200,100040,100,99929,200,100044,100,99927,100,100055,100,99920,100,100063,100,99919,100
2019-06-28 09:30:00.000000074,100009,100,99998,100,100012,200,99971,300,100015,100,99961,100,100016,100,99958,100,100025,100,99957,100,100037,200,99954,100,100040,100,99949,200,100044,100,99942,100,100055,100,99929,200,100063,100,99927,100
2019-06-28 09:30:00.000000075,100009,100,99998,100,100012,200,99971,300,100015,100,99961,100,100016,100,99958,100,100025,100,99957,100,100037,200,99954,100,100040,100,99949,200,100044,100,99942,100,100055,100,99929,200,100063,100,99927,100
2019-06-28 09:30:00.000000077,100009,100,99998,100,100012,200,99971,300,100015,100,99961,100,100016,100,99958,100,100025,100,99957,100,100037,200,99954,100,100040,100,99949,200,100044,100,99942,100,100055,100,99929,200,100056,100,99927,100
2019-06-28 09:30:00.000000078,100009,100,99998,100,100012,200,99971,300,100015,100,99961,100,100016,100,99958,100,100025,100,99957,100,100037,200,99954,100,100040,100,99949,200,100044,100,99942,100,100055,100,99929,200,100056,100,99927,100
2019-06-28 09:30:00.000000079,100009,100,99971,300,100012,200,99961,100,100015,100,99958,100,100016,100,99957,100,100025,100,99954,100,100037,200,99949,200,100040,100,99942,100,100044,100,99929,200,100055,100,99927,100,100056,100,99920,100
2019-06-28 09:30:00.000000080,100009,100,99971,300,100012,200,99961,100,100015,100,99958,100,100016,100,99957,100,100025,100,99954,100,100037,200,99949,200,100040,100,99948,100,100044,100,99942,100,100055,100,99929,200,100056,100,99927,100
2019-06-28 09:30:00.000000082,100009,100,99971,300,100012,200,99961,100,100015,100,99958,100,100016,100,99957,100,100025,100,99954,100,100037,200,99949,200,100040,100,99948,100,100044,100,99942,100,100055,100,99929,200,100056,100,99927,100
2019-06-28 09:30:00.000000083,100009,100,99971,300,100012,200,99961,100,100015,100,99958,100,100016,100,99957,100,100025,100,99954,100,100037,200,99949,200,100040,100,99948,100,100044,100,99942,100,100055,100,99929,200,100056,100,99927,100
2019-06-28 09:30:00.000000085,100012,200,99971,300,100015,100,99961,100,100016,100,99958,100,100025,100,99957,100,100037,200,99954,100,100040,100,99949,200,100044,100,99948,100,100055,100,99942,100,100056,100,99929,200,100063,100,99927,100
2019-06-28 09:30:00.000000086,100012,200,99971,300,100015,100,99961,100,100016,100,99958,100,100025,100,99957,100,100037,200,99954,100,100040,100,99949,200,100044,100,99948,100,100055,100,99942,100,100056,100,99929,200,100063,100,99927,100
2019-06-28 09:30:00.000000087,100009,100,99971,300,100012,200,99961,100,100015,100,99958,100,100016,100,99957,100,100025,100,99954,100,100037,200,99949,200,100040,100,99948,100,100044,100,99942,100,100055,100,99929,200,100056,100,99927,100
2019-06-28 09:30:00.000000088,100009,100,99997,100,100012,200,99971,300,100015,100,99961,100,100016,100,99958,100,100025,100,99957,100,100037,200,99954,100,100040,100,99949,200,100044,100,99948,100,100055,100,99942,100,100056,100,99929,200
2019-06-28 09:30:00.000000089,100009,100,99997,100,100012,200,99971,300,100015,100,99961,100,100016,100,99958,100,100025,100,99957,100,100037,200,99954,100,100040,100,99949,200,100044,100,99948,100,100055,100,99942,100,100056,100,99929,200
2019-06-28 09:30:00.000000090,100009,200,99997,100,100012,200,99971,300,100015,100,99961,100,100016,100,99958,100,100025,100,99957,100,100037,200,99954,100,100040,100,99949,200,100044,100,99948,100,100055,100,99942,100,100056,100,99929,200
2019-06-28 09:30:00.000000093,100009,200,99997,100,100012,200,99971,300,100015,100,99961,100,100016,100,99958,100,100025,100,99957,100,100037,200,99954,100,100040,100,99949,200,100044,100,99948,100,100055,100,99942,100,100056,100,99929,200
2019-06-28 09:30:00.000000099,100009,300,99997,100,100012,200,99971,300,100015,100,99961,100,100016,100,99958,100,100025,100,99957,100,100037,200,99954,100,100040,100,99949,200,100044,100,99948,100,100055,100,99942,100,100056,100,99929,200
2019-06-28 09:30:03.379677598,100009,400,99997,100,100012,200,99971,300,100015,100,99961,100,100016,100,99958,100,100025,100,99957,100,100037,200,99954,100,100040,100,99949,200,100044,100,99948,100,100055,100,99942,100,100056,100,99929,200
2019-06-28 09:30:07.197017587,100009,400,99997,100,100012,200,99971,300,100015,100,99961,100,100016,100,99957,100,100025,100,99954,100,100037,200,99949,200,100040,100,99948,100,100044,100,99942,100,100055,100,99933,100,100056,100,99929,200
2019-06-28 09:30:07.618030429,100009,400,99997,100,100012,200,99993,100,100016,100,99971,300,100025,100,99961,100,100037,200,99957,100,100040,100,99954,100,100044,100,99949,200,100055,100,99948,100,100056,100,99942,100,100063,100,99933,100
2019-06-28 09:30:10.000000000,100009,560,99997,260,100012,360,99993,260,100016,100,99971,300,100025,100,99961,100,100037,200,99957,100,100040,100,99954,100,100044,100,99949,200,100055,100,99948,100,100056,100,99942,100,100063,100,99933,100
2019-06-28 09:30:16.254179691,100009,560,99997,160,100012,360,99993,260,100016,100,99971,300,100025,100,99961,100,100037,200,99957,100,100040,100,99954,100,100044,100,99949,200,100055,100,99948,100,100056,100,99942,100,100063,100,99933,100
2019-06-28 09:30:20.000000000,100009,480,99993,180,100012,280,99971,380,100016,180,99961,180,100025,180,99957,180,100037,200,99954,100,100040,100,99949,200,100044,100,99948,100,100055,100,99942,100,100056,100,99933,100,100063,100,99929,200
2019-06-28 09:30:23.035251828,100009,380,99993,180,100012,280,99971,380,100016,180,99961,180,100025,180,99957,180,100037,200,99954,100,100040,100,99949,200,100044,100,99948,100,100055,100,99942,100,100056,100,99933,100,100063,100,99929,200
2019-06-28 09:30:30.000000000,100009,620,99993,420,100012,200,99971,300,100016,100,99961,100,100025,100,99957,100,100037,200,99954,100,100040,100,99949,200,100044,100,99948,100,100055,100,99942,100,100056,100,99933,100,100063,100,99929,200
2019-06-28 09:30:31.889557212,100009,620,99993,420,100012,200,99971,300,100016,100,99961,100,100025,100,99957,100,100037,200,99954,100,100040,100,99949,200,100044,100,99948,100,100055,100,99942,100,100056,100,99933,100,100063,100,99929,200
2019-06-28 09:30:38.344722390,100009,620,99993,420,100012,200,99971,300,100016,100,99961,100,100037,200,99957,100,100040,100,99954,100,100044,100,99949,200,100055,100,99948,100,100056,100,99942,100,100063,100,99933,100,100066,100,99929,200
2019-06-28 09:30:40.000000000,100009,620,99993,420,100012,200,99971,300,100016,100,99961,100,100037,200,99957,100,100040,100,99954,100,100044,100,99949,200,100055,100,99948,100,100056,100,99942,100,100063,100,99933,100,100066,100,99929,200
2019-06-28 09:30:42.035555111,100009,620,99993,420,100012,200,99971,300,100016,100,99961,100,100035,100,99957,100,100037,200,99954,100,100040,100,99949,200,100044,100,99948,100,100055,100,99942,100,100056,100,99933,100,100063,100,99929,200
2019-06-28 09:30:50.000000000,100009,409,99993,209,100012,306,99971,406,100016,206,99961,206,100035,100,99957,100,100037,200,99954,100,100040,100,99949,200,100044,100,99948,100,100055,100,99942,100,100056,100,99933,100,100063,100,99929,200
2019-06-28 09:30:59.952642176,100008,100,99993,209,100009,409,99971,406,100012,306,99961,206,100016,206,99957,100,100035,100,99954,100,100037,200,99949,200,100040,100,99948,100,100044,100,99942,100,100055,100,99933,100,100056,100,99929,200
2019-06-28 09:31:00.000000000,100008,164,99993,164,100009,364,99971,364,100012,264,99961,164,100016,164,99957,164,100035,164,99954,164,100037,200,99949,200,100040,100,99948,100,100044,100,99942,100,100055,100,99933,100,100056,100,99929,200
2019-06-28 09:31:10.000000000,100008,420,99993,420,100009,300,99971,300,100012,200,99961,100,100016,100,99957,100,100035,100,99954,100,100037,200,99949,200,100040,100,99948,100,100044,100,99942,100,100055,100,99933,100,100056,100,99929,200
2019-06-28 09:31:20.000000000,100008,164,99993,164,100009,364,99971,364,100012,264,99961,164,100016,164,99957,164,100035,164,99954,164,100037,200,99949,200,100040,100,99948,100,100044,100,99942,100,100055,100,99933,100,100056,100,99929,200
2019-06-28 09:31:24.583120653,100008,164,99993,64,100009,264,99971,364,100012,264,99961,164,100016,164,99957,164,100035,164,99954,164,100037,200,99949,200,100040,100,99948,100,100044,100,99942,100,100055,100,99933,100,100056,100,99929,200
2019-06-28 09:31:30.000000000,100008,260,99971,460,100009,360,99961,260,100012,200,99957,100,100016,100,99954,100,100035,100,99949,200,100037,200,99948,100,100040,100,99942,100,100044,100,99933,100,100055,100,99929,200,100056,100,99927,100
2019-06-28 09:31:40.000000000,100008,180,99971,380,100009,280,99961,180,100012,280,99957,180,100016,180,99954,180,100035,100,99949,200,100037,200,99948,100,100040,100,99942,100,100044,100,99933,100,100055,100,99929,200,100056,100,99927,100
2019-06-28 09:31:50.000000000,100008,209,99971,409,100009,306,99961,206,100012,306,99957,206,100016,100,99954,100,100035,100,99949,200,100037,200,99948,100,100040,100,99942,100,100044,100,99933,100,100055,100,99929,200,100056,100,99927,100
2019-06-28 09:31:57.533706505,100007,100,99971,409,100008,209,99961,206,100009,306,99957,206,100012,306,99954,100,100016,100,99949,200,100035,100,99948,100,100037,200,99942,100,100040,100,99933,100,100044,100,99929,200,100055,100,99927,100
2019-06-28 09:32:00.000000000,100007,164,99971,364,100008,164,99961,164,100009,264,99957,164,100012,264,99954,164,100016,164,99949,264,100035,100,99948,100,100037,200,99942,100,100040,100,99933,100,100044,100,99929,200,100055,100,99927,100
2019-06-28 09:32:08.185037983,100007,164,99971,364,100008,164,99961,164,100009,264,99957,164,100012,264,99954,164,100016,164,99949,264,100035,100,99948,100,100037,200,99942,100,100040,100,99929,200,100044,100,99927,100,100055,100,99920,100
2019-06-28 09:32:10.000000000,100007,164,99971,364,100008,164,99961,164,100009,264,99957,164,100012,264,99954,164,100016,164,99949,264,100035,100,99948,100,100037,200,99942,100,100040,100,99929,200,100044,100,99927,100,100055,100,99920,100
2019-06-28 09:32:17.380152563,100007,164,99971,364,100008,164,99961,164,100009,264,99957,164,100012,264,99954,164,100016,164,99949,264,100035,100,99948,100,100037,200,99942,100,100040,100,99929,200,100044,100,99927,100,100055,100,99920,100
2019-06-28 09:32:20.000000000,100007,260,99971,460,100008,260,99961,260,100009,200,99957,100,100012,200,99954,100,100016,100,99949,200,100035,100,99948,100,100037,200,99942,100,100040,100,99929,200,100044,100,99927,100,100055,100,99920,100
2019-06-28 09:32:30.000000000,100007,420,99971,620,100008,100,99961,100,100009,200,99957,100,100012,200,99954,100,100016,100,99949,200,100035,100,99948,100,100037,200,99942,100,100040,100,99929,200,100044,100,99927,100,100055,100,99920,100
2019-06-28 09:32:30.311622654,100007,420,99971,620,100008,100,99961,100,100009,200,99957,100,100012,200,99954,100,100016,100,99949,200,100035,100,99948,100,100037,200,99942,100,100044,100,99929,200,100055,100,99927,100,100056,100,99920,100
2019-06-28 09:32:40.000000000,100007,260,99971,460,100008,260,99961,260,100009,200,99957,100,100012,200,99954,100,100016,100,99949,200,100035,100,99948,100,100037,200,99942,100,100044,100,99929,200,100055,100,99927,100,100056,100,99920,100
2019-06-28 09:32:50.000000000,100007,260,99971,460,100008,260,99961,260,100009,200,99957,100,100012,200,99954,100,100016,100,99949,200,100035,100,99948,100,100037,200,99942,100,100044,100,99929,200,100055,100,99927,100,100056,100,99920,100
2019-06-28 09:33:00.000000000,100007,260,99971,460,100008,260,99961,260,100009,200,99957,100,100012,200,99954,100,100016,100,99949,200,100035,100,99948,100,100037,200,99942,100,100044,100,99929,200,100055,100,99927,100,100056,100,99920,100
2019-06-28 09:33:10.000000000,100007,420,99971,620,100008,100,99961,100,100009,200,99957,100,100012,200,99954,100,100016,100,99949,200,100035,100,99948,100,100037,200,99942,100,100044,100,99929,200,100055,100,99927,100,100056,100,99920,100
2019-06-28 09:33:17.499553676,100007,420,99971,520,100008,100,99961,100,100009,200,99957,100,100012,200,99954,100,100016,100,99949,200,100035,100,99948,100,100037,200,99942,100,100044,100,99929,200,100055,100,99927,100,100056,100,99920,100
2019-06-28 09:33:20.000000000,100007,209,99971,309,100008,206,99961,206,100009,306,99957,206,100012,200,99954,100,100016,100,99949,200,100035,100,99948,100,100037,200,99942,100,100044,100,99929,200,100055,100,99927,100,100056,100,99920,100
2019-06-28 09:33:23.776260708,100007,209,99971,209,100008,206,99961,206,100009,306,99957,206,100012,200,99954,100,100016,100,99949,200,100035,100,99948,100,100037,200,99942,100,100044,100,99929,200,100055,100,99927,100,100056,100,99920,100
2019-06-28 09:33:25.020534109,100007,209,99971,109,100008,206,99961,206,100009,306,99957,206,100012,200,99954,100,100016,100,99949,200,100035,100,99948,100,100037,200,99942,100,100044,100,99929,200,100055,100,99927,100,100056,100,99920,100
2019-06-28 09:33:28.644151693,100007,209,99971,109,100008,106,99961,206,100009,306,99957,206,100012,200,99954,100,100016,100,99949,200,100035,100,99948,100,100037,200,99942,100,100044,100,99929,200,100055,100,99927,100,100056,100,99920,100
2019-06-28 09:33:30.000000000,100007,260,99961,260,100009,360,99957,260,100012,200,99954,100,100016,100,99949,200,100035,100,99948,100,100037,200,99942,100,100044,100,99929,200,100055,100,99927,100,100056,100,99920,100,100063,100,99919,100
2019-06-28 09:33:40.000000000,100007,260,99961,260,100009,360,99957,260,100012,200,99954,100,100016,100,99949,200,100035,100,99948,100,100037,200,99942,100,100044,100,99929,200,100055,100,99927,100,100056,100,99920,100,100063,100,99919,100
2019-06-28 09:33:50.000000000,100007,164,99961,164,100009,264,99957,164,100012,264,99954,164,100016,164,99949,264,100035,164,99948,164,100037,200,99942,100,100044,100,99929,200,100055,100,99927,100,100056,100,99920,100,100063,100,99919,100
2019-06-28 09:33:53.666296019,99971,100,99961,164,100007,64,99957,164,100009,264,99954,164,100012,264,99949,264,100016,164,99948,164,100035,164,99942,100,100037,200,99929,200,100044,100,99927,100,100055,100,99920,100,100056,100,99919,100
2019-06-28 09:34:00.000000000,99971,209,99961,209,100009,306,99957,206,100012,306,99954,206,100016,100,99949,200,100035,100,99948,100,100037,200,99942,100,100044,100,99929,200,100055,100,99927,100,100056,100,99920,100,100063,100,99919,100
2019-06-28 09:34:10.000000000,99971,164,99961,164,100009,264,99957,164,100012,264,99954,164,100016,164,99949,264,100035,164,99948,164,100037,200,99942,100,100044,100,99929,200,100055,100,99927,100,100056,100,99920,100,100063,100,99919,100
2019-06-28 09:34:20.000000000,99971,420,99961,420,100009,200,99957,100,100012,200,99954,100,100016,100,99949,200,100035,100,99948,100,100037,200,99942,100,100044,100,99929,200,100055,100,99927,100,100056,100,99920,100,100063,100,99919,100
2019-06-28 09:34:30.000000000,99971,260,99961,260,100009,360,99957,260,100012,200,99954,100,100016,100,99949,200,100035,100,99948,100,100037,200,99942,100,100044,100,99929,200,100055,100,99927,100,100056,100,99920,100,100063,100,99919,100
2019-06-28 09:34:40.000000000,99971,209,99961,209,100009,306,99957,206,100012,306,99954,206,100016,100,99949,200,100035,100,99948,100,100037,200,99942,100,100044,100,99929,200,100055,100,99927,100,100056,100,99920,100,100063,100,99919,100
2019-06-28 09:34:41.678816796,99971,109,99961,209,100009,306,99957,206,100012,306,99954,206,100016,100,99949,200,100035,100,99948,100,100037,200,99942,100,100044,100,99929,200,100056,100,99927,100,100063,100,99920,100,100066,100,99919,100
2019-06-28 09:34:43.599154859,99971,109,99961,209,100009,206,99957,206,100012,306,99954,206,100016,100,99949,200,100035,100,99948,100,100037,200,99942,100,100044,100,99929,200,100056,100,99927,100,100063,100,99920,100,100066,100,99919,100
2019-06-28 09:34:44.521228286,99971,9,99961,209,100009,206,99957,206,100012,306,99954,206,100016,100,99949,200,100035,100,99948,100,100037,200,99942,100,100044,100,99929,200,100056,100,99927,100,100063,100,99920,100,100066,100,99919,100
2019-06-28 09:34:50.000000000,100009,164,99961,164,100012,264,99957,164,100016,164,99954,164,100035,164,99949,264,100037,264,99948,164,100044,100,99942,100,100056,100,99929,200,100063,100,99927,100,100066,100,99920,100,100074,100,99919,100
2019-06-28 09:35:00.000000000,100009,164,99961,164,100012,264,99957,164,100016,164,99954,164,100035,164,99949,264,100037,264,99948,164,100044,100,99942,100,100056,100,99929,200,100063,100,99927,100,100066,100,99920,100,100074,100,99919,100
2019-06-28 09:35:09.698574859,100009,164,99961,164,100012,264,99957,164,100016,164,99954,164,100035,164,99949,264,100037,264,99948,164,100044,100,99942,100,100056,100,99929,200,100063,100,99927,100,100066,100,99920,100,100074,100,99919,100
2019-06-28 09:35:10.000000000,100009,260,99961,260,100012,360,99957,260,100016,100,99954,100,100035,100,99949,200,100037,200,99948,100,100044,100,99942,100,100056,100,99929,200,100063,100,99927,100,100066,100,99920,100,100074,100,99919,100
2019-06-28 09:35:20.000000000,100009,420,99961,420,100012,200,99957,100,100016,100,99954,100,100035,100,99949,200,100037,200,99948,100,100044,100,99942,100,100056,100,99929,200,100063,100,99927,100,100066,100,99920,100,100074,100,99919,100
2019-06-28 09:35:30.000000000,100009,164,99961,164,100012,264,99957,164,100016,164,99954,164,100035,164,99949,264,100037,264,99948,164,100044,100,99942,100,100056,100,99929,200,100063,100,99927,100,100066,100,99920,100,100074,100,99919,100
2019-06-28 09:35:40.000000000,100009,180,99961,180,100012,280,99957,180,100016,180,99954,180,100035,180,99949,280,100037,200,99948,100,100044,100,99942,100,100056,100,99929,200,100063,100,99927,100,100066,100,99920,100,100074,100,99919,100
2019-06-28 09:35:40.749449239,100009,80,99961,180,100012,280,99957,180,100016,180,99954,180,100035,180,99949,280,100037,200,99948,100,100044,100,99942,100,100056,100,99929,200,100063,100,99927,100,100074,100,99920,100,100087,100,99919,100
2019-06-28 09:35:50.000000000,100012,280,99961,180,100016,180,99957,180,100035,180,99954,180,100037,280,99949,280,100044,100,99948,100,100056,100,99942,100,100063,100,99929,200,100074,100,99927,100,100087,100,99920,100,100088,100,99919,100
2019-06-28 09:36:00.000000000,100012,280,99961,180,100016,180,99957,180,100035,180,99954,180,100037,280,99949,280,100044,100,99948,100,100056,100,99942,100,100063,100,99929,200,100074,100,99927,100,100087,100,99920,100,100088,100,99919,100
2019-06-28 09:36:02.636494217,99966,100,99961,180,100012,280,99957,180,100016,180,99954,180,100035,180,99949,280,100037,280,99948,100,100044,100,99942,100,100056,100,99929,200,100063,100,99927,100,100074,100,99920,100,100087,100,99919,100
2019-06-28 09:36:03.542220264,100012,280,99961,180,100016,180,99957,180,100035,180,99954,180,100037,280,99949,280,100044,100,99948,100,100056,100,99929,200,100063,100,99927,100,100074,100,99920,100,100087,100,99919,100,100088,100,99904,100
2019-06-28 09:36:10.000000000,100012,309,99961,209,100016,206,99957,206,100035,206,99954,206,100037,200,99949,200,100044,100,99948,100,100056,100,99929,200,100063,100,99927,100,100074,100,99920,100,100087,100,99919,100,100088,100,99904,100
2019-06-28 09:36:20.000000000,100012,309,99961,209,100016,206,99957,206,100035,206,99954,206,100037,200,99949,200,100044,100,99948,100,100056,100,99929,200,100063,100,99927,100,100074,100,99920,100,100087,100,99919,100,100088,100,99904,100
2019-06-28 09:36:24.908869559,100012,209,99961,209,100016,206,99957,206,100035,206,99954,206,100037,200,99949,200,100044,100,99948,100,100056,100,99929,200,100063,100,99927,100,100074,100,99920,100,100087,100,99919,100,100088,100,99904,100
2019-06-28 09:36:30.000000000,100012,209,99961,209,100016,206,99957,206,100035,206,99954,206,100037,200,99949,200,100044,100,99948,100,100056,100,99929,200,100063,100,99927,100,100074,100,99920,100,100087,100,99919,100,100088,100,99904,100
2019-06-28 09:36:40.000000000,100012,420,99961,420,100016,100,99957,100,100035,100,99954,100,100037,200,99949,200,100044,100,99948,100,100056,100,99929,200,100063,100,99927,100,100074,100,99920,100,100087,100,99919,100,100088,100,99904,100
2019-06-28 09:36:50.000000000,100012,260,99961,260,100016,260,99957,260,100035,100,99954,100,100037,200,99949,200,100044,100,99948,100,100056,100,99929,200,100063,100,99927,100,100074,100,99920,100,100087,100,99919,100,100088,100,99904,100
2019-06-28 09:37:00.000000000,100012,260,99961,260,100016,260,99957,260,100035,100,99954,100,100037,200,99949,200,100044,100,99948,100,100056,100,99929,200,100063,100,99927,100,100074,100,99920,100,100087,100,99919,100,100088,100,99904,100
2019-06-28 09:37:10.000000000,100012,180,99961,180,100016,180,99957,180,100035,180,99954,180,100037,280,99949,280,100044,100,99948,100,100056,100,99929,200,100063,100,99927,100,100074,100,99920,100,100087,100,99919,100,100088,100,99904,100
2019-06-28 09:37:20.000000000,100012,260,99961,260,100016,260,99957,260,100035,100,99954,100,100037,200,99949,200,100044,100,99948,100,100056,100,99929,200,100063,100,99927,100,100074,100,99920,100,100087,100,99919,100,100088,100,99904,100
2019-06-28 09:37:30.000000000,100012,420,99961,420,100016,100,99957,100,100035,100,99954,100,100037,200,99949,200,100044,100,99948,100,100056,100,99929,200,100063,100,99927,100,100074,100,99920,100,100087,100,99919,100,100088,100,99904,100
2019-06-28 09:37:40.000000000,100012,164,99961,164,100016,164,99957,164,100035,164,99954,164,100037,264,99949,264,100044,164,99948,164,100056,100,99929,200,100063,100,99927,100,100074,100,99920,100,100087,100,99919,100,100088,100,99904,100
2019-06-28 09:37:49.829725579,100012,164,99961,164,100016,164,99957,164,100035,164,99954,164,100037,264,99949,264,100044,164,99948,164,100056,100,99929,200,100063,100,99927,100,100074,100,99920,100,100087,100,99919,100,100088,100,99904,100
2019-06-28 09:37:49.965102092,100012,164,99966,100,100016,164,99961,164,100035,164,99957,164,100037,264,99954,164,100044,164,99949,264,100056,100,99948,164,100063,100,99929,200,100074,100,99927,100,100087,100,99920,100,100088,100,99919,100
2019-06-28 09:37:50.000000000,100012,164,99966,164,100016,164,99961,164,100035,164,99957,164,100037,264,99954,164,100044,164,99949,264,100056,100,99948,100,100063,100,99929,200,100074,100,99927,100,100087,100,99920,100,100088,100,99919,100
2019-06-28 09:38:00.000000000,100012,420,99966,420,100016,100,99961,100,100035,100,99957,100,100037,200,99954,100,100044,100,99949,200,100056,100,99948,100,100063,100,99929,200,100074,100,99927,100,100087,100,99920,100,100088,100,99919,100
2019-06-28 09:38:10.000000000,100012,260,99966,260,100016,260,99961,260,100035,100,99957,100,100037,200,99954,100,100044,100,99949,200,100056,100,99948,100,100063,100,99929,200,100074,100,99927,100,100087,100,99920,100,100088,100,99919,100
2019-06-28 09:38:20.000000000,100012,420,99966,420,100016,100,99961,100,100035,100,99957,100,100037,200,99954,100,100044,100,99949,200,100056,100,99948,100,100063,100,99929,200,100074,100,99927,100,100087,100,99920,100,100088,100,99919,100
2019-06-28 09:38:20.270975204,100012,420,99966,420,100016,100,99961,100,100035,100,99957,100,100037,200,99954,100,100044,100,99949,200,100056,100,99948,100,100063,100,99929,200,100074,100,99927,100,100087,100,99920,100,100088,100,99919,100
2019-06-28 09:38:30.000000000,100012,420,99966,420,100016,100,99961,100,100035,100,99957,100,100037,200,99954,100,100044,100,99949,200,100056,100,99948,100,100063,100,99929,200,100074,100,99927,100,100087,100,99920,100,100088,100,99919,100
2019-06-28 09:38:40.000000000,100012,209,99966,209,100016,206,99961,206,100035,206,99957,206,100037,200,99954,100,100044,100,99949,200,100056,100,99948,100,100063,100,99929,200,100074,100,99927,100,100087,100,99920,100,100088,100,99919,100
2019-06-28 09:38:43.073301358,100012,209,99994,100,100016,206,99966,209,100035,206,99961,206,100037,200,99957,206,100044,100,99954,100,100056,100,99949,200,100063,100,99948,100,100074,100,99929,200,100087,100,99927,100,100088,100,99920,100
2019-06-28 09:38:49.330771603,100012,109,99994,100,100016,206,99966,209,100035,206,99961,206,100037,200,99957,206,100044,100,99954,100,100056,100,99949,200,100063,100,99948,100,100074,100,99929,200,100087,100,99927,100,100088,100,99920,100
2019-06-28 09:38:50.000000000,100016,260,99994,260,100035,260,99966,260,100037,200,99961,100,100044,100,99957,100,100056,100,99954,100,100063,100,99949,200,100074,100,99948,100,100087,100,99929,200,100088,100,99927,100,100093,100,99920,100
2019-06-28 09:39:00.000000000,100016,260,99994,260,100035,260,99966,260,100037,200,99961,100,100044,100,99957,100,100056,100,99954,100,100063,100,99949,200,100074,100,99948,100,100087,100,99929,200,100088,100,99927,100,100093,100,99920,100
2019-06-28 09:39:09.277140558,100016,260,100010,100,100035,260,99994,260,100037,200,99966,260,100044,100,99961,100,100056,100,99957,100,100063,100,99954,100,100074,100,99949,200,100087,100,99948,100,100088,100,99929,200,100103,100,99927,100
2019-06-28 09:39:10.000000000,100016,209,100010,209,100035,206,99994,206,100037,306,99966,206,100044,100,99961,100,100056,100,99957,100,100063,100,99954,100,100074,100,99949,200,100087,100,99948,100,100088,100,99929,200,100103,100,99927,100
2019-06-28 09:39:20.000000000,100016,260,100010,260,100035,260,99994,260,100037,200,99966,100,100044,100,99961,100,100056,100,99957,100,100063,100,99954,100,100074,100,99949,200,100087,100,99948,100,100088,100,99929,200,100103,100,99927,100
2019-06-28 09:39:30.000000000,100016,164,100010,164,100035,164,99994,164,100037,264,99966,164,100044,164,99961,164,100056,164,99957,164,100063,100,99954,100,100074,100,99949,200,100087,100,99948,100,100088,100,99929,200,100103,100,99927,100
2019-06-28 09:39:40.000000000,100016,420,100010,420,100035,100,99994,100,100037,200,99966,100,100044,100,99961,100,100056,100,99957,100,100063,100,99954,100,100074,100,99949,200,100087,100,99948,100,100088,100,99929,200,100103,100,99927,100
2019-06-28 09:39:40.130425863,100016,420,100010,320,100035,100,99994,100,100037,200,99966,100,100044,100,99961,100,100056,100,99957,100,100063,100,99954,100,100074,100,99949,100,100087,100,99948,100,100088,100,99929,200,100103,100,99927,100
2019-06-28 09:39:48.468660897,100016,420,100010,320,100035,100,99994,100,100037,200,99966,100,100044,100,99961,100,100056,100,99957,100,100063,100,99954,100,100074,100,99949,100,100087,100,99948,100,100088,100,99929,200,100103,100,99927,100
2019-06-28 09:39:50.000000000,100016,180,99994,180,100035,180,99966,180,100037,280,99961,180,100044,180,99957,180,100056,100,99954,100,100063,100,99949,100,100074,100,99948,100,100087,100,99929,200,100088,100,99927,100,100103,100,99920,100
2019-06-28 09:39:52.144526640,100016,180,99994,80,100035,180,99966,180,100037,280,99961,180,100044,180,99957,180,100056,100,99954,100,100063,100,99949,100,100074,100,99948,100,100087,100,99929,200,100088,100,99927,100,100103,100,99920,100
2019-06-28 09:39:53.364626321,99994,20,99966,180,100016,180,99961,180,100035,180,99957,180,100037,280,99954,100,100044,180,99949,100,100056,100,99948,100,100063,100,99929,200,100074,100,99927,100,100087,100,99920,100,100088,100,99919,100
2019-06-28 09:40:00.000000000,99994,129,99966,209,100016,206,99961,206,100035,206,99957,206,100037,200,99954,100,100044,100,99949,100,100056,100,99948,100,100063,100,99929,200,100074,100,99927,100,100087,100,99920,100,100088,100,99919,100
2019-06-28 09:40:10.000000000,99994,84,99966,164,100016,164,99961,164,100035,164,99957,164,100037,264,99954,164,100044,164,99949,164,100056,100,99948,100,100063,100,99929,200,100074,100,99927,100,100087,100,99920,100,100088,100,99919,100
2019-06-28 09:40:15.084595632,99994,184,99966,164,100016,164,99961,164,100035,164,99957,164,100037,264,99954,164,100044,164,99949,164,100056,100,99948,100,100063,100,99929,200,100074,100,99927,100,100087,100,99920,100,100088,100,99919,100
2019-06-28 09:40:20.000000000,99994,280,99966,260,100016,260,99961,260,100035,100,99957,100,100037,200,99954,100,100044,100,99949,100,100056,100,99948,100,100063,100,99929,200,100074,100,99927,100,100087,100,99920,100,100088,100,99919,100
2019-06-28 09:40:30.000000000,99994,280,99966,260,100016,260,99961,260,100035,100,99957,100,100037,200,99954,100,100044,100,99949,100,100056,100,99948,100,100063,100,99929,200,100074,100,99927,100,100087,100,99920,100,100088,100,99919,100
2019-06-28 09:40:34.331821388,99994,280,99966,260,100016,260,99961,260,100035,100,99957,100,100037,200,99954,100,100044,100,99949,100,100056,100,99948,100,100063,100,99929,200,100074,100,99927,100,100087,100,99920,100,100088,100,99919,100
2019-06-28 09:40:40.000000000,99994,200,99966,180,100016,180,99961,180,100035,180,99957,180,100037,280,99954,180,100044,100,99949,100,100056,100,99948,100,100063,100,99929,200,100074,100,99927,100,100087,100,99920,100,100088,100,99919,100
2019-06-28 09:40:40.754587657,99994,300,99966,180,100016,180,99961,180,100035,180,99957,180,100037,280,99954,180,100044,100,99949,100,100056,100,99948,100,100063,100,99929,200,100074,100,99927,100,100087,100,99920,100,100088,100,99919,100
2019-06-28 09:40:41.848528675,99994,400,99966,180,100016,180,99961,180,100035,180,99957,180,100037,280,99954,180,100044,100,99949,100,100056,100,99948,100,100063,100,99929,200,100074,100,99927,100,100087,100,99920,100,100088,100,99919,100
2019-06-28 09:40:50.000000000,99994,400,99966,180,100016,180,99961,180,100035,180,99957,180,100037,280,99954,180,100044,100,99949,100,100056,100,99948,100,100063,100,99929,200,100074,100,99927,100,100087,100,99920,100,100088,100,99919,100
2019-06-28 09:40:57.333813271,99994,400,99966,180,100016,180,99961,180,100035,180,99957,180,100037,280,99954,180,100044,100,99949,100,100056,100,99948,100,100063,100,99929,200,100087,100,99927,100,100088,100,99920,100,100103,100,99919,100
2019-06-28 09:41:00.000000000,99994,640,99966,420,100016,100,99961,100,100035,100,99957,100,100037,200,99954,100,100044,100,99949,100,100056,100,99948,100,100063,100,99929,200,100087,100,99927,100,100088,100,99920,100,100103,100,99919,100
2019-06-28 09:41:06.548818969,99994,640,99966,420,100016,100,99961,100,100035,100,99957,100,100037,200,99954,100,100044,100,99949,100,100056,100,99948,100,100063,100,99929,200,100087,100,99927,100,100103,100,99920,100,100141,100,99919,100
2019-06-28 09:41:10.000000000,99994,384,99966,164,100016,164,99961,164,100035,164,99957,164,100037,264,99954,164,100044,164,99949,164,100056,100,99948,100,100063,100,99929,200,100087,100,99927,100,100103,100,99920,100,100141,100,99919,100
2019-06-28 09:41:20.000000000,99994,400,99966,180,100016,180,99961,180,100035,180,99957,180,100037,280,99954,180,100044,100,99949,100,100056,100,99948,100,100063,100,99929,200,100087,100,99927,100,100103,100,99920,100,100141,100,99919,100
2019-06-28 09:41:26.615399622,99994,380,99966,180,100016,180,99961,180,100035,180,99957,180,100037,280,99954,180,100044,100,99949,100,100056,100,99948,100,100063,100,99929,200,100087,100,99927,100,100103,100,99920,100,100141,100,99919,100
2019-06-28 09:41:30.000000000,99994,460,99966,260,100016,260,99961,260,100035,100,99957,100,100037,200,99954,100,100044,100,99949,100,100056,100,99948,100,100063,100,99929,200,100087,100,99927,100,100103,100,99920,100,100141,100,99919,100
2019-06-28 09:41:34.729415973,99994,460,99966,260,100016,260,99961,260,100035,100,99957,100,100037,200,99954,100,100044,100,99949,100,100056,100,99948,100,100063,100,99942,100,100087,100,99929,200,100103,100,99927,100,100141,100,99920,100
2019-06-28 09:41:38.899731821,99994,460,99966,160,100016,260,99961,260,100035,100,99957,100,100037,200,99954,100,100044,100,99949,100,100063,100,99948,100,100087,100,99942,100,100103,100,99929,200,100141,100,99927,100,100163,100,99920,100
2019-06-28 09:41:38.978696624,99994,460,99966,160,100016,260,99961,260,100035,100,99957,100,100037,200,99954,100,100044,100,99949,100,100063,100,99948,100,100087,100,99942,100,100103,100,99929,200,100141,100,99927,100,100163,100,99920,100
2019-06-28 09:41:40.000000000,99994,409,99961,209,100016,206,99957,206,100035,206,99954,206,100037,200,99949,100,100044,100,99948,100,100063,100,99942,100,100087,100,99929,200,100103,100,99927,100,100141,100,99920,100,100163,100,99919,100
2019-06-28 09:41:50.000000000,99994,460,99961,260,100016,260,99957,260,100035,100,99954,100,100037,200,99949,100,100044,100,99948,100,100063,100,99942,100,100087,100,99929,200,100103,100,99927,100,100141,100,99920,100,100163,100,99919,100
2019-06-28 09:41:50.805183644,99994,460,99961,260,100016,260,99957,260,100035,100,99954,100,100037,200,99949,100,100044,100,99948,100,100063,100,99942,100,100087,100,99929,200,100103,100,99927,100,100141,100,99920,100,100163,100,99919,100
2019-06-28 09:42:00.000000000,99994,364,99961,164,100016,164,99957,164,100035,164,99954,164,100037,264,99949,164,100044,164,99948,164,100063,100,99942,100,100087,100,99929,200,100103,100,99927,100,100141,100,99920,100,100163,100,99919,100
2019-06-28 09:42:02.539777936,99994,364,99961,164,100016,164,99957,164,100035,164,99954,164,100037,264,99949,164,100044,164,99948,164,100063,100,99942,100,100087,100,99929,200,100103,100,99927,100,100141,100,99920,100,100191,100,99919,100
2019-06-28 09:42:03.995970870,99994,364,99961,64,100016,164,99957,164,100035,164,99954,164,100037,264,99949,164,100044,164,99948,164,100063,100,99942,100,100087,100,99929,200,100103,100,99927,100,100141,100,99920,100,100191,100,99919,100
2019-06-28 09:42:06.436370724,99994,364,99961,64,100016,164,99957,164,100035,164,99954,164,100037,164,99949,164,100044,164,99948,164,100063,100,99942,100,100087,100,99929,200,100103,100,99927,100,100141,100,99920,100,100191,100,99919,100
2019-06-28 09:42:10.000000000,99994,409,99957,209,100016,206,99954,206,100035,206,99949,206,100037,100,99948,100,100044,100,99942,100,100063,100,99929,200,100087,100,99927,100,100103,100,99920,100,100141,100,99919,100,100191,100,99904,100
2019-06-28 09:42:13.638929094,99966,100,99957,209,99994,409,99954,206,100016,206,99949,206,100035,206,99948,100,100037,100,99942,100,100044,100,99929,200,100063,100,99927,100,100087,100,99920,100,100103,100,99919,100,100141,100,99904,100
2019-06-28 09:42:20.000000000,99966,180,99957,180,99994,380,99954,180,100016,180,99949,180,100035,180,99948,180,100037,100,99942,100,100044,100,99929,200,100063,100,99927,100,100087,100,99920,100,100103,100,99919,100,100141,100,99904,100
2019-06-28 09:42:30.000000000,99966,209,99957,209,99994,406,99954,206,100016,206,99949,206,100035,100,99948,100,100037,100,99942,100,100044,100,99929,200,100063,100,99927,100,100087,100,99920,100,100103,100,99919,100,100141,100,99904,100
2019-06-28 09:42:35.169665759,99966,209,99957,109,99994,406,99954,206,100016,206,99949,206,100035,100,99948,100,100037,100,99942,100,100044,100,99929,200,100063,100,99927,100,100087,100,99919,100,100103,100,99904,100,100141,100,99767,100
2019-06-28 09:42:40.000000000,99966,209,99954,209,99994,406,99949,206,100016,206,99948,206,100035,100,99942,100,100037,100,99929,200,100044,100,99927,100,100063,100,99919,100,100087,100,99904,100,100103,100,99767,100,100141,100,99757,100
2019-06-28 09:42:50.000000000,99966,209,99954,209,99994,406,99949,206,100016,206,99948,206,100035,100,99942,100,100037,100,99929,200,100044,100,99927,100,100063,100,99919,100,100087,100,99904,100,100103,100,99767,100,100141,100,99757,100
2019-06-28 09:42:51.395037497,99961,100,99954,209,99966,209,99949,206,99994,306,99948,206,100016,206,99942,100,100035,100,99929,200,100037,100,99927,100,100044,100,99919,100,100063,100,99904,100,100087,100,99767,100,100103,100,99757,100
2019-06-28 09:43:00.000000000,99961,180,99954,180,99966,180,99949,180,99994,280,99948,180,100016,180,99942,180,100035,100,99929,200,100037,100,99927,100,100044,100,99919,100,100063,100,99904,100,100087,100,99767,100,100103,100,99757,100
2019-06-28 09:43:10.000000000,99961,209,99954,209,99966,206,99949,206,99994,306,99948,206,100016,100,99942,100,100035,100,99929,200,100037,100,99927,100,100044,100,99919,100,100063,100,99904,100,100087,100,99767,100,100103,100,99757,100
2019-06-28 09:43:18.794599017,99961,209,99954,209,99966,206,99949,206,99994,306,99948,206,100016,100,99942,100,100035,100,99929,200,100037,100,99927,100,100044,100,99919,100,100063,100,99904,100,100087,100,99767,100,100103,100,99757,100
2019-06-28 09:43:20.000000000,99961,420,99954,420,99966,100,99949,100,99994,200,99948,100,100016,100,99942,100,100035,100,99929,200,100037,100,99927,100,100044,100,99919,100,100063,100,99904,100,100087,100,99767,100,100103,100,99757,100
2019-06-28 09:43:25.542014974,99961,520,99954,420,99966,100,99949,100,99994,200,99948,100,100016,100,99942,100,100035,100,99929,200,100037,100,99927,100,100044,100,99919,100,100063,100,99904,100,100087,100,99767,100,100103,100,99757,100
2019-06-28 09:43:30.000000000,99961,264,99954,164,99966,164,99949,164,99994,264,99948,164,100016,164,99942,164,100035,164,99929,264,100037,100,99927,100,100044,100,99919,100,100063,100,99904,100,100087,100,99767,100,100103,100,99757,100
2019-06-28 09:43:40.000000000,99961,264,99954,164,99966,164,99949,164,99994,264,99948,164,100016,164,99942,164,100035,164,99929,264,100037,100,99927,100,100044,100,99919,100,100063,100,99904,100,100087,100,99767,100,100103,100,99757,100
2019-06-28 09:43:50.000000000,99961,360,99954,260,99966,260,99949,260,99994,200,99948,100,100016,100,99942,100,100035,100,99929,200,100037,100,99927,100,100044,100,99919,100,100063,100,99904,100,100087,100,99767,100,100103,100,99757,100
2019-06-28 09:44:00.000000000,99961,309,99954,209,99966,206,99949,206,99994,306,99948,206,100016,100,99942,100,100035,100,99929,200,100037,100,99927,100,100044,100,99919,100,100063,100,99904,100,100087,100,99767,100,100103,100,99757,100
2019-06-28 09:44:02.509560874,99961,309,99954,109,99966,206,99949,206,99994,306,99948,206,100016,100,99942,100,100035,100,99929,200,100037,100,99927,100,100044,100,99919,100,100063,100,99904,100,100087,100,99767,100,100103,100,99757,100
2019-06-28 09:44:10.000000000,99961,520,99949,420,99966,100,99948,100,99994,200,99942,100,100016,100,99929,200,100035,100,99927,100,100037,100,99919,100,100044,100,99904,100,100063,100,99767,100,100087,100,99757,100,100103,100,99672,100
2019-06-28 09:44:20.000000000,99961,360,99949,260,99966,260,99948,260,99994,200,99942,100,100016,100,99929,200,100035,100,99927,100,100037,100,99919,100,100044,100,99904,100,100063,100,99767,100,100087,100,99757,100,100103,100,99672,100
2019-06-28 09:44:29.450980578,99961,360,99949,160,99966,260,99948,260,99994,200,99942,100,100016,100,99929,200,100035,100,99927,100,100037,100,99919,100,100044,100,99904,100,100063,100,99767,100,100087,100,99757,100,100103,100,99672,100
2019-06-28 09:44:30.000000000,99961,264,99948,164,99966,164,99942,164,99994,264,99929,264,100016,164,99927,164,100035,164,99919,164,100037,100,99904,100,100044,100,99767,100,100063,100,99757,100,100087,100,99672,100,100103,100,99603,100
2019-06-28 09:44:32.541065596,99961,264,99948,64,99966,164,99942,164,99994,264,99929,264,100016,164,99927,164,100035,164,99919,164,100037,100,99904,100,100044,100,99767,100,100063,100,99757,100,100087,100,99672,100,100103,100,99603,100
2019-06-28 09:44:36.948968814,99948,36,99942,164,99961,264,99929,264,99966,164,99927,164,99994,264,99919,164,100016,164,99904,100,100035,164,99767,100,100037,100,99757,100,100044,100,99672,100,100063,100,99603,100,100087,100,99547,100
2019-06-28 09:44:40.000000000,99948,356,99942,420,99961,200,99929,200,99966,100,99927,100,99994,200,99919,100,100016,100,99904,100,100035,100,99767,100,100037,100,99757,100,100044,100,99672,100,100063,100,99603,100,100087,100,99547,100
2019-06-28 09:44:44.470174068,99948,356,99942,320,99961,200,99929,200,99966,100,99927,100,99994,200,99919,100,100016,100,99904,100,100035,100,99767,100,100037,100,99757,100,100044,100,99672,100,100063,100,99603,100,100087,100,99547,100
2019-06-28 09:44:50.000000000,99948,196,99929,360,99961,360,99927,260,99966,100,99919,100,99994,200,99904,100,100016,100,99767,100,100035,100,99757,100,100037,100,99672,100,100044,100,99603,100,100063,100,99547,100,100087,100,99541,100
2019-06-28 09:45:00.000000000,99948,116,99929,280,99961,280,99927,180,99966,180,99919,180,99994,280,99904,180,100016,100,99767,100,100035,100,99757,100,100037,100,99672,100,100044,100,99603,100,100063,100,99547,100,100087,100,99541,100
2019-06-28 09:45:10.000000000,99948,145,99929,309,99961,306,99927,206,99966,206,99919,206,99994,200,99904,100,100016,100,99767,100,100035,100,99757,100,100037,100,99672,100,100044,100,99603,100,100063,100,99547,100,100087,100,99541,100
2019-06-28 09:45:20.000000000,99948,196,99929,360,99961,360,99927,260,99966,100,99919,100,99994,200,99904,100,100016,100,99767,100,100035,100,99757,100,100037,100,99672,100,100044,100,99603,100,100063,100,99547,100,100087,100,99541,100
2019-06-28 09:45:30.000000000,99948,145,99929,309,99961,306,99927,206,99966,206,99919,206,99994,200,99904,100,100016,100,99767,100,100035,100,99757,100,100037,100,99672,100,100044,100,99603,100,100063,100,99547,100,100087,100,99541,100
2019-06-28 09:45:40.000000000,99948,145,99929,309,99961,306,99927,206,99966,206,99919,206,99994,200,99904,100,100016,100,99767,100,100035,100,99757,100,100037,100,99672,100,100044,100,99603,100,100063,100,99547,100,100087,100,99541,100
2019-06-28 09:45:50.000000000,99948,356,99929,520,99961,200,99927,100,99966,100,99919,100,99994,200,99904,100,100016,100,99767,100,100035,100,99757,100,100037,100,99672,100,100044,100,99603,100,100063,100,99547,100,100087,100,99541,100
2019-06-28 09:46:00.000000000,99948,196,99929,360,99961,360,99927,260,99966,100,99919,100,99994,200,99904,100,100016,100,99767,100,100035,100,99757,100,100037,100,99672,100,100044,100,99603,100,100063,100,99547,100,100087,100,99541,100
2019-06-28 09:46:10.000000000,99948,100,99929,264,99961,264,99927,164,99966,164,99919,164,99994,264,99904,164,100016,164,99767,164,100035,100,99757,100,100037,100,99672,100,100044,100,99603,100,100063,100,99547,100,100087,100,99541,100
2019-06-28 09:46:14.785553349,99948,100,99929,264,99961,264,99927,164,99966,164,99919,164,99994,264,99904,164,100016,164,99767,164,100035,100,99757,100,100037,100,99672,100,100044,100,99603,100,100063,100,99547,100,100087,100,99541,100
2019-06-28 09:46:18.321881696,99948,100,99929,264,99961,264,99927,164,99966,164,99919,164,99994,264,99904,164,100016,164,99767,164,100035,100,99757,100,100037,100,99672,100,100044,100,99603,100,100063,100,99547,100,100075,100,99541,100
2019-06-28 09:46:20.000000000,99948,356,99929,520,99961,200,99927,100,99966,100,99919,100,99994,200,99904,100,100016,100,99767,100,100035,100,99757,100,100037,100,99672,100,100044,100,99603,100,100063,100,99547,100,100075,100,99541,100
2019-06-28 09:46:30.000000000,99948,356,99929,520,99961,200,99927,100,99966,100,99919,100,99994,200,99904,100,100016,100,99767,100,100035,100,99757,100,100037,100,99672,100,100044,100,99603,100,100063,100,99547,100,100075,100,99541,100
2019-06-28 09:46:40.000000000,99948,100,99929,264,99961,264,99927,164,99966,164,99919,164,99994,264,99904,164,100016,164,99767,164,100035,100,99757,100,100037,100,99672,100,100044,100,99603,100,100063,100,99547,100,100075,100,99541,100
2019-06-28 09:46:50.000000000,99948,196,99929,360,99961,360,99927,260,99966,100,99919,100,99994,200,99904,100,100016,100,99767,100,100035,100,99757,100,100037,100,99672,100,100044,100,99603,100,100063,100,99547,100,100075,100,99541,100
2019-06-28 09:46:52.731755197,99948,196,99929,360,99961,260,99927,260,99966,100,99919,100,99994,200,99904,100,100016,100,99767,100,100035,100,99757,100,100037,100,99672,100,100044,100,99603,100,100063,100,99547,100,100075,100,99541,100
2019-06-28 09:47:00.000000000,99948,116,99929,280,99961,180,99927,180,99966,180,99919,180,99994,280,99904,180,100016,100,99767,100,100035,100,99757,100,100037,100,99672,100,100044,100,99603,100,100063,100,99547,100,100075,100,99541,100
2019-06-28 09:47:10.000000000,99948,145,99929,309,99961,206,99927,206,99966,206,99919,206,99994,200,99904,100,100016,100,99767,100,100035,100,99757,100,100037,100,99672,100,100044,100,99603,100,100063,100,99547,100,100075,100,99541,100
2019-06-28 09:47:19.878340153,99948,145,99929,209,99961,206,99927,206,99966,206,99919,206,99994,200,99904,100,100016,100,99767,100,100035,100,99757,100,100037,100,99672,100,100044,100,99603,100,100075,100,99547,100,100087,100,99541,100
2019-06-28 09:47:20.000000000,99948,196,99929,260,99961,260,99927,260,99966,100,99919,100,99994,200,99904,100,100016,100,99767,100,100035,100,99757,100,100037,100,99672,100,100044,100,99603,100,100075,100,99547,100,100087,100,99541,100
2019-06-28 09:47:30.000000000,99948,196,99929,260,99961,260,99927,260,99966,100,99919,100,99994,200,99904,100,100016,100,99767,100,100035,100,99757,100,100037,100,99672,100,100044,100,99603,100,100075,100,99547,100,100087,100,99541,100
2019-06-28 09:47:40.000000000,99948,145,99929,209,99961,206,99927,206,99966,206,99919,206,99994,200,99904,100,100016,100,99767,100,100035,100,99757,100,100037,100,99672,100,100044,100,99603,100,100075,100,99547,100,100087,100,99541,100
2019-06-28 09:47:50.000000000,99948,145,99929,209,99961,206,99927,206,99966,206,99919,206,99994,200,99904,100,100016,100,99767,100,100035,100,99757,100,100037,100,99672,100,100044,100,99603,100,100075,100,99547,100,100087,100,99541,100
2019-06-28 09:47:54.878801434,99948,145,99929,209,99961,206,99927,206,99966,206,99919,206,99994,200,99904,100,100016,100,99767,100,100035,100,99757,100,100037,100,99672,100,100044,100,99603,100,100075,100,99547,100,100087,100,99541,100
2019-06-28 09:48:00.000000000,99948,145,99929,209,99961,206,99927,206,99966,206,99919,206,99994,200,99904,100,100016,100,99767,100,100035,100,99757,100,100037,100,99672,100,100044,100,99603,100,100075,100,99547,100,100087,100,99541,100
2019-06-28 09:48:10.000000000,99948,196,99929,260,99961,260,99927,260,99966,100,99919,100,99994,200,99904,100,100016,100,99767,100,100035,100,99757,100,100037,100,99672,100,100044,100,99603,100,100075,100,99547,100,100087,100,99541,100
2019-06-28 09:48:20.000000000,99948,100,99929,164,99961,164,99927,164,99966,164,99919,164,99994,264,99904,164,100016,164,99767,164,100035,100,99757,100,100037,100,99672,100,100044,100,99603,100,100075,100,99547,100,100087,100,99541,100
2019-06-28 09:48:30.000000000,99948,196,99929,260,99961,260,99927,260,99966,100,99919,100,99994,200,99904,100,100016,100,99767,100,100035,100,99757,100,100037,100,99672,100,100044,100,99603,100,100075,100,99547,100,100087,100,99541,100
2019-06-28 09:48:33.803495273,99948,160,99929,160,99961,260,99927,260,99966,100,99919,100,99994,200,99904,100,100016,100,99767,100,100035,100,99757,100,100037,100,99672,100,100044,100,99603,100,100075,100,99547,100,100087,100,99541,100
2019-06-28 09:48:38.547584971,99948,160,99929,60,99961,260,99927,260,99966,100,99919,100,99994,200,99904,100,100016,100,99767,100,100035,100,99757,100,100037,100,99672,100,100044,100,99603,100,100075,100,99547,100,100087,100,99541,100
2019-06-28 09:48:40.000000000,99961,420,99927,420,99966,100,99919,100,99994,200,99904,100,100016,100,99767,100,100035,100,99757,100,100037,100,99672,100,100044,100,99603,100,100075,100,99547,100,100087,100,99541,100,100103,100,99461,100
2019-06-28 09:48:50.000000000,99961,209,99927,209,99966,206,99919,206,99994,306,99904,206,100016,100,99767,100,100035,100,99757,100,100037,100,99672,100,100044,100,99603,100,100075,100,99547,100,100087,100,99541,100,100103,100,99461,100
2019-06-28 09:48:53.874155641,99961,209,99927,109,99966,206,99919,206,99994,306,99904,206,100016,100,99767,100,100035,100,99757,100,100037,100,99672,100,100044,100,99603,100,100087,100,99547,100,100103,100,99541,100,100141,100,99461,100
2019-06-28 09:49:00.000000000,99961,260,99919,260,99966,260,99904,260,99994,200,99767,100,100016,100,99757,100,100035,100,99672,100,100037,100,99603,100,100044,100,99547,100,100087,100,99541,100,100103,100,99461,100,100141,100,99308,100
2019-06-28 09:49:01.692816790,99961,260,99919,160,99966,260,99904,260,99994,200,99767,100,100016,100,99757,100,100035,100,99672,100,100037,100,99603,100,100044,100,99547,100,100087,100,99541,100,100103,100,99461,100,100141,100,99308,100
2019-06-28 09:49:10.000000000,99961,164,99904,164,99966,164,99767,164,99994,264,99757,164,100016,164,99672,164,100035,164,99603,164,100037,100,99547,100,100044,100,99541,100,100087,100,99461,100,100103,100,99308,100,100141,100,99159,100
2019-06-28 09:49:20.000000000,99961,260,99904,260,99966,260,99767,260,99994,200,99757,100,100016,100,99672,100,100035,100,99603,100,100037,100,99547,100,100044,100,99541,100,100087,100,99461,100,100103,100,99308,100,100141,100,99159,100
2019-06-28 09:49:22.985488928,99911,100,99904,260,99961,260,99767,260,99966,260,99757,100,99994,200,99672,100,100016,100,99603,100,100035,100,99547,100,100037,100,99541,100,100044,100,99461,100,100087,100,99308,100,100103,100,99159,100
2019-06-28 09:49:29.448924054,99961,260,99904,260,99966,260,99767,260,99994,200,99757,100,100016,100,99672,100,100035,100,99603,100,100037,100,99596,100,100044,100,99547,100,100087,100,99541,100,100103,100,99461,100,100141,100,99308,100
2019-06-28 09:49:30.000000000,99961,180,99904,180,99966,180,99767,180,99994,280,99757,180,100016,180,99672,180,100035,100,99603,100,100037,100,99596,100,100044,100,99547,100,100087,100,99541,100,100103,100,99461,100,100141,100,99308,100
2019-06-28 09:49:40.000000000,99961,180,99904,180,99966,180,99767,180,99994,280,99757,180,100016,180,99672,180,100035,100,99603,100,100037,100,99596,100,100044,100,99547,100,100087,100,99541,100,100103,100,99461,100,100141,100,99308,100
2019-06-28 09:49:40.305869865,99961,180,99904,180,99966,180,99767,80,99994,280,99757,180,100016,180,99672,180,100035,100,99603,100,100037,100,99599,100,100044,100,99596,100,100087,100,99547,100,100103,100,99541,100,100141,100,99461,100
2019-06-28 09:49:50.000000000,99961,180,99904,180,99966,180,99757,180,99994,280,99672,180,100016,180,99603,180,100035,100,99599,100,100037,100,99596,100,100044,100,99547,100,100087,100,99541,100,100103,100,99461,100,100141,100,99308,100
2019-06-28 09:50:00.000000000,99961,209,99904,209,99966,206,99757,206,99994,306,99672,206,100016,100,99603,100,100035,100,99599,100,100037,100,99596,100,100044,100,99547,100,100087,100,99541,100,100103,100,99461,100,100141,100,99308,100
2019-06-28 09:50:10.000000000,99961,260,99904,260,99966,260,99757,260,99994,200,99672,100,100016,100,99603,100,100035,100,99599,100,100037,100,99596,100,100044,100,99547,100,100087,100,99541,100,100103,100,99461,100,100141,100,99308,100
2019-06-28 09:50:20.000000000,99961,164,99904,164,99966,164,99757,164,99994,264,99672,164,100016,164,99603,164,100035,164,99599,164,100037,100,99596,100,100044,100,99547,100,100087,100,99541,100,100103,100,99461,100,100141,100,99308,100
2019-06-28 09:50:30.000000000,99961,260,99904,260,99966,260,99757,260,99994,200,99672,100,100016,100,99603,100,100035,100,99599,100,100037,100,99596,100,100044,100,99547,100,100087,100,99541,100,100103,100,99461,100,100141,100,99308,100
2019-06-28 09:50:40.000000000,99961,180,99904,180,99966,180,99757,180,99994,280,99672,180,100016,180,99603,180,100035,100,99599,100,100037,100,99596,100,100044,100,99547,100,100087,100,99541,100,100103,100,99461,100,100141,100,99308,100
2019-06-28 09:50:50.000000000,99961,180,99904,180,99966,180,99757,180,99994,280,99672,180,100016,180,99603,180,100035,100,99599,100,100037,100,99596,100,100044,100,99547,100,100087,100,99541,100,100103,100,99461,100,100141,100,99308,100
2019-06-28 09:51:00.000000000,99961,164,99904,164,99966,164,99757,164,99994,264,99672,164,100016,164,99603,164,100035,164,99599,164,100037,100,99596,100,100044,100,99547,100,100087,100,99541,100,100103,100,99461,100,100141,100,99308,100
2019-06-28 09:51:10.000000000,99961,260,99904,260,99966,260,99757,260,99994,200,99672,100,100016,100,99603,100,100035,100,99599,100,100037,100,99596,100,100044,100,99547,100,100087,100,99541,100,100103,100,99461,100,100141,100,99308,100
2019-06-28 09:51:20.000000000,99961,209,99904,209,99966,206,99757,206,99994,306,99672,206,100016,100,99603,100,100035,100,99599,100,100037,100,99596,100,100044,100,99547,100,100087,100,99541,100,100103,100,99461,100,100141,100,99308,100
2019-06-28 09:51:30.000000000,99961,260,99904,260,99966,260,99757,260,99994,200,99672,100,100016,100,99603,100,100035,100,99599,100,100037,100,99596,100,100044,100,99547,100,100087,100,99541,100,100103,100,99461,100,100141,100,99308,100
2019-06-28 09:51:34.967024895,99961,160,99904,260,99966,260,99757,260,99994,200,99672,100,100016,100,99603,100,100035,100,99599,100,100037,100,99596,100,100044,100,99541,100,100087,100,99461,100,100103,100,99308,100,100141,100,99159,100
2019-06-28 09:51:40.000000000,99966,164,99904,164,99994,264,99757,164,100016,164,99672,164,100035,164,99603,164,100037,164,99599,164,100044,100,99596,100,100087,100,99541,100,100103,100,99461,100,100141,100,99308,100,100142,100,99159,100
2019-06-28 09:51:48.694768333,99966,164,99920,100,99994,264,99904,164,100016,164,99757,164,100035,164,99672,164,100037,164,99603,164,100044,100,99599,164,100087,100,99596,100,100103,100,99541,100,100141,100,99461,100,100142,100,99308,100
2019-06-28 09:51:50.000000000,99966,420,99920,420,99994,200,99904,100,100016,100,99757,100,100035,100,99672,100,100037,100,99603,100,100044,100,99599,100,100087,100,99596,100,100103,100,99541,100,100141,100,99461,100,100142,100,99308,100
2019-06-28 09:52:00.000000000,99966,164,99920,164,99994,264,99904,164,100016,164,99757,164,100035,164,99672,164,100037,164,99603,164,100044,100,99599,100,100087,100,99596,100,100103,100,99541,100,100141,100,99461,100,100142,100,99308,100
2019-06-28 09:52:02.794147190,99966,64,99920,164,99994,264,99904,164,100016,164,99757,164,100035,164,99672,164,100037,164,99603,164,100044,100,99599,100,100087,100,99596,100,100103,100,99541,100,100141,100,99461,100,100142,100,99308,100
2019-06-28 09:52:10.000000000,99994,360,99920,260,100016,260,99904,260,100035,100,99757,100,100037,100,99672,100,100044,100,99603,100,100087,100,99599,100,100103,100,99596,100,100141,100,99541,100,100142,100,99461,100,100221,100,99308,100
2019-06-28 09:52:20.000000000,99994,264,99920,164,100016,164,99904,164,100035,164,99757,164,100037,164,99672,164,100044,164,99603,164,100087,100,99599,100,100103,100,99596,100,100141,100,99541,100,100142,100,99461,100,100221,100,99308,100
2019-06-28 09:52:30.000000000,99994,264,99920,164,100016,164,99904,164,100035,164,99757,164,100037,164,99672,164,100044,164,99603,164,100087,100,99599,100,100103,100,99596,100,100141,100,99541,100,100142,100,99461,100,100221,100,99308,100
2019-06-28 09:52:40.000000000,99994,280,99920,180,100016,180,99904,180,100035,180,99757,180,100037,180,99672,180,100044,100,99603,100,100087,100,99599,100,100103,100,99596,100,100141,100,99541,100,100142,100,99461,100,100221,100,99308,100
2019-06-28 09:52:44.783432095,99994,280,99920,180,100016,180,99904,180,100035,180,99757,180,100037,180,99672,180,100044,100,99603,100,100087,100,99599,100,100103,100,99596,100,100142,100,99541,100,100221,100,99461,100,100258,100,99308,100
2019-06-28 09:52:50.000000000,99994,280,99920,180,100016,180,99904,180,100035,180,99757,180,100037,180,99672,180,100044,100,99603,100,100087,100,99599,100,100103,100,99596,100,100142,100,99541,100,100221,100,99461,100,100258,100,99308,100
2019-06-28 09:52:54.455928348,99994,280,99920,180,100016,180,99904,180,100035,180,99757,180,100037,180,99672,180,100044,100,99603,100,100087,100,99599,100,100103,100,99596,100,100142,100,99541,100,100221,100,99461,100,100258,100,99159,100
2019-06-28 09:53:00.000000000,99994,264,99920,164,100016,164,99904,164,100035,164,99757,164,100037,164,99672,164,100044,164,99603,164,100087,100,99599,100,100103,100,99596,100,100142,100,99541,100,100221,100,99461,100,100258,100,99159,100
2019-06-28 09:53:10.000000000,99994,520,99920,420,100016,100,99904,100,100035,100,99757,100,100037,100,99672,100,100044,100,99603,100,100087,100,99599,100,100103,100,99596,100,100142,100,99541,100,100221,100,99461,100,100258,100,99159,100
2019-06-28 09:53:20.000000000,99994,280,99920,180,100016,180,99904,180,100035,180,99757,180,100037,180,99672,180,100044,100,99603,100,100087,100,99599,100,100103,100,99596,100,100142,100,99541,100,100221,100,99461,100,100258,100,99159,100
2019-06-28 09:53:22.262517500,99994,280,99921,100,100016,180,99920,180,100035,180,99904,180,100037,180,99757,180,100044,100,99672,180,100087,100,99603,100,100103,100,99599,100,100142,100,99596,100,100221,100,99541,100,100258,100,99461,100
2019-06-28 09:53:30.000000000,99994,360,99921,260,100016,260,99920,260,100035,100,99904,100,100037,100,99757,100,100044,100,99672,100,100087,100,99603,100,100103,100,99599,100,100142,100,99596,100,100221,100,99541,100,100258,100,99461,100
2019-06-28 09:53:36.560967204,99994,360,99921,260,100016,260,99920,260,100035,100,99904,100,100037,100,99757,100,100044,100,99672,100,100087,100,99603,100,100103,100,99599,100,100142,100,99596,100,100221,100,99541,100,100258,100,99461,100
2019-06-28 09:53:40.000000000,99994,309,99921,209,100016,206,99920,206,100035,206,99904,206,100037,100,99757,100,100044,100,99672,100,100087,100,99603,100,100103,100,99599,100,100142,100,99596,100,100221,100,99541,100,100258,100,99461,100
2019-06-28 09:53:50.000000000,99994,280,99921,180,100016,180,99920,180,100035,180,99904,180,100037,180,99757,180,100044,100,99672,100,100087,100,99603,100,100103,100,99599,100,100142,100,99596,100,100221,100,99541,100,100258,100,99461,100
2019-06-28 09:53:59.197669414,99994,180,99921,180,100016,180,99920,180,100035,180,99904,180,100037,80,99757,180,100044,100,99672,100,100087,100,99603,100,100103,100,99599,100,100142,100,99596,100,100221,100,99541,100,100258,100,99461,100
2019-06-28 09:54:00.000000000,99994,180,99921,180,100016,180,99920,180,100035,180,99904,180,100044,180,99757,180,100087,100,99672,100,100103,100,99603,100,100142,100,99599,100,100221,100,99596,100,100258,100,99541,100,100271,100,99461,100
2019-06-28 09:54:00.854665385,99994,80,99921,180,100016,180,99920,180,100035,180,99904,180,100044,180,99757,180,100087,100,99672,100,100103,100,99603,100,100142,100,99599,100,100221,100,99596,100,100258,100,99541,100,100271,100,99461,100
2019-06-28 09:54:10.000000000,100016,420,99921,420,100035,100,99920,100,100044,100,99904,100,100087,100,99757,100,100103,100,99672,100,100142,100,99603,100,100221,100,99599,100,100258,100,99596,100,100271,100,99541,100,100365,100,99461,100
2019-06-28 09:54:20.000000000,100016,260,99921,260,100035,260,99920,260,100044,100,99904,100,100087,100,99757,100,100103,100,99672,100,100142,100,99603,100,100221,100,99599,100,100258,100,99596,100,100271,100,99541,100,100365,100,99461,100
2019-06-28 09:54:21.145061712,100016,260,99921,260,100035,260,99920,260,100044,100,99904,100,100087,100,99757,100,100103,100,99672,100,100142,100,99603,100,100221,100,99599,100,100258,100,99596,100,100271,100,99541,100,100365,100,99461,100
2019-06-28 09:54:24.863658919,100016,260,99921,260,100035,260,99920,260,100044,100,99904,100,100087,100,99757,100,100103,100,99672,100,100142,100,99603,100,100221,100,99599,100,100258,100,99596,100,100271,100,99541,100,100365,100,99461,100
2019-06-28 09:54:30.000000000,100016,209,99921,209,100035,206,99920,206,100044,206,99904,206,100087,100,99757,100,100103,100,99672,100,100142,100,99603,100,100221,100,99599,100,100258,100,99596,100,100271,100,99541,100,100365,100,99461,100
2019-06-28 09:54:32.809866655,100016,109,99921,209,100035,206,99920,206,100044,206,99904,206,100087,100,99757,100,100103,100,99672,100,100142,100,99603,100,100221,100,99599,100,100258,100,99596,100,100271,100,99541,100,100365,100,99461,100
2019-06-28 09:54:40.000000000,100035,164,99921,164,100044,164,99920,164,100087,164,99904,164,100103,164,99757,164,100142,164,99672,164,100221,100,99603,100,100258,100,99599,100,100271,100,99596,100,100365,100,99541,100,100682,100,99461,100
2019-06-28 09:54:44.493175085,100035,64,99921,164,100044,164,99920,164,100087,164,99904,164,100103,164,99757,164,100142,164,99672,64,100221,100,99603,100,100258,100,99599,100,100271,100,99596,100,100365,100,99541,100,100682,100,99461,100
2019-06-28 09:54:50.000000000,100044,180,99921,180,100087,180,99920,180,100103,180,99904,180,100142,180,99757,180,100221,100,99603,100,100258,100,99599,100,100271,100,99596,100,100365,100,99541,100,100682,100,99461,100,100735,100,,
2019-06-28 09:55:00.000000000,100044,164,99921,164,100087,164,99920,164,100103,164,99904,164,100142,164,99757,164,100221,164,99603,164,100258,100,99599,100,100271,100,99596,100,100365,100,99541,100,100682,100,99461,100,100735,100,,
2019-06-28 09:55:01.783459132,100044,64,99921,164,100087,164,99920,164,100103,164,99904,164,100142,164,99757,164,100221,64,99603,164,100258,100,99599,100,100271,100,99596,100,100365,100,99541,100,100682,100,99461,100,100735,100,,
2019-06-28 09:55:01.811300124,100087,164,100044,36,100103,164,99921,164,100142,164,99920,164,100221,64,99904,164,100258,100,99757,164,100271,100,99603,164,100365,100,99599,100,100682,100,99596,100,100735,100,99541,100,100974,100,99461,100
2019-06-28 09:55:02.120081557,100087,164,100044,136,100103,164,99921,164,100142,164,99920,164,100221,64,99904,164,100258,100,99757,164,100271,100,99603,164,100365,100,99599,100,100682,100,99596,100,100735,100,99541,100,100974,100,99461,100
2019-06-28 09:55:10.000000000,100087,260,100044,296,100103,260,99921,260,100142,100,99920,100,100258,100,99904,100,100271,100,99757,100,100365,100,99603,100,100682,100,99599,100,100735,100,99596,100,100974,100,99541,100,,,99461,100
2019-06-28 09:55:20.000000000,100087,209,100044,245,100103,206,99921,206,100142,206,99920,206,100258,100,99904,100,100271,100,99757,100,100365,100,99603,100,100682,100,99599,100,100735,100,99596,100,100974,100,99541,100,,,99461,100
2019-06-28 09:55:30.000000000,100087,260,100044,296,100103,260,99921,260,100142,100,99920,100,100258,100,99904,100,100271,100,99757,100,100365,100,99603,100,100682,100,99599,100,100735,100,99596,100,100974,100,99541,100,,,99461,100
2019-06-28 09:55:39.714667233,100087,160,100044,296,100103,260,99921,260,100142,100,99920,100,100258,100,99904,100,100271,100,99757,100,100365,100,99603,100,100682,100,99599,100,100735,100,99596,100,100974,100,99541,100,,,99461,100
2019-06-28 09:55:40.000000000,100103,209,100044,245,100142,206,99921,206,100258,206,99920,206,100271,100,99904,100,100365,100,99757,100,100682,100,99603,100,100735,100,99599,100,100974,100,99596,100,,,99541,100,,,99461,100
2019-06-28 09:55:50.000000000,100103,420,100044,456,100142,100,99921,100,100258,100,99920,100,100271,100,99904,100,100365,100,99757,100,100682,100,99603,100,100735,100,99599,100,100974,100,99596,100,,,99541,100,,,99461,100
2019-06-28 09:56:00.000000000,100103,180,100044,216,100142,180,99921,180,100258,180,99920,180,100271,180,99904,180,100365,100,99757,100,100682,100,99603,100,100735,100,99599,100,100974,100,99596,100,,,99541,100,,,99461,100
2019-06-28 09:56:10.000000000,100103,164,100044,200,100142,164,99921,164,100258,164,99920,164,100271,164,99904,164,100365,164,99757,164,100682,100,99603,100,100735,100,99599,100,100974,100,99596,100,,,99541,100,,,99461,100
2019-06-28 09:56:20.000000000,100103,260,100044,296,100142,260,99921,260,100258,100,99920,100,100271,100,99904,100,100365,100,99757,100,100682,100,99603,100,100735,100,99599,100,100974,100,99596,100,,,99541,100,,,99461,100
2019-06-28 09:56:20.795110087,100103,160,100044,296,100142,260,99921,260,100258,100,99920,100,100271,100,99757,100,100365,100,99603,100,100682,100,99599,100,100735,100,99596,100,100974,100,99541,100,,,99461,100,,,,
2019-06-28 09:56:27.951571924,100103,160,100044,296,100142,260,99921,260,100258,100,99920,100,100271,100,99757,100,100365,100,99603,100,100390,100,99599,100,100682,100,99596,100,100735,100,99541,100,100974,100,99461,100,,,,
2019-06-28 09:56:30.000000000,100142,260,100044,296,100258,260,99921,260,100271,100,99920,100,100365,100,99757,100,100390,100,99603,100,100682,100,99599,100,100735,100,99596,100,100974,100,99541,100,,,99461,100,,,,
2019-06-28 09:56:40.000000000,100142,164,100044,200,100258,164,99921,164,100271,164,99920,164,100365,164,99757,164,100390,164,99603,164,100682,100,99599,100,100735,100,99596,100,100974,100,99541,100,,,99461,100,,,,
2019-06-28 09:56:50.000000000,100142,209,100044,245,100258,206,99921,206,100271,206,99920,206,100365,100,99757,100,100390,100,99603,100,100682,100,99599,100,100735,100,99596,100,100974,100,99541,100,,,99461,100,,,,
2019-06-28 09:56:53.655597433,100142,109,100044,245,100258,206,99921,206,100271,206,99920,206,100365,100,99757,100,100390,100,99603,100,100682,100,99599,100,100735,100,99596,100,100974,100,99541,100,,,99461,100,,,,
2019-06-28 09:57:00.000000000,100258,164,100044,200,100271,164,99921,164,100365,164,99920,164,100390,164,99757,164,100682,164,99603,164,100735,100,99599,100,100974,100,99596,100,,,99541,100,,,99461,100,,,,
2019-06-28 09:57:10.000000000,100258,260,100044,296,100271,260,99921,260,100365,100,99920,100,100390,100,99757,100,100682,100,99603,100,100735,100,99599,100,100974,100,99596,100,,,99541,100,,,99461,100,,,,
2019-06-28 09:57:20.000000000,100258,420,100044,456,100271,100,99921,100,100365,100,99920,100,100390,100,99757,100,100682,100,99603,100,100735,100,99599,100,100974,100,99596,100,,,99541,100,,,99461,100,,,,
2019-06-28 09:57:28.551813432,100258,420,100044,456,100263,100,99921,100,100271,100,99920,100,100365,100,99757,100,100390,100,99599,100,100682,100,99596,100,100735,100,99541,100,100974,100,99461,100,,,,,,,,
2019-06-28 09:57:30.000000000,100258,209,100044,245,100263,206,99921,206,100271,206,99920,206,100365,100,99757,100,100390,100,99599,100,100682,100,99596,100,100735,100,99541,100,100974,100,99461,100,,,,,,,,
2019-06-28 09:57:31.291227629,100258,209,100103,100,100263,206,100044,245,100271,206,99921,206,100365,100,99920,206,100390,100,99757,100,100682,100,99599,100,100735,100,99596,100,100974,100,99541,100,,,99461,100,,,,
2019-06-28 09:57:40.000000000,100258,164,100103,164,100263,164,100044,200,100271,164,99921,164,100365,164,99920,164,100390,164,99757,164,100682,100,99599,100,100735,100,99596,100,100974,100,99541,100,,,99461,100,,,,
2019-06-28 09:57:43.263514163,100258,64,100103,164,100263,164,100044,200,100271,164,99921,164,100365,164,99920,164,100390,164,99757,164,100682,100,99599,100,100735,100,99596,100,100974,100,99541,100,,,99461,100,,,,
2019-06-28 09:57:48.054344865,100258,64,100142,100,100263,164,100103,164,100271,164,100044,200,100365,164,99921,164,100390,164,99920,164,100682,100,99757,164,100735,100,99599,100,100974,100,99596,100,,,99541,100,,,99461,100
2019-06-28 09:57:50.000000000,100263,164,100142,164,100271,164,100103,164,100365,164,100044,200,100390,164,99921,164,100682,164,99920,164,100735,100,99757,100,100974,100,99599,100,,,99596,100,,,99541,100,,,99461,100
2019-06-28 09:58:00.000000000,100263,420,100142,420,100271,100,100103,100,100365,100,100044,136,100390,100,99921,100,100682,100,99920,100,100735,100,99757,100,100974,100,99599,100,,,99596,100,,,99541,100,,,99461,100
2019-06-28 09:58:10.000000000,100263,209,100142,209,100271,206,100103,206,100365,206,100044,242,100390,100,99921,100,100682,100,99920,100,100735,100,99757,100,100974,100,99599,100,,,99596,100,,,99541,100,,,99461,100
2019-06-28 09:58:20.000000000,100263,209,100142,209,100271,206,100103,206,100365,206,100044,242,100390,100,99921,100,100682,100,99920,100,100735,100,99757,100,100974,100,99599,100,,,99596,100,,,99541,100,,,99461,100
2019-06-28 09:58:20.453803143,100263,209,100211,100,100271,206,100142,209,100365,206,100103,206,100390,100,100044,242,100682,100,99921,100,100735,100,99920,100,100974,100,99757,100,,,99599,100,,,99596,100,,,99541,100
2019-06-28 09:58:21.051767101,100257,100,100211,100,100263,209,100142,109,100271,206,100103,206,100365,206,100044,242,100390,100,99921,100,100682,100,99920,100,100735,100,99757,100,100974,100,99599,100,,,99596,100,,,99541,100
2019-06-28 09:58:24.854561921,100257,100,100211,100,100263,109,100178,100,100271,206,100142,109,100365,206,100103,206,100390,100,100044,242,100682,100,99921,100,100735,100,99920,100,100974,100,99757,100,,,99599,100,,,99596,100
2019-06-28 09:58:26.896830979,100263,109,100211,100,100271,206,100178,100,100365,206,100142,109,100390,100,100103,206,100682,100,100044,242,100735,100,99921,100,100974,100,99920,100,,,99757,100,,,99599,100,,,99596,100
2019-06-28 09:58:30.000000000,100271,180,100211,180,100365,180,100178,180,100390,180,100103,180,100682,180,100044,216,100735,100,99921,100,100974,100,99920,100,,,99757,100,,,99599,100,,,99596,100,,,99541,100
2019-06-28 09:58:36.228844847,100271,180,100211,180,100328,100,100178,180,100365,180,100103,180,100390,180,100044,216,100682,180,99921,100,100735,100,99920,100,100974,100,99757,100,,,99599,100,,,99596,100,,,99541,100
2019-06-28 09:58:40.000000000,100271,209,100211,209,100328,206,100178,206,100365,206,100103,206,100390,100,100044,136,100682,100,99921,100,100735,100,99920,100,100974,100,99757,100,,,99599,100,,,99596,100,,,99541,100
2019-06-28 09:58:50.000000000,100271,209,100211,209,100328,206,100178,206,100365,206,100103,206,100390,100,100044,136,100682,100,99921,100,100735,100,99920,100,100974,100,99757,100,,,99599,100,,,99596,100,,,99541,100
2019-06-28 09:58:57.300795976,100271,109,100211,209,100328,206,100178,206,100365,206,100103,206,100390,100,100044,136,100682,100,99921,100,100735,100,99920,100,100974,100,99757,100,,,99599,100,,,99596,100,,,99541,100
2019-06-28 09:59:00.000000000,100328,260,100211,260,100365,260,100178,260,100390,100,100103,100,100682,100,100044,136,100735,100,99921,100,100974,100,99920,100,,,99757,100,,,99599,100,,,99596,100,,,99541,100
2019-06-28 09:59:10.000000000,100328,209,100211,209,100365,206,100178,206,100390,206,100103,206,100682,100,100044,136,100735,100,99921,100,100974,100,99920,100,,,99757,100,,,99599,100,,,99596,100,,,99541,100
2019-06-28 09:59:12.109137400,100328,209,100211,209,100358,100,100178,206,100365,206,100103,206,100390,206,100044,136,100682,100,99921,100,100735,100,99920,100,100974,100,99757,100,,,99599,100,,,99596,100,,,99541,100
2019-06-28 09:59:17.082791545,100328,209,100211,209,100358,100,100178,206,100365,206,100103,206,100390,206,100044,136,100435,100,99921,100,100682,100,99920,100,100735,100,99757,100,100974,100,99599,100,,,99596,100,,,99541,100
2019-06-28 09:59:17.619828900,100328,209,100257,100,100358,100,100211,209,100365,206,100178,206,100390,206,100103,206,100435,100,100044,136,100682,100,99921,100,100735,100,99757,100,100974,100,99599,100,,,99596,100,,,99541,100
2019-06-28 09:59:20.000000000,100328,209,100257,209,100358,206,100211,206,100365,206,100178,206,100390,100,100103,100,100435,100,100044,136,100682,100,99921,100,100735,100,99757,100,100974,100,99599,100,,,99596,100,,,99541,100
2019-06-28 09:59:30.000000000,100328,180,100257,180,100358,180,100211,180,100365,180,100178,180,100390,180,100103,180,100435,100,100044,136,100682,100,99921,100,100735,100,99757,100,100974,100,99599,100,,,99596,100,,,99541,100
2019-06-28 09:59:33.572494810,100328,80,100257,180,100358,180,100211,180,100365,180,100178,180,100390,180,100103,180,100435,100,100044,136,100682,100,99921,100,100735,100,99757,100,100974,100,99599,100,,,99596,100,,,99541,100
2019-06-28 09:59:40.000000000,100358,164,100257,164,100365,164,100211,164,100390,164,100178,164,100435,164,100103,164,100682,164,100044,200,100735,100,99921,100,100974,100,99757,100,,,99599,100,,,99596,100,,,99541,100
2019-06-28 09:59:50.000000000,100358,260,100257,260,100365,260,100211,260,100390,100,100178,100,100435,100,100103,100,100682,100,100044,136,100735,100,99921,100,100974,100,99757,100,,,99599,100,,,99596,100,,,99541,100
2019-06-28 10:00:00.000000000,100358,164,100257,164,100365,164,100211,164,100390,164,100178,164,100435,164,100103,164,100682,164,100044,200,100735,100,99921,100,100974,100,99757,100,,,99599,100,,,99596,100,,,99541,100
2019-06-28 10:00:10.000000000,100358,180,100257,180,100365,180,100211,180,100390,180,100178,180,100435,180,100103,180,100682,100,100044,136,100735,100,99921,100,100974,100,99757,100,,,99599,100,,,99596,100,,,99541,100
2019-06-28 10:00:19.115715352,100365,180,100358,20,100390,180,100257,180,100435,180,100211,180,100682,100,100178,180,100735,100,100103,180,100974,100,100044,136,,,99921,100,,,99757,100,,,99599,100,,,99596,100
2019-06-28 10:00:20.000000000,100365,164,100358,84,100390,164,100257,164,100435,164,100211,164,100682,164,100178,164,100735,164,100103,164,100974,100,100044,136,,,99921,100,,,99757,100,,,99599,100,,,99596,100
2019-06-28 10:00:30.000000000,100365,420,100358,340,100390,100,100257,100,100435,100,100211,100,100682,100,100178,100,100735,100,100103,100,100974,100,100044,136,,,99921,100,,,99757,100,,,99599,100,,,99596,100
2019-06-28 10:00:33.996672436,100365,420,100358,340,100390,100,100257,100,100435,100,100211,100,100682,100,100178,100,100735,100,100103,100,100911,100,100044,136,100974,100,99921,100,,,99757,100,,,99599,100,,,99596,100
2019-06-28 10:00:37.362548565,100365,420,100358,340,100390,100,100257,100,100435,100,100211,100,100682,100,100178,100,100735,100,100103,100,100908,100,100044,136,100911,100,99921,100,100974,100,99757,100,,,99599,100,,,99596,100
2019-06-28 10:00:40.000000000,100365,180,100358,100,100390,180,100257,180,100435,180,100211,180,100682,180,100178,180,100735,100,100103,100,100908,100,100044,136,100911,100,99921,100,100974,100,99757,100,,,99599,100,,,99596,100
2019-06-28 10:00:50.000000000,100365,164,100358,84,100390,164,100257,164,100435,164,100211,164,100682,164,100178,164,100735,164,100103,164,100908,100,100044,136,100911,100,99921,100,100974,100,99757,100,,,99599,100,,,99596,100
2019-06-28 10:00:54.098641439,100365,64,100358,84,100390,164,100257,164,100435,164,100211,164,100682,164,100178,164,100735,164,100103,164,100908,100,100044,136,100911,100,99921,100,100974,100,99757,100,,,99599,100,,,99596,100
2019-06-28 10:01:00.000000000,100390,180,100358,100,100435,180,100257,180,100682,180,100211,180,100735,180,100178,180,100908,100,100103,100,100911,100,100044,136,100974,100,99921,100,,,99757,100,,,99599,100,,,99596,100
2019-06-28 10:01:10.000000000,100390,260,100358,180,100435,260,100257,260,100682,100,100211,100,100735,100,100178,100,100908,100,100103,100,100911,100,100044,136,100974,100,99921,100,,,99757,100,,,99599,100,,,99596,100
2019-06-28 10:01:20.000000000,100390,164,100358,84,100435,164,100257,164,100682,164,100211,164,100735,164,100178,164,100908,164,100103,164,100911,100,100044,136,100974,100,99921,100,,,99757,100,,,99599,100,,,99596,100
2019-06-28 10:01:30.000000000,100390,260,100358,180,100435,260,100257,260,100682,100,100211,100,100735,100,100178,100,100908,100,100103,100,100911,100,100044,136,100974,100,99921,100,,,99757,100,,,99599,100,,,99596,100
2019-06-28 10:01:38.436864605,100390,260,100358,80,100435,260,100257,260,100682,100,100211,100,100735,100,100178,100,100908,100,100103,100,100911,100,100044,136,100974,100,99921,100,,,99757,100,,,99599,100,,,99596,100
2019-06-28 10:01:40.000000000,100390,164,100257,164,100435,164,100211,164,100682,164,100178,164,100735,164,100103,164,100908,164,100044,200,100911,100,99921,100,100974,100,99757,100,,,99599,100,,,99596,100,,,99541,100
2019-06-28 10:01:50.000000000,100390,180,100257,180,100435,180,100211,180,100682,180,100178,180,100735,180,100103,180,100908,100,100044,136,100911,100,99921,100,100974,100,99757,100,,,99599,100,,,99596,100,,,99541,100
2019-06-28 10:02:00.000000000,100390,209,100257,209,100435,206,100211,206,100682,206,100178,206,100735,100,100103,100,100908,100,100044,136,100911,100,99921,100,100974,100,99757,100,,,99599,100,,,99596,100,,,99541,100
2019-06-28 10:02:10.000000000,100390,209,100257,209,100435,206,100211,206,100682,206,100178,206,100735,100,100103,100,100908,100,100044,136,100911,100,99921,100,100974,100,99757,100,,,99599,100,,,99596,100,,,99541,100
2019-06-28 10:02:19.083689737,100390,209,100257,209,100435,206,100211,206,100682,206,100178,206,100735,100,100103,100,100908,100,100044,136,100911,100,99921,100,100974,100,99757,100,,,99729,100,,,99599,100,,,99596,100
2019-06-28 10:02:20.000000000,100390,260,100257,260,100435,260,100211,260,100682,100,100178,100,100735,100,100103,100,100908,100,100044,136,100911,100,99921,100,100974,100,99757,100,,,99729,100,,,99599,100,,,99596,100
2019-06-28 10:02:26.127161329,100390,260,100257,160,100435,160,100211,260,100682,100,100178,100,100735,100,100103,100,100908,100,100044,136,100911,100,99921,100,100974,100,99757,100,,,99729,100,,,99599,100,,,99596,100
2019-06-28 10:02:27.035688552,100358,100,100257,160,100390,260,100211,260,100435,160,100178,100,100682,100,100103,100,100735,100,100044,136,100908,100,99921,100,100911,100,99757,100,100974,100,99729,100,,,99599,100,,,99596,100
2019-06-28 10:02:29.722646904,100358,100,100257,160,100390,260,100211,260,100435,160,100178,100,100682,100,100103,100,100735,100,100044,136,100908,100,99921,100,100911,100,99757,100,100974,100,99729,100,,,99716,100,,,99599,100
2019-06-28 10:02:30.000000000,100358,180,100211,180,100390,180,100178,180,100682,180,100103,180,100735,180,100044,216,100908,100,99921,100,100911,100,99757,100,100974,100,99729,100,,,99716,100,,,99599,100,,,99596,100
2019-06-28 10:02:40.000000000,100358,180,100211,180,100390,180,100178,180,100682,180,100103,180,100735,180,100044,216,100908,100,99921,100,100911,100,99757,100,100974,100,99729,100,,,99716,100,,,99599,100,,,99596,100
2019-06-28 10:02:50.000000000,100358,164,100211,164,100390,164,100178,164,100682,164,100103,164,100735,164,100044,200,100908,164,99921,164,100911,100,99757,100,100974,100,99729,100,,,99716,100,,,99599,100,,,99596,100
2019-06-28 10:03:00.000000000,100358,260,100211,260,100390,260,100178,260,100682,100,100103,100,100735,100,100044,136,100908,100,99921,100,100911,100,99757,100,100974,100,99729,100,,,99716,100,,,99599,100,,,99596,100
2019-06-28 10:03:10.000000000,100358,209,100211,209,100390,206,100178,206,100682,206,100103,206,100735,100,100044,136,100908,100,99921,100,100911,100,99757,100,100974,100,99729,100,,,99716,100,,,99599,100,,,99596,100
2019-06-28 10:03:20.000000000,100358,420,100211,420,100390,100,100178,100,100682,100,100103,100,100735,100,100044,136,100908,100,99921,100,100911,100,99757,100,100974,100,99729,100,,,99716,100,,,99599,100,,,99596,100
2019-06-28 10:03:30.000000000,100358,420,100211,420,100390,100,100178,100,100682,100,100103,100,100735,100,100044,136,100908,100,99921,100,100911,100,99757,100,100974,100,99729,100,,,99716,100,,,99599,100,,,99596,100
2019-06-28 10:03:32.937210770,100358,520,100211,420,100390,100,100178,100,100682,100,100103,100,100735,100,100044,36,100908,100,99921,100,100911,100,99757,100,100974,100,99729,100,,,99716,100,,,99599,100,,,99596,100
2019-06-28 10:03:40.000000000,100358,280,100211,180,100390,180,100178,180,100682,180,100103,180,100735,180,100044,116,100908,100,99921,100,100911,100,99757,100,100974,100,99729,100,,,99716,100,,,99599,100,,,99596,100
2019-06-28 10:03:49.247494470,100358,280,100211,80,100390,180,100178,180,100682,180,100103,180,100735,180,100044,116,100908,100,99921,100,100911,100,99757,100,100974,100,99729,100,,,99716,100,,,99599,100,,,99596,100
2019-06-28 10:03:50.000000000,100358,264,100178,164,100390,164,100103,164,100682,164,100044,100,100735,164,99921,164,100908,164,99757,164,100911,100,99729,100,100974,100,99716,100,,,99599,100,,,99596,100,,,99541,100
2019-06-28 10:04:00.000000000,100358,360,100178,260,100390,260,100103,260,100682,100,100044,36,100735,100,99921,100,100908,100,99757,100,100911,100,99729,100,100974,100,99716,100,,,99599,100,,,99596,100,,,99541,100
2019-06-28 10:04:10.000000000,100358,360,100178,260,100390,260,100103,260,100682,100,100044,36,100735,100,99921,100,100908,100,99757,100,100911,100,99729,100,100974,100,99716,100,,,99599,100,,,99596,100,,,99541,100
2019-06-28 10:04:10.520735888,100358,360,100178,260,100390,260,100103,260,100682,100,100044,36,100735,100,99949,100,100908,100,99921,100,100911,100,99757,100,100974,100,99729,100,,,99716,100,,,99596,100,,,99541,100
2019-06-28 10:04:20.000000000,100358,264,100178,164,100390,164,100103,164,100682,164,100044,100,100735,164,99949,164,100908,164,99921,164,100911,100,99757,100,100974,100,99729,100,,,99716,100,,,99596,100,,,99541,100
2019-06-28 10:04:30.000000000,100358,360,100178,260,100390,260,100103,260,100682,100,100044,36,100735,100,99949,100,100908,100,99921,100,100911,100,99757,100,100974,100,99729,100,,,99716,100,,,99596,100,,,99541,100
2019-06-28 10:04:32.883653845,100358,360,100294,100,100390,260,100178,260,100682,100,100103,260,100735,100,100044,36,100908,100,99949,100,100911,100,99921,100,100974,100,99757,100,,,99729,100,,,99716,100,,,99596,100
2019-06-28 10:04:40.000000000,100358,309,100294,209,100390,206,100178,206,100682,206,100103,206,100735,100,100044,36,100908,100,99949,100,100911,100,99921,100,100974,100,99757,100,,,99729,100,,,99716,100,,,99596,100
2019-06-28 10:04:50.000000000,100358,264,100294,164,100390,164,100178,164,100682,164,100103,164,100735,164,100044,100,100908,164,99949,164,100911,100,99921,100,100974,100,99757,100,,,99729,100,,,99716,100,,,99596,100
2019-06-28 10:05:00.000000000,100358,309,100294,209,100390,206,100178,206,100682,206,100103,206,100735,100,100044,36,100908,100,99949,100,100911,100,99921,100,100974,100,99757,100,,,99729,100,,,99716,100,,,99596,100
2019-06-28 10:05:04.164706264,100358,309,100294,209,100390,206,100178,206,100682,206,100103,206,100735,100,100045,100,100908,100,100044,36,100911,100,99949,100,100974,100,99921,100,,,99757,100,,,99729,100,,,99716,100
2019-06-28 10:05:10.000000000,100358,309,100294,209,100390,206,100178,206,100682,206,100103,206,100735,100,100045,100,100908,100,100044,36,100911,100,99949,100,100974,100,99921,100,,,99757,100,,,99729,100,,,99716,100
2019-06-28 10:05:19.218757755,100358,309,100294,109,100390,206,100178,206,100682,206,100103,206,100735,100,100045,100,100908,100,100044,36,100911,100,99949,100,100974,100,99921,100,,,99757,100,,,99729,100,,,99716,100
2019-06-28 10:05:20.000000000,100358,520,100178,420,100390,100,100103,100,100682,100,100045,100,100735,100,100044,36,100908,100,99949,100,100911,100,99921,100,100974,100,99757,100,,,99729,100,,,99716,100,,,99596,100
2019-06-28 10:05:29.301086913,100358,520,100178,320,100390,100,100103,100,100682,100,100045,100,100735,100,100044,36,100908,100,99949,100,100911,100,99921,100,100974,100,99757,100,,,99729,100,,,99716,100,,,99596,100
2019-06-28 10:05:30.000000000,100358,360,100103,260,100390,260,100045,260,100682,100,100044,36,100735,100,99949,100,100908,100,99921,100,100911,100,99757,100,100974,100,99729,100,,,99716,100,,,99596,100,,,99541,100
2019-06-28 10:05:31.794415423,100358,360,100103,260,100390,260,100045,160,100432,100,100044,36,100682,100,99949,100,100735,100,99921,100,100908,100,99757,100,100911,100,99729,100,100974,100,99716,100,,,99596,100,,,99541,100
2019-06-28 10:05:33.405611179,100358,360,100103,160,100390,160,100045,160,100432,100,100044,36,100682,100,99949,100,100735,100,99921,100,100908,100,99757,100,100911,100,99729,100,100974,100,99716,100,,,99596,100,,,99541,100
2019-06-28 10:05:35.638714932,100358,360,100103,60,100390,160,100045,160,100432,100,100044,36,100682,100,99949,100,100735,100,99921,100,100908,100,99757,100,100911,100,99729,100,100974,100,99716,100,,,99596,100,,,99541,100
2019-06-28 10:05:40.000000000,100358,360,100044,196,100432,260,99949,260,100682,100,99921,100,100735,100,99757,100,100908,100,99729,100,100911,100,99716,100,100974,100,99596,100,,,99541,100,,,,,,,,
2019-06-28 10:05:50.000000000,100358,280,100044,116,100432,180,99949,180,100682,180,99921,180,100735,180,99757,180,100908,100,99729,100,100911,100,99716,100,100974,100,99596,100,,,99541,100,,,,,,,,
2019-06-28 10:06:00.000000000,100358,264,100044,100,100432,164,99949,164,100682,164,99921,164,100735,164,99757,164,100908,164,99729,164,100911,100,99716,100,100974,100,99596,100,,,99541,100,,,,,,,,
2019-06-28 10:06:10.000000000,100358,309,100044,145,100432,206,99949,206,100682,206,99921,206,100735,100,99757,100,100908,100,99729,100,100911,100,99716,100,100974,100,99596,100,,,99541,100,,,,,,,,
2019-06-28 10:06:13.482007906,100358,209,100044,145,100432,206,99949,206,100682,206,99921,206,100735,100,99757,100,100908,100,99729,100,100911,100,99716,100,100974,100,99596,100,,,99541,100,,,,,,,,
2019-06-28 10:06:14.660249431,100358,209,100044,145,100432,206,99949,206,100682,206,99921,206,100735,100,99826,100,100908,100,99757,100,100911,100,99729,100,100974,100,99716,100,,,99596,100,,,99541,100,,,,
2019-06-28 10:06:14.710723348,100081,100,100044,145,100358,209,99949,206,100432,206,99921,206,100682,206,99826,100,100735,100,99757,100,100908,100,99729,100,100911,100,99716,100,100974,100,99596,100,,,99541,100,,,,
2019-06-28 10:06:20.000000000,100081,209,100044,145,100358,206,99949,206,100432,206,99921,206,100682,100,99826,100,100735,100,99757,100,100908,100,99729,100,100911,100,99716,100,100974,100,99596,100,,,99541,100,,,,
2019-06-28 10:06:26.378635411,100081,209,100044,145,100358,206,100001,100,100432,206,99949,206,100682,100,99921,206,100735,100,99826,100,100908,100,99757,100,100911,100,99729,100,100974,100,99716,100,,,99596,100,,,99541,100
2019-06-28 10:06:29.380020550,100081,209,100044,145,100203,100,100001,100,100358,206,99949,206,100432,206,99921,206,100682,100,99826,100,100735,100,99757,100,100908,100,99729,100,100911,100,99716,100,100974,100,99596,100,,,99541,100
2019-06-28 10:06:30.000000000,100081,260,100044,196,100203,260,100001,260,100358,100,99949,100,100432,100,99921,100,100682,100,99826,100,100735,100,99757,100,100908,100,99729,100,100911,100,99716,100,100974,100,99596,100,,,99541,100
2019-06-28 10:06:32.926715559,100081,260,100044,196,100144,100,100001,260,100203,260,99949,100,100358,100,99921,100,100432,100,99826,100,100682,100,99757,100,100735,100,99729,100,100908,100,99716,100,100911,100,99596,100,100974,100,99541,100
2019-06-28 10:06:34.429641648,100081,160,100044,196,100144,100,100001,260,100203,260,99949,100,100358,100,99921,100,100432,100,99826,100,100682,100,99757,100,100735,100,99729,100,100908,100,99716,100,100911,100,99596,100,100974,100,99541,100
2019-06-28 10:06:40.000000000,100144,164,100044,100,100203,164,100001,164,100358,164,99949,164,100432,164,99921,164,100682,164,99826,164,100735,100,99757,100,100908,100,99729,100,100911,100,99716,100,100974,100,99596,100,,,99541,100
2019-06-28 10:06:50.000000000,100144,180,100044,116,100203,180,100001,180,100358,180,99949,180,100432,180,99921,180,100682,100,99826,100,100735,100,99757,100,100908,100,99729,100,100911,100,99716,100,100974,100,99596,100,,,99541,100
2019-06-28 10:06:54.880712525,100144,180,100081,100,100203,180,100044,116,100358,180,100001,180,100432,180,99949,180,100682,100,99921,180,100735,100,99826,100,100908,100,99757,100,100911,100,99729,100,100974,100,99716,100,,,99596,100
2019-06-28 10:07:00.000000000,100144,209,100081,209,100203,206,100044,142,100358,206,100001,206,100432,100,99949,100,100682,100,99921,100,100735,100,99826,100,100908,100,99757,100,100911,100,99729,100,100974,100,99716,100,,,99596,100
2019-06-28 10:07:10.000000000,100144,260,100081,260,100203,260,100044,196,100358,100,100001,100,100432,100,99949,100,100682,100,99921,100,100735,100,99826,100,100908,100,99757,100,100911,100,99729,100,100974,100,99716,100,,,99596,100
2019-06-28 10:07:20.000000000,100144,164,100081,164,100203,164,100044,100,100358,164,100001,164,100432,164,99949,164,100682,164,99921,164,100735,100,99826,100,100908,100,99757,100,100911,100,99729,100,100974,100,99716,100,,,99596,100
2019-06-28 10:07:30.000000000,100144,180,100081,180,100203,180,100044,116,100358,180,100001,180,100432,180,99949,180,100682,100,99921,100,100735,100,99826,100,100908,100,99757,100,100911,100,99729,100,100974,100,99716,100,,,99596,100
2019-06-28 10:07:40.000000000,100144,420,100081,420,100203,100,100044,36,100358,100,100001,100,100432,100,99949,100,100682,100,99921,100,100735,100,99826,100,100908,100,99757,100,100911,100,99729,100,100974,100,99716,100,,,99596,100
2019-06-28 10:07:43.290181276,100144,420,100081,520,100203,100,100044,36,100358,100,100001,100,100432,100,99949,100,100682,100,99921,100,100735,100,99826,100,100908,100,99757,100,100911,100,99729,100,100974,100,99716,100,,,99596,100
2019-06-28 10:07:50.000000000,100144,209,100081,309,100203,206,100044,142,100358,206,100001,206,100432,100,99949,100,100682,100,99921,100,100735,100,99826,100,100908,100,99757,100,100911,100,99729,100,100974,100,99716,100,,,99596,100
2019-06-28 10:08:00.000000000,100144,180,100081,280,100203,180,100044,116,100358,180,100001,180,100432,180,99949,180,100682,100,99921,100,100735,100,99826,100,100908,100,99757,100,100911,100,99729,100,100974,100,99716,100,,,99596,100
2019-06-28 10:08:04.921058855,100144,180,100081,280,100203,180,100044,116,100358,180,100001,180,100432,180,99949,180,100460,100,99921,100,100682,100,99826,100,100735,100,99757,100,100908,100,99729,100,100911,100,99596,100,100974,100,99541,100
2019-06-28 10:08:10.000000000,100144,209,100081,309,100203,206,100044,142,100358,206,100001,206,100432,100,99949,100,100460,100,99921,100,100682,100,99826,100,100735,100,99757,100,100908,100,99729,100,100911,100,99596,100,100974,100,99541,100
2019-06-28 10:08:20.000000000,100144,164,100081,264,100203,164,100044,100,100358,164,100001,164,100432,164,99949,164,100460,164,99921,164,100682,100,99826,100,100735,100,99757,100,100908,100,99729,100,100911,100,99596,100,100974,100,99541,100
2019-06-28 10:08:30.000000000,100144,260,100081,360,100203,260,100044,196,100358,100,100001,100,100432,100,99949,100,100460,100,99921,100,100682,100,99826,100,100735,100,99757,100,100908,100,99729,100,100911,100,99596,100,100974,100,99541,100
2019-06-28 10:08:40.000000000,100144,209,100081,309,100203,206,100044,142,100358,206,100001,206,100432,100,99949,100,100460,100,99921,100,100682,100,99826,100,100735,100,99757,100,100908,100,99729,100,100911,100,99596,100,100974,100,99541,100
2019-06-28 10:08:50.000000000,100144,420,100081,520,100203,100,100044,36,100358,100,100001,100,100432,100,99949,100,100460,100,99921,100,100682,100,99826,100,100735,100,99757,100,100908,100,99729,100,100911,100,99596,100,100974,100,99541,100
2019-06-28 10:09:00.000000000,100144,164,100081,264,100203,164,100044,100,100358,164,100001,164,100432,164,99949,164,100460,164,99921,164,100682,100,99826,100,100735,100,99757,100,100908,100,99729,100,100911,100,99596,100,100974,100,99541,100
2019-06-28 10:09:01.570540926,100144,164,100081,364,100203,164,100044,100,100358,164,100001,164,100432,164,99949,164,100460,164,99921,164,100682,100,99826,100,100735,100,99757,100,100908,100,99729,100,100911,100,99596,100,100974,100,99541,100
2019-06-28 10:09:06.085237548,100144,64,100081,364,100203,164,100044,100,100358,164,100001,164,100432,164,99949,164,100460,164,99921,164,100682,100,99826,100,100735,100,99757,100,100908,100,99729,100,100911,100,99541,100,100974,100,,
2019-06-28 10:09:06.136970936,100144,64,100082,100,100203,164,100081,364,100358,164,100044,100,100432,164,100001,164,100460,164,99949,164,100682,100,99921,164,100735,100,99826,100,100908,100,99757,100,100911,100,99729,100,100974,100,99541,100
2019-06-28 10:09:10.000000000,100203,180,100082,180,100358,180,100081,380,100432,180,100044,116,100460,180,100001,180,100682,100,99949,100,100735,100,99921,100,100908,100,99826,100,100911,100,99757,100,100974,100,99729,100,,,99541,100
2019-06-28 10:09:20.000000000,100203,180,100082,180,100358,180,100081,380,100432,180,100044,116,100460,180,100001,180,100682,100,99949,100,100735,100,99921,100,100908,100,99826,100,100911,100,99757,100,100974,100,99729,100,,,99541,100
2019-06-28 10:09:30.000000000,100203,180,100082,180,100358,180,100081,380,100432,180,100044,116,100460,180,100001,180,100682,100,99949,100,100735,100,99921,100,100908,100,99826,100,100911,100,99757,100,100974,100,99729,100,,,99541,100
2019-06-28 10:09:32.317590417,100114,100,100082,180,100203,180,100081,380,100358,180,100044,116,100432,180,100001,180,100460,180,99949,100,100682,100,99921,100,100735,100,99826,100,100908,100,99757,100,100911,100,99729,100,100974,100,99541,100
2019-06-28 10:09:38.034110036,100114,100,100082,180,100203,180,100081,380,100344,100,100044,116,100358,180,100001,180,100432,180,99949,100,100460,180,99921,100,100682,100,99826,100,100735,100,99757,100,100908,100,99729,100,100911,100,99541,100
2019-06-28 10:09:40.000000000,100114,164,100082,164,100203,164,100081,364,100344,164,100044,100,100358,164,100001,164,100432,164,99949,164,100460,100,99921,100,100682,100,99826,100,100735,100,99757,100,100908,100,99729,100,100911,100,99541,100
2019-06-28 10:09:41.016488763,100114,164,100082,164,100203,164,100081,364,100344,164,100044,100,100358,164,100013,100,100432,164,100001,164,100460,100,99949,64,100682,100,99921,100,100735,100,99826,100,100908,100,99757,100,100911,100,99729,100
2019-06-28 10:09:50.000000000,100114,260,100082,260,100203,260,100081,460,100344,100,100044,36,100358,100,100013,100,100432,100,100001,100,100460,100,99921,100,100682,100,99826,100,100735,100,99757,100,100908,100,99729,100,100911,100,99541,100
