,ask_price_1,ask_size_1,bid_price_1,bid_size_1,ask_price_2,ask_size_2,bid_price_2,bid_size_2,ask_price_3,ask_size_3,bid_price_3,bid_size_3,ask_price_4,ask_size_4,bid_price_4,bid_size_4,ask_price_5,ask_size_5,bid_price_5,bid_size_5,ask_price_6,ask_size_6,bid_price_6,bid_size_6,ask_price_7,ask_size_7,bid_price_7,bid_size_7,ask_price_8,ask_size_8,bid_price_8,bid_size_8,ask_price_9,ask_size_9,bid_price_9,bid_size_9,ask_price_10,ask_size_10,bid_price_10,bid_size_10
2019-06-28 09:30:00.000000001,100171,100,,,,,,,,,,,,,,,,,,,,,,,,,,,,,,,,,,,,,,
2019-06-28 09:30:00.000000003,100171,100,99906,100,,,,,,,,,,,,,,,,,,,,,,,,,,,,,,,,,,,,
2019-06-28 09:30:00.000000004,99983,100,99906,100,100080,100,,,100171,100,,,,,,,,,,,,,,,,,,,,,,,,,,,,,,
2019-06-28 09:30:00.000000006,99983,100,99906,100,100080,100,,,100167,100,,,100171,100,,,,,,,,,,,,,,,,,,,,,,,,,,
2019-06-28 09:30:00.000000007,99983,100,99906,100,100028,100,,,100080,100,,,100167,100,,,100171,100,,,,,,,,,,,,,,,,,,,,,,
2019-06-28 09:30:00.000000010,99952,100,99906,100,99983,100,99873,100,100028,100,,,100080,100,,,100085,100,,,100167,100,,,100171,100,,,,,,,,,,,,,,
2019-06-28 09:30:00.000000011,99983,100,99906,100,100028,100,99873,100,100080,100,,,100085,100,,,100142,100,,,100167,100,,,100171,100,,,,,,,,,,,,,,
2019-06-28 09:30:00.000000013,99911,100,99906,100,99983,100,99873,100,100028,100,,,100080,100,,,100085,100,,,100091,100,,,100142,100,,,100167,100,,,100171,100,,,,,,
2019-06-28 09:30:00.000000016,99911,100,99906,100,99983,100,99886,100,100028,100,99873,100,100080,100,99776,100,100085,100,,,100091,100,,,100142,100,,,100167,100,,,100171,100,,,,,,
2019-06-28 09:30:00.000000017,99983,100,99906,100,100028,100,99886,100,100080,100,99873,100,100085,100,99776,100,100091,100,,,100142,100,,,100167,100,,,100171,100,,,,,,,,,,
2019-06-28 09:30:00.000000018,99983,100,99906,100,100028,100,99886,100,100041,100,99873,100,100080,100,99776,100,100085,100,,,100091,100,,,100142,100,,,100167,100,,,100171,100,,,,,,
2019-06-28 09:30:00.000000025,100028,100,99906,100,100041,100,99886,100,100080,100,99873,100,100085,100,99776,100,100091,100,,,100142,100,,,100167,100,,,100171,100,,,,,,,,,,
2019-06-28 09:30:00.000000028,100028,100,99911,100,100041,100,99906,100,100080,100,99886,100,100085,100,99873,100,100091,100,99776,100,100123,100,,,100142,100,,,100167,100,,,100171,100,,,,,,
2019-06-28 09:30:00.000000032,100028,100,99925,100,100041,100,99911,100,100080,100,99906,100,100085,100,99886,100,100091,100,99873,100,100123,100,99776,100,100142,100,,,100167,100,,,100171,100,,,,,,
2019-06-28 09:30:00.000000034,100028,100,99925,100,100041,100,99911,100,100080,100,99906,100,100084,100,99886,100,100085,100,99873,100,100091,100,99776,100,100123,100,,,100142,100,,,100167,100,,,100171,100,,
2019-06-28 09:30:00.000000036,100028,100,99925,100,100041,100,99911,100,100080,100,99906,100,100084,200,99886,100,100085,100,99873,100,100091,100,99776,100,100123,100,,,100142,100,,,100167,100,,,100171,100,,
2019-06-28 09:30:00.000000038,99987,100,99925,100,100028,100,99911,200,100041,100,99906,100,100080,100,99886,100,100084,200,99873,100,100085,100,99776,100,100091,100,,,100123,100,,,100142,100,,,100167,100,,
2019-06-28 09:30:00.000000039,99987,100,99925,100,100003,100,99911,200,100028,100,99906,100,100041,100,99886,100,100080,100,99873,100,100084,200,99776,100,100085,100,,,100091,100,,,100123,100,,,100142,100,,
2019-06-28 09:30:00.000000040,99987,200,99925,100,100003,100,99911,300,100028,100,99906,100,100041,100,99886,100,100080,100,99873,100,100084,200,99776,100,100085,100,,,100091,100,,,100123,100,,,100142,100,,
2019-06-28 09:30:00.000000042,99987,200,99929,100,100003,100,99925,100,100028,100,99911,400,100041,100,99906,100,100080,100,99886,100,100084,200,99873,100,100085,100,99776,100,100091,100,,,100123,100,,,100142,100,,
2019-06-28 09:30:00.000000044,99987,200,99929,100,100003,100,99925,100,100028,100,99911,400,100041,100,99906,100,100080,100,99886,100,100084,200,99873,100,100085,100,99776,100,100091,100,,,100093,100,,,100123,100,,
2019-06-28 09:30:00.000000045,99945,100,99939,100,99987,200,99929,100,100003,100,99925,100,100028,100,99911,400,100041,100,99906,100,100080,100,99886,100,100084,200,99873,100,100085,100,99776,100,100091,100,,,100093,100,,
2019-06-28 09:30:00.000000048,99945,100,99939,100,99987,200,99929,100,100003,100,99925,100,100028,100,99911,400,100036,100,99906,100,100041,100,99886,100,100080,100,99873,100,100084,200,99776,100,100085,100,,,100091,100,,
2019-06-28 09:30:00.000000049,99945,100,99939,100,99983,100,99929,100,99987,200,99925,100,100003,100,99911,400,100028,100,99906,100,100036,100,99886,100,100041,100,99873,100,100080,100,99776,100,100084,200,,,100085,100,,
2019-06-28 09:30:00.000000060,99983,100,99939,100,99987,200,99929,100,100003,100,99925,100,100028,100,99911,400,100036,100,99906,100,100041,100,99886,100,100080,100,99873,100,100084,200,99776,100,100085,100,,,100091,100,,
2019-06-28 09:30:00.000000062,99983,100,99948,100,99987,200,99939,100,100003,100,99929,100,100028,100,99925,100,100036,100,99911,400,100041,100,99906,100,100080,100,99886,100,100084,200,99873,100,100085,100,99776,100,100091,100,,
2019-06-28 09:30:00.000000063,99983,100,99948,100,99987,200,99939,100,100003,100,99929,100,100028,100,99925,100,100036,100,99912,100,100041,100,99911,400,100080,100,99906,100,100084,200,99886,100,100085,100,99873,100,100091,100,99776,100
2019-06-28 09:30:00.000000064,99983,200,99948,100,99987,200,99939,100,100003,100,99929,100,100028,100,99925,100,100036,100,99912,100,100041,100,99911,400,100080,100,99906,100,100084,200,99886,100,100085,100,99873,100,100091,100,99776,100
2019-06-28 09:30:00.000000066,99958,100,99948,100,99983,200,99939,100,99987,200,99929,100,100003,100,99925,100,100028,100,99912,100,100036,100,99911,400,100041,100,99906,100,100080,100,99886,100,100084,200,99873,100,100085,100,99776,100
2019-06-28 09:30:00.000000067,99983,200,99948,100,99987,200,99939,100,100003,100,99929,100,100028,100,99925,100,100036,100,99912,100,100041,100,99911,400,100080,100,99906,100,100084,200,99886,100,100085,100,99873,100,100091,100,99776,100
2019-06-28 09:30:00.000000072,99983,200,99948,100,99987,200,99939,100,100003,100,99929,100,100019,100,99925,100,100028,100,99912,100,100036,100,99911,400,100041,100,99906,100,100080,100,99886,100,100084,200,99873,100,100085,100,99776,100
2019-06-28 09:30:00.000000073,99958,100,99948,100,99983,200,99939,100,99987,200,99929,100,100003,100,99925,100,100019,100,99912,100,100028,100,99911,400,100036,100,99906,100,100041,100,99886,100,100080,100,99873,100,100084,200,99776,100
2019-06-28 09:30:00.000000074,99958,100,99948,100,99983,200,99939,100,99987,200,99929,100,100003,100,99925,100,100019,100,99912,100,100028,100,99911,400,100036,100,99906,100,100041,100,99892,100,100080,100,99886,100,100084,200,99873,100
2019-06-28 09:30:00.000000075,99958,100,99948,100,99983,200,99939,100,99987,200,99929,100,100003,100,99925,100,100019,100,99912,100,100028,100,99911,400,100036,100,99906,100,100041,100,99892,100,100053,100,99886,100,100080,100,99873,100
2019-06-28 09:30:00.000000076,99983,200,99948,100,99987,200,99939,100,100003,100,99929,100,100019,100,99925,100,100028,100,99912,100,100036,100,99911,400,100041,100,99906,100,100053,100,99892,100,100068,100,99886,100,100080,100,99873,100
2019-06-28 09:30:00.000000078,99983,200,99948,100,99987,200,99939,100,100003,100,99929,100,100019,100,99925,100,100028,100,99912,100,100036,100,99911,400,100041,100,99906,100,100053,100,99892,100,100068,100,99886,100,100080,100,99879,100
2019-06-28 09:30:00.000000080,99983,200,99948,100,99987,200,99939,100,100003,100,99929,100,100019,100,99925,100,100028,100,99912,100,100036,100,99911,400,100041,100,99906,100,100053,100,99892,100,100068,100,99886,100,100080,200,99879,100
2019-06-28 09:30:00.000000082,99983,200,99948,100,99987,200,99939,100,100003,100,99929,100,100019,100,99925,100,100021,100,99912,100,100028,100,99911,400,100036,100,99906,100,100041,100,99892,100,100053,100,99886,100,100068,100,99879,100
2019-06-28 09:30:00.000000085,99983,200,99948,100,99987,200,99939,100,100003,100,99929,100,100019,100,99925,100,100021,100,99912,100,100028,100,99911,400,100036,100,99906,100,100041,100,99892,100,100053,100,99886,100,100068,100,99879,100
2019-06-28 09:30:00.000000086,99983,200,99958,100,99987,200,99948,100,100003,100,99939,100,100019,100,99929,100,100021,100,99925,100,100028,100,99912,100,100036,100,99911,400,100041,100,99906,100,100053,100,99892,100,100068,100,99886,100
2019-06-28 09:30:00.000000087,99983,200,99958,100,99987,200,99948,100,100003,100,99939,100,100019,100,99929,100,100021,100,99925,100,100028,100,99912,100,100036,100,99911,400,100041,100,99906,100,100053,100,99892,100,100068,100,99886,100
2019-06-28 09:30:00.000000090,99983,100,99958,100,99987,200,99948,100,100003,100,99939,100,100019,100,99929,100,100021,100,99925,100,100028,100,99912,100,100036,100,99911,400,100041,100,99906,100,100053,100,99892,100,100068,100,99886,100
2019-06-28 09:30:00.000000093,99983,100,99958,100,99987,200,99948,100,100003,100,99939,100,100019,100,99929,100,100021,100,99925,100,100028,100,99912,100,100036,100,99911,400,100041,100,99906,100,100053,100,99892,100,100068,100,99886,100
2019-06-28 09:30:00.000000095,99987,200,99958,100,100003,100,99948,100,100019,100,99939,100,100021,100,99929,100,100028,100,99925,100,100036,100,99912,100,100041,100,99911,400,100053,100,99906,100,100068,100,99892,100,100080,300,99886,100
2019-06-28 09:30:00.000000097,99987,200,99958,100,100003,100,99948,100,100019,100,99939,100,100021,100,99929,100,100028,100,99925,100,100036,100,99912,100,100041,100,99911,400,100053,100,99906,100,100068,100,99901,100,100080,300,99892,100
2019-06-28 09:30:00.366246362,99987,200,99958,100,100003,100,99948,100,100019,100,99939,100,100021,100,99929,100,100028,100,99925,100,100036,100,99912,100,100041,100,99911,400,100053,200,99906,100,100068,100,99901,100,100080,300,99892,100
2019-06-28 09:30:10.000000000,99987,538,99958,438,100003,100,99948,100,100019,100,99939,100,100021,100,99929,100,100028,100,99925,100,100036,100,99912,100,100041,100,99911,400,100053,200,99906,100,100068,100,99901,100,100080,300,99892,100
2019-06-28 09:30:20.000000000,99987,284,99958,184,100003,184,99948,184,100019,184,99939,184,100021,184,99929,184,100028,100,99925,100,100036,100,99912,100,100041,100,99911,400,100053,200,99906,100,100068,100,99901,100,100080,300,99892,100
2019-06-28 09:30:20.461396618,99987,284,99958,184,100003,184,99948,184,100019,184,99939,184,100021,184,99929,184,100028,100,99925,100,100036,100,99912,100,100041,100,99911,400,100053,200,99906,100,100068,100,99901,100,100080,300,99892,100
2019-06-28 09:30:29.329754436,99987,284,99958,184,100003,184,99948,184,100019,184,99939,184,100021,184,99929,184,100028,100,99925,100,100036,100,99912,100,100041,100,99911,400,100053,200,99906,100,100068,100,99901,100,100080,200,99892,100
2019-06-28 09:30:30.000000000,99987,268,99958,168,100003,168,99948,168,100019,168,99939,168,100021,168,99929,168,100028,168,99925,168,100036,100,99912,100,100041,100,99911,400,100053,200,99906,100,100068,100,99901,100,100080,200,99892,100
2019-06-28 09:30:33.407281917,99987,268,99966,100,100003,168,99958,168,100019,168,99948,168,100021,168,99939,168,100028,168,99929,168,100036,100,99925,168,100041,100,99912,100,100053,200,99911,400,100068,100,99906,100,100080,200,99901,100
2019-06-28 09:30:34.777753189,99987,168,99966,100,100003,168,99958,168,100019,168,99948,168,100021,168,99939,168,100028,168,99929,168,100036,100,99925,168,100041,100,99912,100,100053,200,99911,400,100068,100,99906,100,100080,100,99901,100
2019-06-28 09:30:40.000000000,99987,438,99966,438,100003,100,99958,100,100019,100,99948,100,100021,100,99939,100,100028,100,99929,100,100036,100,99925,100,100041,100,99912,100,100053,200,99911,400,100068,100,99906,100,100080,100,99901,100
2019-06-28 09:30:47.294139987,99987,438,99966,338,100003,100,99958,100,100019,100,99948,100,100028,100,99939,100,100036,100,99929,100,100041,100,99925,100,100053,200,99912,100,100068,100,99911,400,100080,100,99906,100,100084,200,99901,100
2019-06-28 09:30:49.363792564,99986,100,99966,338,99987,438,99958,100,100003,100,99948,100,100019,100,99939,100,100028,100,99929,100,100036,100,99925,100,100041,100,99912,100,100053,200,99911,400,100068,100,99906,100,100080,100,99901,100
2019-06-28 09:30:50.000000000,99986,168,99958,168,99987,168,99948,168,100003,168,99939,168,100019,168,99929,168,100028,168,99925,168,100036,100,99912,100,100041,100,99911,400,100053,200,99906,100,100068,100,99901,100,100080,100,99892,100
2019-06-28 09:31:00.000000000,99986,215,99958,215,99987,212,99948,212,100003,212,99939,212,100019,100,99929,100,100028,100,99925,100,100036,100,99912,100,100041,100,99911,400,100053,200,99906,100,100068,100,99901,100,100080,100,99892,100
2019-06-28 09:31:10.000000000,99986,184,99958,184,99987,184,99948,184,100003,184,99939,184,100019,184,99929,184,100028,100,99925,100,100036,100,99912,100,100041,100,99911,400,100053,200,99906,100,100068,100,99901,100,100080,100,99892,100
2019-06-28 09:31:18.949680888,99986,184,99958,184,99987,184,99948,184,100003,184,99939,184,100019,184,99929,184,100028,100,99925,100,100036,100,99912,100,100041,100,99911,300,100053,200,99906,100,100068,100,99901,100,100080,100,99892,100
2019-06-28 09:31:20.000000000,99986,438,99958,438,99987,100,99948,100,100003,100,99939,100,100019,100,99929,100,100028,100,99925,100,100036,100,99912,100,100041,100,99911,300,100053,200,99906,100,100068,100,99901,100,100080,100,99892,100
2019-06-28 09:31:20.001443956,99986,338,99958,438,99987,100,99948,100,100003,100,99939,100,100019,100,99929,100,100028,100,99925,100,100036,100,99912,100,100041,100,99911,300,100053,200,99906,100,100068,100,99901,100,100080,100,99892,100
2019-06-28 09:31:22.070993988,99986,238,99958,438,99987,100,99948,100,100003,100,99939,100,100019,100,99929,100,100028,100,99925,100,100036,100,99912,100,100041,100,99911,300,100053,200,99906,100,100068,100,99901,100,100080,100,99892,100
2019-06-28 09:31:30.000000000,99987,269,99958,269,100003,269,99948,269,100019,100,99939,100,100028,100,99929,100,100036,100,99925,100,100041,100,99912,100,100053,200,99911,300,100068,100,99906,100,100080,100,99901,100,100084,200,99892,100
2019-06-28 09:31:32.849394385,99987,269,99958,269,100003,269,99948,269,100019,100,99939,100,100028,100,99929,100,100036,100,99912,100,100041,100,99911,300,100053,200,99906,100,100068,100,99901,100,100080,100,99892,100,100084,200,99886,100
2019-06-28 09:31:40.000000000,99987,269,99958,269,100003,269,99948,269,100019,100,99939,100,100028,100,99929,100,100036,100,99912,100,100041,100,99911,300,100053,200,99906,100,100068,100,99901,100,100080,100,99892,100,100084,200,99886,100
2019-06-28 09:31:50.000000000,99987,184,99958,184,100003,184,99948,184,100019,184,99939,184,100028,184,99929,184,100036,100,99912,100,100041,100,99911,300,100053,200,99906,100,100068,100,99901,100,100080,100,99892,100,100084,200,99886,100
2019-06-28 09:31:53.968168467,99987,84,99958,184,100003,184,99948,184,100019,184,99939,184,100028,184,99929,184,100036,100,99912,100,100041,100,99911,300,100053,200,99906,100,100068,100,99901,100,100080,100,99892,100,100084,200,99886,100
2019-06-28 09:32:00.000000000,100003,215,99958,215,100019,212,99948,212,100028,212,99939,212,100036,100,99929,100,100041,100,99912,100,100053,200,99911,300,100068,100,99906,100,100080,100,99901,100,100084,200,99892,100,100091,100,99886,100
2019-06-28 09:32:09.567770461,100003,115,99958,215,100019,212,99948,212,100028,212,99939,212,100036,100,99929,100,100041,100,99912,100,100053,200,99911,300,100068,100,99906,100,100080,100,99901,100,100084,200,99892,100,100091,100,99886,100
2019-06-28 09:32:10.000000000,100019,168,99958,168,100028,168,99948,168,100036,168,99939,168,100041,168,99929,168,100053,268,99912,168,100068,100,99911,300,100080,100,99906,100,100084,200,99901,100,100091,100,99892,100,100093,100,99886,100
2019-06-28 09:32:20.000000000,100019,215,99958,215,100028,212,99948,212,100036,212,99939,212,100041,100,99929,100,100053,200,99912,100,100068,100,99911,300,100080,100,99906,100,100084,200,99901,100,100091,100,99892,100,100093,100,99886,100
2019-06-28 09:32:26.454132819,100019,215,99987,100,100028,212,99958,215,100036,212,99948,212,100041,100,99939,212,100053,200,99929,100,100068,100,99912,100,100080,100,99911,300,100084,200,99906,100,100093,100,99901,100,100123,100,99892,100
2019-06-28 09:32:30.000000000,100019,184,99987,184,100028,184,99958,184,100036,184,99948,184,100041,184,99939,184,100053,200,99929,100,100068,100,99912,100,100080,100,99911,300,100084,200,99906,100,100093,100,99901,100,100123,100,99892,100
2019-06-28 09:32:40.000000000,100019,269,99987,269,100028,269,99958,269,100036,100,99948,100,100041,100,99939,100,100053,200,99929,100,100068,100,99912,100,100080,100,99911,300,100084,200,99906,100,100093,100,99901,100,100123,100,99892,100
2019-06-28 09:32:50.000000000,100019,184,99987,184,100028,184,99958,184,100036,184,99948,184,100041,184,99939,184,100053,200,99929,100,100068,100,99912,100,100080,100,99911,300,100084,200,99906,100,100093,100,99901,100,100123,100,99892,100
2019-06-28 09:32:59.438273405,100019,84,99987,184,100028,184,99958,184,100036,184,99948,184,100041,184,99939,184,100053,200,99929,100,100068,100,99912,100,100080,100,99911,300,100084,200,99906,100,100093,100,99901,100,100123,100,99892,100
2019-06-28 09:33:00.000000000,100028,269,99987,269,100036,269,99958,269,100041,100,99948,100,100053,200,99939,100,100068,100,99929,100,100080,100,99912,100,100084,200,99911,300,100093,100,99906,100,100123,100,99901,100,100129,100,99892,100
2019-06-28 09:33:10.000000000,100028,438,99987,438,100036,100,99958,100,100041,100,99948,100,100053,200,99939,100,100068,100,99929,100,100080,100,99912,100,100084,200,99911,300,100093,100,99906,100,100123,100,99901,100,100129,100,99892,100
2019-06-28 09:33:20.000000000,100028,168,99987,168,100036,168,99958,168,100041,168,99948,168,100053,268,99939,168,100068,168,99929,168,100080,100,99912,100,100084,200,99911,300,100093,100,99906,100,100123,100,99901,100,100129,100,99892,100
2019-06-28 09:33:29.640033224,100002,100,99987,168,100028,168,99958,68,100036,168,99948,168,100041,168,99939,168,100053,268,99929,168,100068,168,99912,100,100080,100,99911,300,100084,200,99906,100,100093,100,99901,100,100123,100,99892,100
2019-06-28 09:33:30.000000000,100002,438,99987,438,100028,100,99948,100,100036,100,99939,100,100041,100,99929,100,100053,200,99912,100,100068,100,99911,300,100080,100,99906,100,100084,200,99901,100,100093,100,99892,100,100123,100,99886,100
2019-06-28 09:33:33.322515478,100002,538,99987,338,100028,100,99948,100,100036,100,99939,100,100041,100,99929,100,100053,200,99912,100,100068,100,99911,300,100080,100,99906,100,100084,200,99901,100,100093,100,99892,100,100123,100,99886,100
2019-06-28 09:33:37.681768747,100002,538,99987,338,100028,100,99948,100,100036,100,99939,100,100041,100,99929,100,100053,200,99912,100,100068,100,99911,300,100084,200,99906,100,100093,100,99901,100,100123,100,99892,100,100129,100,99886,100
2019-06-28 09:33:40.000000000,100002,538,99948,438,100028,100,99939,100,100036,100,99929,100,100041,100,99912,100,100053,200,99911,300,100068,100,99906,100,100084,200,99901,100,100093,100,99892,100,100123,100,99886,100,100129,100,99879,100
2019-06-28 09:33:50.000000000,100002,369,99948,269,100028,269,99939,269,100036,100,99929,100,100041,100,99912,100,100053,200,99911,300,100068,100,99906,100,100084,200,99901,100,100093,100,99892,100,100123,100,99886,100,100129,100,99879,100
2019-06-28 09:33:50.255213860,100002,369,99948,169,100028,269,99939,269,100036,100,99929,100,100041,100,99912,100,100053,200,99911,300,100068,100,99906,100,100084,200,99901,100,100093,100,99892,100,100123,100,99886,100,100129,100,99879,100
2019-06-28 09:34:00.000000000,100002,284,99939,184,100028,184,99929,184,100036,184,99912,184,100041,184,99911,384,100053,200,99906,100,100068,100,99901,100,100084,200,99892,100,100093,100,99886,100,100123,100,99879,100,100129,100,99873,100
2019-06-28 09:34:10.000000000,100002,315,99939,215,100028,212,99929,212,100036,212,99912,212,100041,100,99911,300,100053,200,99906,100,100068,100,99901,100,100084,200,99892,100,100093,100,99886,100,100123,100,99879,100,100129,100,99873,100
2019-06-28 09:34:15.972282688,99970,100,99939,215,100002,315,99929,212,100028,212,99912,212,100036,212,99911,300,100041,100,99906,100,100053,200,99901,100,100068,100,99892,100,100084,200,99886,100,100093,100,99879,100,100123,100,99873,100
2019-06-28 09:34:20.000000000,99970,269,99939,269,100002,369,99929,269,100028,100,99912,100,100036,100,99911,300,100041,100,99906,100,100053,200,99901,100,100068,100,99892,100,100084,200,99886,100,100093,100,99879,100,100123,100,99873,100
2019-06-28 09:34:27.491482714,99970,269,99939,269,100002,369,99929,269,100028,100,99912,100,100036,100,99911,300,100041,100,99901,100,100053,200,99892,100,100068,100,99886,100,100084,200,99879,100,100093,100,99873,100,100123,100,99776,100
2019-06-28 09:34:30.000000000,99970,438,99939,438,100002,200,99929,100,100028,100,99912,100,100036,100,99911,300,100041,100,99901,100,100053,200,99892,100,100068,100,99886,100,100084,200,99879,100,100093,100,99873,100,100123,100,99776,100
2019-06-28 09:34:31.625129543,99970,438,99939,438,99992,100,99912,100,100002,200,99911,300,100028,100,99901,100,100036,100,99892,100,100041,100,99886,100,100053,200,99879,100,100068,100,99873,100,100084,200,99776,100,100093,100,99528,100
2019-06-28 09:34:40.000000000,99970,269,99939,269,99992,269,99912,269,100002,200,99911,300,100028,100,99901,100,100036,100,99892,100,100041,100,99886,100,100053,200,99879,100,100068,100,99873,100,100084,200,99776,100,100093,100,99528,100
2019-06-28 09:34:50.000000000,99970,184,99939,184,99992,184,99912,184,100002,284,99911,384,100028,184,99901,184,100036,100,99892,100,100041,100,99886,100,100053,200,99879,100,100068,100,99873,100,100084,200,99776,100,100093,100,99528,100
2019-06-28 09:35:00.000000000,99970,269,99939,269,99992,269,99912,269,100002,200,99911,300,100028,100,99901,100,100036,100,99892,100,100041,100,99886,100,100053,200,99879,100,100068,100,99873,100,100084,200,99776,100,100093,100,99528,100
2019-06-28 09:35:10.000000000,99970,184,99939,184,99992,184,99912,184,100002,284,99911,384,100028,184,99901,184,100036,100,99892,100,100041,100,99886,100,100053,200,99879,100,100068,100,99873,100,100084,200,99776,100,100093,100,99528,100
2019-06-28 09:35:18.921886870,99970,184,99939,184,99992,184,99912,184,100002,284,99911,384,100028,184,99901,184,100036,100,99892,100,100041,100,99886,100,100053,200,99879,100,100068,100,99873,100,100084,200,99776,100,100093,100,99611,100
2019-06-28 09:35:20.000000000,99970,215,99939,215,99992,212,99912,212,100002,312,99911,412,100028,100,99901,100,100036,100,99892,100,100041,100,99886,100,100053,200,99879,100,100068,100,99873,100,100084,200,99776,100,100093,100,99611,100
2019-06-28 09:35:30.000000000,99970,438,99939,438,99992,100,99912,100,100002,200,99911,300,100028,100,99901,100,100036,100,99892,100,100041,100,99886,100,100053,200,99879,100,100068,100,99873,100,100084,200,99776,100,100093,100,99611,100
2019-06-28 09:35:31.288922507,99970,438,99939,338,99992,100,99912,100,100002,200,99911,300,100028,100,99901,100,100036,100,99892,100,100041,100,99886,100,100053,200,99879,100,100068,100,99873,100,100084,200,99776,100,100093,100,99611,100
2019-06-28 09:35:40.000000000,99970,269,99912,269,99992,269,99911,469,100002,200,99901,100,100028,100,99892,100,100036,100,99886,100,100041,100,99879,100,100053,200,99873,100,100068,100,99776,100,100084,200,99611,100,100093,100,99528,100
2019-06-28 09:35:50.000000000,99970,269,99912,269,99992,269,99911,469,100002,200,99901,100,100028,100,99892,100,100036,100,99886,100,100041,100,99879,100,100053,200,99873,100,100068,100,99776,100,100084,200,99611,100,100093,100,99528,100
2019-06-28 09:35:51.249905335,99970,269,99912,169,99992,269,99911,469,100002,200,99901,100,100028,100,99892,100,100036,100,99886,100,100041,100,99879,100,100053,200,99873,100,100068,100,99776,100,100084,200,99611,100,100093,100,99528,100
2019-06-28 09:35:55.955151304,99970,269,99912,69,99992,269,99911,469,100002,200,99901,100,100028,100,99892,100,100036,100,99886,100,100041,100,99879,100,100053,200,99873,100,100068,100,99776,100,100084,200,99611,100,100093,100,99528,100
2019-06-28 09:36:00.000000000,99970,184,99911,384,99992,184,99901,184,100002,284,99892,184,100028,184,99886,184,100036,100,99879,100,100041,100,99873,100,100053,200,99776,100,100068,100,99611,100,100084,200,99528,100,100093,100,,
2019-06-28 09:36:09.902924928,99970,184,99911,384,99992,184,99901,184,100002,284,99892,184,100028,184,99886,184,100036,100,99879,100,100041,100,99873,100,100053,200,99776,100,100068,100,99611,100,100084,200,99558,100,100093,100,99528,100
2019-06-28 09:36:10.000000000,99970,168,99911,368,99992,168,99901,168,100002,268,99892,168,100028,168,99886,168,100036,168,99879,168,100041,100,99873,100,100053,200,99776,100,100068,100,99611,100,100084,200,99558,100,100093,100,99528,100
2019-06-28 09:36:18.723579042,99970,168,99911,268,99992,168,99901,168,100002,268,99892,168,100028,168,99886,168,100036,168,99879,168,100041,100,99873,100,100053,200,99776,100,100068,100,99611,100,100084,200,99558,100,100093,100,99528,100
2019-06-28 09:36:19.919038743,99970,168,99911,168,99992,168,99901,168,100002,268,99892,168,100028,168,99886,168,100036,68,99879,168,100041,100,99873,100,100053,200,99776,100,100068,100,99611,100,100084,200,99558,100,100093,100,99528,100
2019-06-28 09:36:20.000000000,99970,184,99911,184,99992,184,99901,184,100002,284,99892,184,100028,184,99886,184,100041,100,99879,100,100053,200,99873,100,100068,100,99776,100,100084,200,99611,100,100093,100,99558,100,100123,100,99528,100
2019-06-28 09:36:24.807791957,99970,184,99911,84,99992,184,99901,184,100002,284,99892,184,100028,184,99886,184,100041,100,99879,100,100053,200,99873,100,100068,100,99776,100,100084,200,99611,100,100093,100,99558,100,100123,100,99528,100
2019-06-28 09:36:27.979481226,99970,184,99911,84,99992,84,99901,184,100002,284,99892,184,100028,184,99886,184,100041,100,99879,100,100053,200,99873,100,100068,100,99776,100,100084,200,99611,100,100093,100,99558,100,100123,100,99528,100
2019-06-28 09:36:28.225777609,99970,184,99911,84,99992,84,99901,184,100002,284,99892,184,100028,184,99886,184,100041,100,99879,100,100053,100,99873,100,100068,100,99776,100,100084,200,99611,100,100093,100,99558,100,100123,100,99556,100
2019-06-28 09:36:30.000000000,99970,184,99901,184,100002,284,99892,184,100028,184,99886,184,100041,184,99879,184,100053,100,99873,100,100068,100,99776,100,100084,200,99611,100,100093,100,99558,100,100123,100,99556,100,100142,200,99528,100
2019-06-28 09:36:40.000000000,99970,269,99901,269,100002,369,99892,269,100028,100,99886,100,100041,100,99879,100,100053,100,99873,100,100068,100,99776,100,100084,200,99611,100,100093,100,99558,100,100123,100,99556,100,100142,200,99528,100
2019-06-28 09:36:50.000000000,99970,184,99901,184,100002,284,99892,184,100028,184,99886,184,100041,184,99879,184,100053,100,99873,100,100068,100,99776,100,100084,200,99611,100,100093,100,99558,100,100123,100,99556,100,100142,200,99528,100
2019-06-28 09:36:51.490444669,99970,184,99901,184,100002,284,99892,184,100028,184,99886,184,100041,184,99879,184,100053,100,99873,100,100068,100,99776,100,100084,200,99611,100,100093,100,99558,100,100123,100,99556,100,100142,200,99532,100
2019-06-28 09:37:00.000000000,99970,168,99901,168,100002,268,99892,168,100028,168,99886,168,100041,168,99879,168,100053,168,99873,168,100068,100,99776,100,100084,200,99611,100,100093,100,99558,100,100123,100,99556,100,100142,200,99532,100
2019-06-28 09:37:08.882117126,99970,168,99901,68,100002,268,99892,168,100028,168,99886,168,100041,168,99879,168,100053,168,99873,168,100068,100,99776,100,100084,100,99611,100,100093,100,99558,100,100123,100,99556,100,100142,200,99532,100
2019-06-28 09:37:10.000000000,99970,184,99892,184,100002,284,99886,184,100028,184,99879,184,100041,184,99873,184,100053,100,99776,100,100068,100,99611,100,100084,100,99558,100,100093,100,99556,100,100123,100,99532,100,100142,200,99528,100
2019-06-28 09:37:20.000000000,99970,269,99892,269,100002,369,99886,269,100028,100,99879,100,100041,100,99873,100,100053,100,99776,100,100068,100,99611,100,100084,100,99558,100,100093,100,99556,100,100123,100,99532,100,100142,200,99528,100
2019-06-28 09:37:26.883275988,99970,269,99892,169,100002,369,99886,269,100028,100,99879,100,100041,100,99873,100,100053,100,99776,100,100068,100,99611,100,100084,100,99558,100,100093,100,99556,100,100123,100,99532,100,100142,200,99528,100
2019-06-28 09:37:30.000000000,99970,438,99886,438,100002,200,99879,100,100028,100,99873,100,100041,100,99776,100,100053,100,99611,100,100068,100,99558,100,100084,100,99556,100,100093,100,99532,100,100123,100,99528,100,100142,200,99493,100
2019-06-28 09:37:40.000000000,99970,215,99886,215,100002,312,99879,212,100028,212,99873,212,100041,100,99776,100,100053,100,99611,100,100068,100,99558,100,100084,100,99556,100,100093,100,99532,100,100123,100,99528,100,100142,200,99493,100
2019-06-28 09:37:41.709563963,99970,215,99886,115,100002,312,99879,212,100028,212,99873,212,100041,100,99776,100,100053,100,99611,100,100068,100,99558,100,100084,100,99556,100,100093,100,99532,100,100123,100,99528,100,100142,200,99493,100
2019-06-28 09:37:50.000000000,99970,438,99879,438,100002,200,99873,100,100028,100,99776,100,100041,100,99611,100,100053,100,99558,100,100068,100,99556,100,100084,100,99532,100,100093,100,99528,100,100123,100,99493,100,100142,200,,
2019-06-28 09:38:00.000000000,99970,269,99879,269,100002,369,99873,269,100028,100,99776,100,100041,100,99611,100,100053,100,99558,100,100068,100,99556,100,100084,100,99532,100,100093,100,99528,100,100123,100,99493,100,100142,200,,
2019-06-28 09:38:07.150270886,99970,269,99879,269,100002,369,99873,269,100028,100,99776,100,100041,100,99611,100,100053,100,99558,100,100068,100,99556,100,100084,100,99532,100,100093,100,99528,100,100123,100,99493,100,100142,200,98704,100
2019-06-28 09:38:10.000000000,99970,215,99879,215,100002,312,99873,212,100028,212,99776,212,100041,100,99611,100,100053,100,99558,100,100068,100,99556,100,100084,100,99532,100,100093,100,99528,100,100123,100,99493,100,100142,200,98704,100
2019-06-28 09:38:20.000000000,99970,269,99879,269,100002,369,99873,269,100028,100,99776,100,100041,100,99611,100,100053,100,99558,100,100068,100,99556,100,100084,100,99532,100,100093,100,99528,100,100123,100,99493,100,100142,200,98704,100
2019-06-28 09:38:30.000000000,99970,215,99879,215,100002,312,99873,212,100028,212,99776,212,100041,100,99611,100,100053,100,99558,100,100068,100,99556,100,100084,100,99532,100,100093,100,99528,100,100123,100,99493,100,100142,200,98704,100
2019-06-28 09:38:35.537179362,99970,215,99879,215,100002,312,99873,212,100028,212,99776,212,100041,100,99611,100,100053,100,99558,100,100068,100,99556,100,100084,100,99532,100,100093,100,99528,100,100123,100,99493,100,100142,200,98745,100
2019-06-28 09:38:40.000000000,99970,184,99879,184,100002,284,99873,184,100028,184,99776,184,100041,184,99611,184,100053,100,99558,100,100068,100,99556,100,100084,100,99532,100,100093,100,99528,100,100123,100,99493,100,100142,200,98745,100
2019-06-28 09:38:46.847157927,99970,184,99879,84,100002,284,99873,184,100028,184,99776,184,100041,184,99611,184,100053,100,99558,100,100068,100,99556,100,100084,100,99532,100,100093,100,99528,100,100123,100,99493,100,100142,200,98745,100
2019-06-28 09:38:48.406604721,99970,184,99879,84,100002,284,99873,184,100028,184,99776,184,100041,184,99611,184,100053,100,99558,100,100068,100,99556,100,100084,100,99532,100,100093,100,99493,100,100123,100,98959,100,100142,200,98745,100
2019-06-28 09:38:50.000000000,99970,438,99873,438,100002,200,99776,100,100028,100,99611,100,100041,100,99558,100,100053,100,99556,100,100068,100,99532,100,100084,100,99493,100,100093,100,98959,100,100123,100,98745,100,100142,200,98704,100
2019-06-28 09:39:00.000000000,99970,438,99873,438,100002,200,99776,100,100028,100,99611,100,100041,100,99558,100,100053,100,99556,100,100068,100,99532,100,100084,100,99493,100,100093,100,98959,100,100123,100,98745,100,100142,200,98704,100
2019-06-28 09:39:07.335852058,99970,438,99873,438,100002,200,99776,100,100028,100,99611,100,100041,100,99558,100,100053,100,99556,100,100068,100,99532,100,100084,100,99493,100,100123,100,99059,100,100142,200,98959,100,100150,100,98745,100
2019-06-28 09:39:10.000000000,99970,438,99873,438,100002,200,99776,100,100028,100,99611,100,100041,100,99558,100,100053,100,99556,100,100068,100,99532,100,100084,100,99493,100,100123,100,99059,100,100142,200,98959,100,100150,100,98745,100
2019-06-28 09:39:15.269729700,99886,100,99873,438,99970,438,99776,100,100002,200,99611,100,100028,100,99558,100,100041,100,99556,100,100053,100,99532,100,100068,100,99493,100,100084,100,99059,100,100123,100,98959,100,100142,200,98745,100
2019-06-28 09:39:20.000000000,99886,184,99873,184,99970,184,99776,184,100002,284,99611,184,100028,184,99558,184,100041,100,99556,100,100053,100,99532,100,100068,100,99493,100,100084,100,99059,100,100123,100,98959,100,100142,200,98745,100
2019-06-28 09:39:30.000000000,99886,438,99873,438,99970,100,99776,100,100002,200,99611,100,100028,100,99558,100,100041,100,99556,100,100053,100,99532,100,100068,100,99493,100,100084,100,99059,100,100123,100,98959,100,100142,200,98745,100
2019-06-28 09:39:33.780145431,99886,538,99873,438,99970,100,99776,100,100002,200,99611,100,100028,100,99558,100,100041,100,99556,100,100053,100,99532,100,100068,100,99493,100,100084,100,99059,100,100123,100,98959,100,100142,200,98745,100
2019-06-28 09:39:35.665404221,99886,538,99873,438,99970,100,99776,100,100002,200,99611,100,100028,100,99558,100,100041,100,99532,100,100053,100,99493,100,100068,100,99327,100,100084,100,99059,100,100123,100,98959,100,100142,200,98745,100
2019-06-28 09:39:40.000000000,99886,315,99873,215,99970,212,99776,212,100002,312,99611,212,100028,100,99558,100,100041,100,99532,100,100053,100,99493,100,100068,100,99327,100,100084,100,99059,100,100123,100,98959,100,100142,200,98745,100
2019-06-28 09:39:50.000000000,99886,538,99873,438,99970,100,99776,100,100002,200,99611,100,100028,100,99558,100,100041,100,99532,100,100053,100,99493,100,100068,100,99327,100,100084,100,99059,100,100123,100,98959,100,100142,200,98745,100
2019-06-28 09:40:00.000000000,99886,284,99873,184,99970,184,99776,184,100002,284,99611,184,100028,184,99558,184,100041,100,99532,100,100053,100,99493,100,100068,100,99327,100,100084,100,99059,100,100123,100,98959,100,100142,200,98745,100
2019-06-28 09:40:07.388537810,99886,284,99873,184,99970,184,99776,184,100002,284,99611,184,100028,184,99558,184,100041,100,99532,100,100053,100,99493,100,100068,100,99413,100,100084,100,99327,100,100123,100,99059,100,100142,200,98959,100
2019-06-28 09:40:10.000000000,99886,268,99873,168,99970,168,99776,168,100002,268,99611,168,100028,168,99558,168,100041,168,99532,168,100053,100,99493,100,100068,100,99413,100,100084,100,99327,100,100123,100,99059,100,100142,200,98959,100
2019-06-28 09:40:20.000000000,99886,369,99873,269,99970,269,99776,269,100002,200,99611,100,100028,100,99558,100,100041,100,99532,100,100053,100,99493,100,100068,100,99413,100,100084,100,99327,100,100123,100,99059,100,100142,200,98959,100
2019-06-28 09:40:29.099917862,99886,369,99873,169,99970,269,99776,269,100002,200,99611,100,100028,100,99558,100,100041,100,99532,100,100053,100,99493,100,100068,100,99413,100,100084,100,99327,100,100123,100,99059,100,100142,200,98959,100
2019-06-28 09:40:30.000000000,99886,268,99776,168,99970,168,99611,168,100002,268,99558,168,100028,168,99532,168,100041,168,99493,168,100053,100,99413,100,100068,100,99327,100,100084,100,99059,100,100123,100,98959,100,100142,200,98745,100
2019-06-28 09:40:40.000000000,99886,369,99776,269,99970,269,99611,269,100002,200,99558,100,100028,100,99532,100,100041,100,99493,100,100053,100,99413,100,100068,100,99327,100,100084,100,99059,100,100123,100,98959,100,100142,200,98745,100
2019-06-28 09:40:50.000000000,99886,369,99776,269,99970,269,99611,269,100002,200,99558,100,100028,100,99532,100,100041,100,99493,100,100053,100,99413,100,100068,100,99327,100,100084,100,99059,100,100123,100,98959,100,100142,200,98745,100
2019-06-28 09:40:51.764399327,99886,369,99776,169,99970,269,99611,269,100002,200,99558,100,100028,100,99532,100,100041,100,99493,100,100053,100,99413,100,100068,100,99327,100,100084,100,99059,100,100123,100,98959,100,100142,200,98745,100
2019-06-28 09:41:00.000000000,99886,538,99611,438,99970,100,99558,100,100002,200,99532,100,100028,100,99493,100,100041,100,99413,100,100053,100,99327,100,100068,100,99059,100,100084,100,98959,100,100123,100,98745,100,100142,200,98704,100
2019-06-28 09:41:03.921206613,99886,538,99611,338,99970,100,99558,100,100002,200,99532,100,100028,100,99493,100,100041,100,99413,100,100053,100,99327,100,100068,100,99059,100,100084,100,98959,100,100123,100,98745,100,100142,200,98704,100
2019-06-28 09:41:05.979538021,99886,538,99611,238,99970,100,99558,100,100002,200,99532,100,100028,100,99493,100,100041,100,99413,100,100053,100,99327,100,100068,100,99059,100,100084,100,98959,100,100123,100,98745,100,100142,200,98704,100
2019-06-28 09:41:10.000000000,99886,284,99558,184,99970,184,99532,184,100002,284,99493,184,100028,184,99413,184,100041,100,99327,100,100053,100,99059,100,100068,100,98959,100,100084,100,98745,100,100123,100,98704,100,100142,200,,
2019-06-28 09:41:20.000000000,99886,369,99558,269,99970,269,99532,269,100002,200,99493,100,100028,100,99413,100,100041,100,99327,100,100053,100,99059,100,100068,100,98959,100,100084,100,98745,100,100123,100,98704,100,100142,200,,
2019-06-28 09:41:28.417257507,99886,369,99558,169,99970,269,99532,269,100002,200,99493,100,100028,100,99413,100,100041,100,99059,100,100053,100,98959,100,100068,100,98745,100,100084,100,98704,100,100123,100,,,100142,200,,
2019-06-28 09:41:28.815849852,99886,369,99558,69,99970,269,99532,269,100002,200,99493,100,100028,100,99413,100,100041,100,99059,100,100053,100,98959,100,100084,100,98745,100,100123,100,98704,100,100142,200,,,100150,100,,
2019-06-28 09:41:30.000000000,99886,369,99532,269,99970,269,99493,269,100002,200,99413,100,100028,100,99059,100,100041,100,98959,100,100053,100,98745,100,100084,100,98704,100,100123,100,,,100142,200,,,100150,100,,
2019-06-28 09:41:35.784845324,99635,100,99532,269,99886,369,99493,269,99970,269,99413,100,100002,200,99059,100,100028,100,98959,100,100041,100,98745,100,100053,100,98704,100,100084,100,,,100123,100,,,100142,200,,
2019-06-28 09:41:40.000000000,99635,168,99532,168,99886,268,99493,168,99970,168,99413,168,100002,268,99059,168,100028,168,98959,168,100041,100,98745,100,100053,100,98704,100,100084,100,,,100123,100,,,100142,200,,
2019-06-28 09:41:50.000000000,99635,215,99532,215,99886,312,99493,212,99970,212,99413,212,100002,200,99059,100,100028,100,98959,100,100041,100,98745,100,100053,100,98704,100,100084,100,,,100123,100,,,100142,200,,
2019-06-28 09:41:56.805123810,99635,215,99532,215,99886,312,99493,212,99970,212,99413,212,100002,200,99393,100,100028,100,99059,100,100041,100,98959,100,100053,100,98745,100,100084,100,98704,100,100123,100,,,100142,200,,
2019-06-28 09:42:00.000000000,99635,215,99532,215,99886,312,99493,212,99970,212,99413,212,100002,200,99393,100,100028,100,99059,100,100041,100,98959,100,100053,100,98745,100,100084,100,98704,100,100123,100,,,100142,200,,
2019-06-28 09:42:00.256787095,99635,215,99532,215,99886,312,99493,212,99970,212,99413,212,100002,200,99393,100,100028,100,99326,100,100041,100,99059,100,100053,100,98959,100,100084,100,98745,100,100123,100,98704,100,100142,200,,
2019-06-28 09:42:04.198576085,99635,215,99532,215,99694,100,99493,212,99886,312,99413,212,99970,212,99393,100,100002,200,99326,100,100028,100,99059,100,100041,100,98959,100,100053,100,98745,100,100084,100,98704,100,100123,100,,
2019-06-28 09:42:09.255716989,99635,215,99532,215,99694,100,99493,212,99886,312,99413,212,99970,212,99393,100,100002,200,99326,100,100041,100,99059,100,100053,100,98959,100,100084,100,98745,100,100123,100,98704,100,100142,200,,
2019-06-28 09:42:10.000000000,99635,438,99532,438,99694,100,99493,100,99886,200,99413,100,99970,100,99393,100,100002,200,99326,100,100041,100,99059,100,100053,100,98959,100,100084,100,98745,100,100123,100,98704,100,100142,200,,
2019-06-28 09:42:20.000000000,99635,438,99532,438,99694,100,99493,100,99886,200,99413,100,99970,100,99393,100,100002,200,99326,100,100041,100,99059,100,100053,100,98959,100,100084,100,98745,100,100123,100,98704,100,100142,200,,
2019-06-28 09:42:30.000000000,99635,168,99532,168,99694,168,99493,168,99886,268,99413,168,99970,168,99393,168,100002,268,99326,168,100041,100,99059,100,100053,100,98959,100,100084,100,98745,100,100123,100,98704,100,100142,200,,
2019-06-28 09:42:40.000000000,99635,215,99532,215,99694,212,99493,212,99886,312,99413,212,99970,100,99393,100,100002,200,99326,100,100041,100,99059,100,100053,100,98959,100,100084,100,98745,100,100123,100,98704,100,100142,200,,
2019-06-28 09:42:50.000000000,99635,438,99532,438,99694,100,99493,100,99886,200,99413,100,99970,100,99393,100,100002,200,99326,100,100041,100,99059,100,100053,100,98959,100,100084,100,98745,100,100123,100,98704,100,100142,200,,
2019-06-28 09:43:00.000000000,99635,184,99532,184,99694,184,99493,184,99886,284,99413,184,99970,184,99393,184,100002,200,99326,100,100041,100,99059,100,100053,100,98959,100,100084,100,98745,100,100123,100,98704,100,100142,200,,
2019-06-28 09:43:05.304348425,99635,184,99532,184,99694,184,99493,184,99706,100,99413,184,99886,284,99393,184,99970,184,99326,100,100002,200,99059,100,100041,100,98959,100,100053,100,98745,100,100084,100,98704,100,100123,100,,
2019-06-28 09:43:10.000000000,99635,168,99532,168,99694,168,99493,168,99706,168,99413,168,99886,268,99393,168,99970,168,99326,168,100002,200,99059,100,100041,100,98959,100,100053,100,98745,100,100084,100,98704,100,100123,100,,
2019-06-28 09:43:18.628203736,99635,168,99532,168,99694,168,99493,168,99706,168,99413,168,99886,268,99393,168,99970,168,99326,168,100002,200,99059,100,100041,100,98959,100,100053,100,98745,100,100084,100,98704,100,100123,100,,
2019-06-28 09:43:20.000000000,99635,269,99532,269,99694,269,99493,269,99706,100,99413,100,99886,200,99393,100,99970,100,99326,100,100002,200,99059,100,100041,100,98959,100,100053,100,98745,100,100084,100,98704,100,100123,100,,
2019-06-28 09:43:20.607100046,99635,169,99532,269,99694,269,99493,269,99706,100,99413,100,99886,200,99393,100,99970,100,99326,100,100002,200,99175,100,100041,100,99059,100,100053,100,98959,100,100084,100,98745,100,100123,100,98704,100
2019-06-28 09:43:30.000000000,99694,184,99532,184,99706,184,99493,184,99886,284,99413,184,99970,184,99393,184,100002,200,99326,100,100041,100,99175,100,100053,100,99059,100,100084,100,98959,100,100123,100,98745,100,100142,100,98704,100
2019-06-28 09:43:31.801236749,99694,184,99532,184,99706,184,99493,184,99886,284,99413,184,99970,184,99393,184,100002,200,99326,100,100041,100,99175,100,100053,100,99167,100,100084,100,99059,100,100123,100,98959,100,100142,100,98745,100
2019-06-28 09:43:40.000000000,99694,168,99532,168,99706,168,99493,168,99886,268,99413,168,99970,168,99393,168,100002,268,99326,168,100041,100,99175,100,100053,100,99167,100,100084,100,99059,100,100123,100,98959,100,100142,100,98745,100
2019-06-28 09:43:46.694094711,99694,168,99532,68,99706,168,99493,168,99886,268,99413,168,99970,168,99393,168,100002,268,99326,168,100041,100,99175,100,100053,100,99167,100,100084,100,99059,100,100123,100,98959,100,100142,100,98745,100
2019-06-28 09:43:50.000000000,99694,184,99493,184,99706,184,99413,184,99886,284,99393,184,99970,184,99326,184,100002,200,99175,100,100041,100,99167,100,100053,100,99059,100,100084,100,98959,100,100123,100,98745,100,100142,100,98704,100
2019-06-28 09:44:00.000000000,99694,215,99493,215,99706,212,99413,212,99886,312,99393,212,99970,100,99326,100,100002,200,99175,100,100041,100,99167,100,100053,100,99059,100,100084,100,98959,100,100123,100,98745,100,100142,100,98704,100
2019-06-28 09:44:04.177940423,99694,215,99493,215,99705,100,99413,212,99706,212,99393,212,99886,312,99326,100,99970,100,99175,100,100002,200,99167,100,100041,100,99059,100,100053,100,98959,100,100084,100,98745,100,100123,100,98704,100
2019-06-28 09:44:10.000000000,99694,215,99493,215,99705,212,99413,212,99706,212,99393,212,99886,200,99326,100,99970,100,99175,100,100002,200,99167,100,100041,100,99059,100,100053,100,98959,100,100084,100,98745,100,100123,100,98704,100
2019-06-28 09:44:15.800177695,99570,100,99493,215,99694,115,99413,212,99705,212,99393,212,99706,212,99326,100,99886,200,99175,100,99970,100,99167,100,100002,200,99059,100,100041,100,98959,100,100053,100,98745,100,100084,100,98704,100
2019-06-28 09:44:20.000000000,99570,215,99493,215,99705,212,99413,212,99706,212,99393,212,99886,200,99326,100,99970,100,99175,100,100002,200,99167,100,100041,100,99059,100,100053,100,98959,100,100084,100,98745,100,100123,100,98704,100
2019-06-28 09:44:30.000000000,99570,215,99493,215,99705,212,99413,212,99706,212,99393,212,99886,200,99326,100,99970,100,99175,100,100002,200,99167,100,100041,100,99059,100,100053,100,98959,100,100084,100,98745,100,100123,100,98704,100
2019-06-28 09:44:31.698136428,99570,215,99493,215,99705,212,99413,212,99706,212,99393,212,99886,200,99326,100,99970,100,99293,100,100002,200,99175,100,100041,100,99167,100,100053,100,99059,100,100084,100,98959,100,100142,100,98745,100
2019-06-28 09:44:40.000000000,99570,184,99493,184,99705,184,99413,184,99706,184,99393,184,99886,284,99326,184,99970,100,99293,100,100002,200,99175,100,100041,100,99167,100,100053,100,99059,100,100084,100,98959,100,100142,100,98745,100
2019-06-28 09:44:50.000000000,99570,215,99493,215,99705,212,99413,212,99706,212,99393,212,99886,200,99326,100,99970,100,99293,100,100002,200,99175,100,100041,100,99167,100,100053,100,99059,100,100084,100,98959,100,100142,100,98745,100
2019-06-28 09:44:58.260949471,99570,215,99493,215,99705,212,99413,212,99706,212,99393,212,99886,200,99326,100,99970,100,99293,100,100002,200,99175,100,100041,100,99167,100,100053,100,99059,100,100084,100,98959,100,100142,100,98750,100
2019-06-28 09:45:00.000000000,99570,184,99493,184,99705,184,99413,184,99706,184,99393,184,99886,284,99326,184,99970,100,99293,100,100002,200,99175,100,100041,100,99167,100,100053,100,99059,100,100084,100,98959,100,100142,100,98750,100
2019-06-28 09:45:01.030285755,99570,184,99493,184,99705,184,99413,184,99706,184,99393,184,99886,284,99326,184,99970,100,99293,100,100002,200,99175,100,100041,100,99167,100,100053,100,99059,100,100084,100,98959,100,100142,100,98814,100
2019-06-28 09:45:08.970165689,99570,184,99493,184,99705,184,99413,184,99706,184,99393,184,99886,284,99326,184,99970,100,99293,100,100002,200,99175,100,100041,100,99167,100,100053,100,99059,100,100084,100,98959,100,100142,100,98955,100
2019-06-28 09:45:10.000000000,99570,215,99493,215,99705,212,99413,212,99706,212,99393,212,99886,200,99326,100,99970,100,99293,100,100002,200,99175,100,100041,100,99167,100,100053,100,99059,100,100084,100,98959,100,100142,100,98955,100
2019-06-28 09:45:20.000000000,99570,184,99493,184,99705,184,99413,184,99706,184,99393,184,99886,284,99326,184,99970,100,99293,100,100002,200,99175,100,100041,100,99167,100,100053,100,99059,100,100084,100,98959,100,100142,100,98955,100
2019-06-28 09:45:28.616420069,99570,184,99493,184,99705,184,99413,184,99706,184,99393,184,99886,284,99326,184,99970,100,99293,100,100002,200,99175,100,100041,100,99167,100,100053,100,99059,100,100084,100,98959,100,100142,100,98870,100
2019-06-28 09:45:30.000000000,99570,168,99493,168,99705,168,99413,168,99706,168,99393,168,99886,268,99326,168,99970,168,99293,168,100002,200,99175,100,100041,100,99167,100,100053,100,99059,100,100084,100,98959,100,100142,100,98870,100
2019-06-28 09:45:39.850641558,99570,168,99493,168,99705,168,99413,168,99706,168,99393,168,99886,268,99326,168,99970,168,99293,168,100002,200,99175,100,100041,100,99167,100,100053,100,99059,100,100084,100,98959,100,100142,100,98870,100
2019-06-28 09:45:40.000000000,99570,184,99493,184,99705,184,99413,184,99706,184,99393,184,99886,284,99326,184,99970,100,99293,100,100002,200,99175,100,100041,100,99167,100,100053,100,99059,100,100084,100,98959,100,100142,100,98870,100
2019-06-28 09:45:50.000000000,99570,269,99493,269,99705,269,99413,269,99706,100,99393,100,99886,200,99326,100,99970,100,99293,100,100002,200,99175,100,100041,100,99167,100,100053,100,99059,100,100084,100,98959,100,100142,100,98870,100
2019-06-28 09:46:00.000000000,99570,168,99493,168,99705,168,99413,168,99706,168,99393,168,99886,268,99326,168,99970,168,99293,168,100002,200,99175,100,100041,100,99167,100,100053,100,99059,100,100084,100,98959,100,100142,100,98870,100
2019-06-28 09:46:10.000000000,99570,184,99493,184,99705,184,99413,184,99706,184,99393,184,99886,284,99326,184,99970,100,99293,100,100002,200,99175,100,100041,100,99167,100,100053,100,99059,100,100084,100,98959,100,100142,100,98870,100
2019-06-28 09:46:14.519159921,99570,184,99493,84,99705,184,99413,184,99706,184,99393,184,99886,284,99326,184,99970,100,99293,100,100002,200,99175,100,100041,100,99167,100,100053,100,99059,100,100084,100,98959,100,100142,100,98870,100
2019-06-28 09:46:20.000000000,99570,168,99413,168,99705,168,99393,168,99706,168,99326,168,99886,268,99293,168,99970,168,99175,168,100002,200,99167,100,100041,100,99059,100,100053,100,98959,100,100084,100,98870,100,100142,100,98814,100
2019-06-28 09:46:20.218015834,99570,168,99413,68,99705,168,99393,168,99706,168,99326,168,99886,268,99293,168,99970,168,99175,168,100002,200,99167,100,100041,100,99059,100,100053,100,98959,100,100084,100,98870,100,100142,100,98814,100
2019-06-28 09:46:30.000000000,99570,168,99393,168,99705,168,99326,168,99706,168,99293,168,99886,268,99175,168,99970,168,99167,168,100002,200,99059,100,100041,100,98959,100,100053,100,98870,100,100084,100,98814,100,100142,100,98804,100
2019-06-28 09:46:31.617882900,99570,168,99393,68,99705,168,99326,168,99706,168,99293,168,99886,268,99175,168,99970,168,99167,168,100002,200,99059,100,100041,100,98959,100,100053,100,98870,100,100084,100,98814,100,100142,100,98804,100
2019-06-28 09:46:40.000000000,99570,168,99326,168,99705,168,99293,168,99706,168,99175,168,99886,268,99167,168,99970,168,99059,168,100002,200,98959,100,100041,100,98870,100,100053,100,98814,100,100084,100,98804,100,100142,100,98750,100
2019-06-28 09:46:45.926354486,99570,68,99326,168,99705,168,99293,168,99706,168,99175,168,99886,268,99167,168,99970,168,99059,168,100002,200,98959,100,100041,100,98886,100,100053,100,98870,100,100084,100,98814,100,100142,100,98804,100
2019-06-28 09:46:47.260388876,99570,68,99326,68,99705,168,99293,168,99706,168,99175,168,99886,268,99167,168,99970,168,99059,168,100002,200,98959,100,100041,100,98886,100,100053,100,98870,100,100084,100,98814,100,100142,100,98804,100
2019-06-28 09:46:50.000000000,99705,168,99293,168,99706,168,99175,168,99886,268,99167,168,99970,168,99059,168,100002,268,98959,168,100041,100,98886,100,100053,100,98870,100,100084,100,98814,100,100142,100,98804,100,100170,100,98745,100
2019-06-28 09:47:00.000000000,99705,215,99293,215,99706,212,99175,212,99886,312,99167,212,99970,100,99059,100,100002,200,98959,100,100041,100,98886,100,100053,100,98870,100,100084,100,98814,100,100142,100,98804,100,100170,100,98745,100
2019-06-28 09:47:08.745366271,99377,100,99293,215,99705,215,99175,212,99706,212,99167,212,99886,312,99059,100,99970,100,98959,100,100002,200,98886,100,100041,100,98870,100,100053,100,98814,100,100084,100,98804,100,100142,100,98745,100
2019-06-28 09:47:10.000000000,99377,184,99293,184,99705,184,99175,184,99706,184,99167,184,99886,284,99059,184,99970,100,98959,100,100002,200,98886,100,100041,100,98870,100,100053,100,98814,100,100084,100,98804,100,100142,100,98745,100
2019-06-28 09:47:20.000000000,99377,184,99293,184,99705,184,99175,184,99706,184,99167,184,99886,284,99059,184,99970,100,98959,100,100002,200,98886,100,100041,100,98870,100,100053,100,98814,100,100084,100,98804,100,100142,100,98745,100
2019-06-28 09:47:30.000000000,99377,215,99293,215,99705,212,99175,212,99706,212,99167,212,99886,200,99059,100,99970,100,98959,100,100002,200,98886,100,100041,100,98870,100,100053,100,98814,100,100084,100,98804,100,100142,100,98745,100
2019-06-28 09:47:40.000000000,99377,215,99293,215,99705,212,99175,212,99706,212,99167,212,99886,200,99059,100,99970,100,98959,100,100002,200,98886,100,100041,100,98870,100,100053,100,98814,100,100084,100,98804,100,100142,100,98745,100
2019-06-28 09:47:50.000000000,99377,269,99293,269,99705,269,99175,269,99706,100,99167,100,99886,200,99059,100,99970,100,98959,100,100002,200,98886,100,100041,100,98870,100,100053,100,98814,100,100084,100,98804,100,100142,100,98745,100
2019-06-28 09:48:00.000000000,99377,269,99293,269,99705,269,99175,269,99706,100,99167,100,99886,200,99059,100,99970,100,98959,100,100002,200,98886,100,100041,100,98870,100,100053,100,98814,100,100084,100,98804,100,100142,100,98745,100
2019-06-28 09:48:10.000000000,99377,215,99293,215,99705,212,99175,212,99706,212,99167,212,99886,200,99059,100,99970,100,98959,100,100002,200,98886,100,100041,100,98870,100,100053,100,98814,100,100084,100,98804,100,100142,100,98745,100
2019-06-28 09:48:20.000000000,99377,184,99293,184,99705,184,99175,184,99706,184,99167,184,99886,284,99059,184,99970,100,98959,100,100002,200,98886,100,100041,100,98870,100,100053,100,98814,100,100084,100,98804,100,100142,100,98745,100
2019-06-28 09:48:28.383904690,99377,184,99293,184,99668,100,99175,184,99705,184,99167,184,99706,184,99059,184,99886,284,98959,100,99970,100,98886,100,100002,200,98870,100,100041,100,98814,100,100053,100,98804,100,100084,100,98745,100
2019-06-28 09:48:30.000000000,99377,168,99293,168,99668,168,99175,168,99705,168,99167,168,99706,168,99059,168,99886,268,98959,168,99970,100,98886,100,100002,200,98870,100,100041,100,98814,100,100053,100,98804,100,100084,100,98745,100
2019-06-28 09:48:38.673939454,99377,168,99327,100,99668,168,99293,168,99705,168,99175,168,99706,168,99167,168,99886,268,99059,168,99970,100,98959,168,100002,200,98886,100,100041,100,98870,100,100053,100,98814,100,100084,100,98804,100
2019-06-28 09:48:40.000000000,99377,184,99327,184,99668,184,99293,184,99705,184,99175,184,99706,184,99167,184,99886,200,99059,100,99970,100,98959,100,100002,200,98886,100,100041,100,98870,100,100053,100,98814,100,100084,100,98804,100
2019-06-28 09:48:50.000000000,99377,269,99327,269,99668,269,99293,269,99705,100,99175,100,99706,100,99167,100,99886,200,99059,100,99970,100,98959,100,100002,200,98886,100,100041,100,98870,100,100053,100,98814,100,100084,100,98804,100
2019-06-28 09:48:52.739434371,99377,269,99327,369,99668,269,99293,269,99705,100,99175,100,99706,100,99167,100,99886,200,99059,100,99970,100,98959,100,100002,100,98886,100,100041,100,98870,100,100053,100,98814,100,100084,100,98804,100
2019-06-28 09:49:00.000000000,99377,184,99327,284,99668,184,99293,184,99705,184,99175,184,99706,184,99167,184,99886,200,99059,100,99970,100,98959,100,100002,100,98886,100,100041,100,98870,100,100053,100,98814,100,100084,100,98804,100
2019-06-28 09:49:10.000000000,99377,269,99327,369,99668,269,99293,269,99705,100,99175,100,99706,100,99167,100,99886,200,99059,100,99970,100,98959,100,100002,100,98886,100,100041,100,98870,100,100053,100,98814,100,100084,100,98804,100
2019-06-28 09:49:20.000000000,99377,438,99327,538,99668,100,99293,100,99705,100,99175,100,99706,100,99167,100,99886,200,99059,100,99970,100,98959,100,100002,100,98886,100,100041,100,98870,100,100053,100,98814,100,100084,100,98804,100
2019-06-28 09:49:30.000000000,99377,269,99327,369,99668,269,99293,269,99705,100,99175,100,99706,100,99167,100,99886,200,99059,100,99970,100,98959,100,100002,100,98886,100,100041,100,98870,100,100053,100,98814,100,100084,100,98804,100
2019-06-28 09:49:40.000000000,99377,168,99327,268,99668,168,99293,168,99705,168,99175,168,99706,168,99167,168,99886,268,99059,168,99970,100,98959,100,100002,100,98886,100,100041,100,98870,100,100053,100,98814,100,100084,100,98804,100
2019-06-28 09:49:46.672333415,99377,168,99327,168,99668,168,99293,168,99705,168,99175,168,99706,168,99167,168,99886,268,99059,168,99970,100,98959,100,100002,100,98886,100,100041,100,98870,100,100053,100,98814,100,100084,100,98804,100
2019-06-28 09:49:50.000000000,99377,269,99327,269,99668,269,99293,269,99705,100,99175,100,99706,100,99167,100,99886,200,99059,100,99970,100,98959,100,100002,100,98886,100,100041,100,98870,100,100053,100,98814,100,100084,100,98804,100
2019-06-28 09:50:00.000000000,99377,438,99327,438,99668,100,99293,100,99705,100,99175,100,99706,100,99167,100,99886,200,99059,100,99970,100,98959,100,100002,100,98886,100,100041,100,98870,100,100053,100,98814,100,100084,100,98804,100
2019-06-28 09:50:10.000000000,99377,269,99327,269,99668,269,99293,269,99705,100,99175,100,99706,100,99167,100,99886,200,99059,100,99970,100,98959,100,100002,100,98886,100,100041,100,98870,100,100053,100,98814,100,100084,100,98804,100
2019-06-28 09:50:17.135941401,99377,269,99327,269,99668,269,99293,269,99705,100,99175,100,99706,100,99167,100,99886,200,99059,100,99970,100,98959,100,100002,100,98886,100,100041,100,98870,100,100053,100,98814,100,100084,100,98804,100
2019-06-28 09:50:20.000000000,99377,168,99327,168,99668,168,99293,168,99705,168,99175,168,99706,168,99167,168,99886,268,99059,168,99970,100,98959,100,100002,100,98886,100,100041,100,98870,100,100053,100,98814,100,100084,100,98804,100
2019-06-28 09:50:22.251358861,99377,168,99327,168,99668,168,99293,168,99705,168,99175,168,99706,168,99167,168,99886,168,99059,168,99970,100,98959,100,100002,100,98886,100,100041,100,98870,100,100053,100,98814,100,100084,100,98804,100
2019-06-28 09:50:29.090273098,99377,168,99327,168,99668,168,99293,168,99705,168,99175,168,99706,168,99167,168,99886,168,99059,168,99970,100,98959,100,100002,100,98870,100,100041,100,98814,100,100053,100,98804,100,100084,100,98745,100
2019-06-28 09:50:30.000000000,99377,168,99327,168,99668,168,99293,168,99705,168,99175,168,99706,168,99167,168,99886,168,99059,168,99970,100,98959,100,100002,100,98870,100,100041,100,98814,100,100053,100,98804,100,100084,100,98745,100
2019-06-28 09:50:38.909235691,99377,168,99327,68,99668,168,99293,168,99705,168,99175,168,99706,168,99167,168,99886,168,99059,168,99970,100,98959,100,100002,100,98870,100,100041,100,98814,100,100053,100,98804,100,100084,100,98745,100
2019-06-28 09:50:40.000000000,99377,168,99293,168,99668,168,99175,168,99705,168,99167,168,99706,168,99059,168,99886,168,98959,168,99970,100,98870,100,100002,100,98814,100,100041,100,98804,100,100053,100,98745,100,100084,100,98385,100
2019-06-28 09:50:40.576854580,99377,168,99293,68,99668,168,99175,168,99705,168,99167,168,99706,168,99059,168,99886,168,98959,168,99970,100,98870,100,100002,100,98814,100,100041,100,98804,100,100053,100,98745,100,100084,100,98385,100
2019-06-28 09:50:43.478862416,99293,32,99175,168,99377,168,99167,168,99668,168,99059,168,99705,168,98959,168,99706,168,98814,100,99886,168,98804,100,99970,100,98745,100,100002,100,98385,100,100041,100,98222,100,100053,100,,
2019-06-28 09:50:50.000000000,99293,370,99175,438,99377,100,99167,100,99668,100,99059,100,99705,100,98959,100,99706,100,98814,100,99886,100,98804,100,99970,100,98745,100,100002,100,98385,100,100041,100,98222,100,100053,100,,
2019-06-28 09:50:58.130583108,99293,370,99175,438,99377,100,99167,100,99668,100,99059,100,99705,100,98959,100,99706,100,98814,100,99886,100,98804,100,99970,100,98745,100,100002,100,98489,100,100041,100,98385,100,100053,100,98222,100
2019-06-28 09:51:00.000000000,99293,201,99175,269,99377,269,99167,269,99668,100,99059,100,99705,100,98959,100,99706,100,98814,100,99886,100,98804,100,99970,100,98745,100,100002,100,98489,100,100041,100,98385,100,100053,100,98222,100
2019-06-28 09:51:07.462631744,99293,201,99175,269,99377,269,99167,269,99668,100,99059,100,99705,100,98959,100,99706,100,98804,100,99886,100,98745,100,99970,100,98489,100,100002,100,98385,100,100041,100,98242,100,100053,100,98222,100
2019-06-28 09:51:10.000000000,99293,370,99175,438,99377,100,99167,100,99668,100,99059,100,99705,100,98959,100,99706,100,98804,100,99886,100,98745,100,99970,100,98489,100,100002,100,98385,100,100041,100,98242,100,100053,100,98222,100
2019-06-28 09:51:20.000000000,99293,201,99175,269,99377,269,99167,269,99668,100,99059,100,99705,100,98959,100,99706,100,98804,100,99886,100,98745,100,99970,100,98489,100,100002,100,98385,100,100041,100,98242,100,100053,100,98222,100
2019-06-28 09:51:26.731600500,99293,201,99175,169,99377,269,99167,269,99668,100,99059,100,99705,100,98959,100,99706,100,98804,100,99886,100,98745,100,99970,100,98489,100,100002,100,98385,100,100041,100,98242,100,100053,100,98222,100
2019-06-28 09:51:30.000000000,99293,147,99167,215,99377,212,99059,212,99668,212,98959,212,99705,100,98804,100,99706,100,98745,100,99886,100,98489,100,99970,100,98385,100,100002,100,98242,100,100041,100,98222,100,100053,100,,
2019-06-28 09:51:30.981357105,99293,147,99167,115,99377,212,99059,212,99668,212,98959,212,99705,100,98804,100,99706,100,98745,100,99886,100,98489,100,99970,100,98385,100,100002,100,98242,100,100041,100,98222,100,100053,100,,
2019-06-28 09:51:31.879045168,99293,147,99167,15,99377,212,99059,212,99668,212,98959,212,99705,100,98804,100,99706,100,98745,100,99886,100,98489,100,99970,100,98385,100,100002,100,98242,100,100041,100,98222,100,100053,100,,
2019-06-28 09:51:36.066060381,99293,147,99167,15,99377,212,99059,212,99668,212,98959,212,99705,100,98804,100,99706,100,98745,100,99886,100,98489,100,99970,100,98385,100,100002,100,98242,100,100041,100,98222,100,100053,100,98111,100
2019-06-28 09:51:40.000000000,99293,100,99059,168,99377,168,98959,168,99668,168,98804,168,99705,168,98745,168,99706,168,98489,168,99886,100,98385,100,99970,100,98242,100,100002,100,98222,100,100041,100,98111,100,100053,100,,
2019-06-28 09:51:50.000000000,99293,147,99059,215,99377,212,98959,212,99668,212,98804,212,99705,100,98745,100,99706,100,98489,100,99886,100,98385,100,99970,100,98242,100,100002,100,98222,100,100041,100,98111,100,100053,100,,
2019-06-28 09:51:56.074828347,99167,100,99059,215,99293,147,98959,212,99377,212,98804,212,99668,212,98745,100,99705,100,98489,100,99706,100,98385,100,99886,100,98242,100,99970,100,98222,100,100002,100,98111,100,100041,100,,
2019-06-28 09:52:00.000000000,99167,184,99059,184,99293,116,98959,184,99377,184,98804,184,99668,184,98745,184,99705,100,98489,100,99706,100,98385,100,99886,100,98242,100,99970,100,98222,100,100002,100,98111,100,100041,100,,
2019-06-28 09:52:07.720838249,99167,184,99059,84,99293,116,98959,184,99377,184,98804,184,99668,184,98745,184,99705,100,98489,100,99706,100,98385,100,99886,100,98242,100,99970,100,98222,100,100002,100,98111,100,100041,100,,
2019-06-28 09:52:07.827955813,99059,16,98959,184,99167,184,98804,184,99293,116,98745,184,99377,184,98489,100,99668,184,98385,100,99705,100,98242,100,99706,100,98222,100,99886,100,98111,100,99970,100,,,100002,100,,
2019-06-28 09:52:10.000000000,99059,185,98959,269,99167,269,98804,269,99293,32,98745,100,99377,100,98489,100,99668,100,98385,100,99705,100,98242,100,99706,100,98222,100,99886,100,98111,100,99970,100,,,100002,100,,
2019-06-28 09:52:14.351914090,99059,185,98959,269,99167,269,98804,269,99293,32,98745,100,99377,100,98489,100,99668,100,98391,100,99705,100,98385,100,99706,100,98242,100,99886,100,98222,100,99970,100,98111,100,100002,100,,
2019-06-28 09:52:15.990019789,99059,185,98959,269,99167,269,98804,269,99293,32,98745,100,99377,100,98489,100,99668,100,98391,100,99705,100,98385,100,99706,100,98242,100,99886,100,98235,100,99970,100,98222,100,100002,100,98111,100
2019-06-28 09:52:19.665781503,99059,185,98959,269,99167,269,98804,269,99293,32,98745,100,99377,100,98489,100,99668,100,98391,100,99705,100,98385,100,99706,100,98256,100,99886,100,98235,100,99970,100,98222,100,100002,100,98111,100
2019-06-28 09:52:20.000000000,99059,354,98959,438,99167,100,98804,100,99293,32,98745,100,99377,100,98489,100,99668,100,98391,100,99705,100,98385,100,99706,100,98256,100,99886,100,98235,100,99970,100,98222,100,100002,100,98111,100
2019-06-28 09:52:30.000000000,99059,131,98959,215,99167,212,98804,212,99293,144,98745,212,99377,100,98489,100,99668,100,98391,100,99705,100,98385,100,99706,100,98256,100,99886,100,98235,100,99970,100,98222,100,100002,100,98111,100
2019-06-28 09:52:39.454779697,99059,131,98959,215,99167,212,98804,212,99293,144,98745,212,99377,100,98544,100,99668,100,98489,100,99705,100,98391,100,99706,100,98385,100,99886,100,98256,100,99970,100,98235,100,100002,100,98222,100
2019-06-28 09:52:40.000000000,99059,185,98959,269,99167,269,98804,269,99293,32,98745,100,99377,100,98544,100,99668,100,98489,100,99705,100,98391,100,99706,100,98385,100,99886,100,98256,100,99970,100,98235,100,100002,100,98222,100
2019-06-28 09:52:42.180780934,99059,185,98959,269,99167,269,98804,269,99377,100,98745,100,99668,100,98615,100,99705,100,98544,100,99706,100,98489,100,99886,100,98391,100,99970,100,98385,100,100002,100,98256,100,100041,100,98235,100
2019-06-28 09:52:42.561096383,99059,185,98959,269,99167,269,98804,269,99377,100,98745,100,99705,100,98615,100,99706,100,98544,100,99886,100,98489,100,99970,100,98433,100,100002,100,98391,100,100041,100,98385,100,100084,100,98256,100
2019-06-28 09:52:50.000000000,99059,84,98959,168,99167,168,98804,168,99377,168,98745,168,99705,168,98615,168,99706,168,98544,168,99886,100,98489,100,99970,100,98433,100,100002,100,98391,100,100041,100,98385,100,100084,100,98256,100
2019-06-28 09:53:00.000000000,99059,354,98959,438,99167,100,98804,100,99377,100,98745,100,99705,100,98615,100,99706,100,98544,100,99886,100,98489,100,99970,100,98433,100,100002,100,98391,100,100041,100,98385,100,100084,100,98256,100
2019-06-28 09:53:08.896812100,99059,454,98959,438,99167,100,98804,100,99377,100,98745,100,99705,100,98615,100,99706,100,98544,100,99886,100,98489,100,99970,100,98433,100,100002,100,98391,100,100041,100,98385,100,100084,100,98256,100
2019-06-28 09:53:10.000000000,99059,454,98959,438,99167,100,98804,100,99377,100,98745,100,99705,100,98615,100,99706,100,98544,100,99886,100,98489,100,99970,100,98433,100,100002,100,98391,100,100041,100,98385,100,100084,100,98256,100
2019-06-28 09:53:20.000000000,99059,231,98959,215,99167,212,98804,212,99377,212,98745,212,99705,100,98615,100,99706,100,98544,100,99886,100,98489,100,99970,100,98433,100,100002,100,98391,100,100041,100,98385,100,100084,100,98256,100
2019-06-28 09:53:30.000000000,99059,200,98959,184,99167,184,98804,184,99377,184,98745,184,99705,184,98615,184,99706,100,98544,100,99886,100,98489,100,99970,100,98433,100,100002,100,98391,100,100041,100,98385,100,100084,100,98256,100
2019-06-28 09:53:40.000000000,99059,231,98959,215,99167,212,98804,212,99377,212,98745,212,99705,100,98615,100,99706,100,98544,100,99886,100,98489,100,99970,100,98433,100,100002,100,98391,100,100041,100,98385,100,100084,100,98256,100
2019-06-28 09:53:50.000000000,99059,184,98959,168,99167,168,98804,168,99377,168,98745,168,99705,168,98615,168,99706,168,98544,168,99886,100,98489,100,99970,100,98433,100,100002,100,98391,100,100041,100,98385,100,100084,100,98256,100
2019-06-28 09:54:00.000000000,99059,285,98959,269,99167,269,98804,269,99377,100,98745,100,99705,100,98615,100,99706,100,98544,100,99886,100,98489,100,99970,100,98433,100,100002,100,98391,100,100041,100,98385,100,100084,100,98256,100
2019-06-28 09:54:10.000000000,99059,285,98959,269,99167,269,98804,269,99377,100,98745,100,99705,100,98615,100,99706,100,98544,100,99886,100,98489,100,99970,100,98433,100,100002,100,98391,100,100041,100,98385,100,100084,100,98256,100
2019-06-28 09:54:17.155115330,99059,285,98959,169,99167,269,98804,269,99377,100,98745,100,99705,100,98615,100,99706,100,98544,100,99886,100,98489,100,99970,100,98391,100,100002,100,98385,100,100041,100,98256,100,100084,100,98235,100
2019-06-28 09:54:20.000000000,99059,231,98804,215,99167,212,98745,212,99377,212,98615,212,99705,100,98544,100,99706,100,98489,100,99886,100,98391,100,99970,100,98385,100,100002,100,98256,100,100041,100,98235,100,100084,100,98222,100
2019-06-28 09:54:30.000000000,99059,231,98804,215,99167,212,98745,212,99377,212,98615,212,99705,100,98544,100,99706,100,98489,100,99886,100,98391,100,99970,100,98385,100,100002,100,98256,100,100041,100,98235,100,100084,100,98222,100
2019-06-28 09:54:37.596960193,99059,231,98942,100,99167,212,98804,215,99377,212,98745,212,99705,100,98615,212,99706,100,98544,100,99886,100,98489,100,99970,100,98391,100,100002,100,98385,100,100041,100,98256,100,100084,100,98235,100
2019-06-28 09:54:40.000000000,99059,184,98942,168,99167,168,98804,168,99377,168,98745,168,99705,168,98615,168,99706,168,98544,168,99886,100,98489,100,99970,100,98391,100,100002,100,98385,100,100041,100,98256,100,100084,100,98235,100
2019-06-28 09:54:50.000000000,99059,200,98942,184,99167,184,98804,184,99377,184,98745,184,99705,184,98615,184,99706,100,98544,100,99886,100,98489,100,99970,100,98391,100,100002,100,98385,100,100041,100,98256,100,100084,100,98235,100
2019-06-28 09:55:00.000000000,99059,184,98942,168,99167,168,98804,168,99377,168,98745,168,99705,168,98615,168,99706,168,98544,168,99886,100,98489,100,99970,100,98391,100,100002,100,98385,100,100041,100,98256,100,100084,100,98235,100
2019-06-28 09:55:06.207615315,99059,184,98942,168,99167,168,98804,168,99327,100,98745,168,99377,168,98615,168,99705,168,98544,168,99706,68,98489,100,99886,100,98391,100,99970,100,98385,100,100002,100,98256,100,100041,100,98235,100
2019-06-28 09:55:10.000000000,99059,200,98942,184,99167,184,98804,184,99327,184,98745,184,99377,184,98615,184,99705,100,98544,100,99886,100,98489,100,99970,100,98391,100,100002,100,98385,100,100041,100,98256,100,100084,100,98235,100
2019-06-28 09:55:10.229293224,99059,200,98960,100,99167,184,98942,184,99327,184,98804,184,99377,184,98745,184,99705,100,98615,184,99886,100,98544,100,99970,100,98489,100,100002,100,98391,100,100041,100,98385,100,100084,100,98256,100
2019-06-28 09:55:11.371387745,99059,200,98960,200,99167,184,98942,184,99327,184,98804,184,99377,184,98745,184,99705,100,98615,184,99886,100,98544,100,99970,100,98489,100,100002,100,98391,100,100041,100,98385,100,100084,100,98256,100
2019-06-28 09:55:18.122122340,99059,200,98960,200,99167,184,98942,184,99327,184,98804,184,99377,184,98745,184,99557,100,98615,184,99705,100,98544,100,99886,100,98489,100,99970,100,98391,100,100002,100,98385,100,100041,100,98256,100
2019-06-28 09:55:20.000000000,99059,184,98960,268,99167,168,98942,168,99327,168,98804,168,99377,168,98745,168,99557,168,98615,168,99705,100,98544,100,99886,100,98489,100,99970,100,98391,100,100002,100,98385,100,100041,100,98256,100
2019-06-28 09:55:30.000000000,99059,200,98960,284,99167,184,98942,184,99327,184,98804,184,99377,184,98745,184,99557,100,98615,100,99705,100,98544,100,99886,100,98489,100,99970,100,98391,100,100002,100,98385,100,100041,100,98256,100
2019-06-28 09:55:32.398773689,99059,200,98960,284,99167,184,98942,184,99308,100,98804,184,99327,184,98745,184,99377,184,98615,100,99705,100,98544,100,99886,100,98489,100,99970,100,98391,100,100002,100,98385,100,100041,100,98256,100
2019-06-28 09:55:39.941446515,99059,200,98960,284,99167,184,98942,184,99308,100,98804,184,99327,184,98745,184,99377,184,98615,100,99705,100,98544,100,99886,100,98489,100,99970,100,98391,100,100002,100,98385,100,100041,100,98256,100
2019-06-28 09:55:40.000000000,99059,454,98960,538,99167,100,98942,100,99308,100,98804,100,99327,100,98745,100,99377,100,98615,100,99705,100,98544,100,99886,100,98489,100,99970,100,98391,100,100002,100,98385,100,100041,100,98256,100
2019-06-28 09:55:50.000000000,99059,231,98960,315,99167,212,98942,212,99308,212,98804,212,99327,100,98745,100,99377,100,98615,100,99705,100,98544,100,99886,100,98489,100,99970,100,98391,100,100002,100,98385,100,100041,100,98256,100
2019-06-28 09:56:00.000000000,99059,231,98960,315,99167,212,98942,212,99308,212,98804,212,99327,100,98745,100,99377,100,98615,100,99705,100,98544,100,99886,100,98489,100,99970,100,98391,100,100002,100,98385,100,100041,100,98256,100
2019-06-28 09:56:10.000000000,99059,454,98960,538,99167,100,98942,100,99308,100,98804,100,99327,100,98745,100,99377,100,98615,100,99705,100,98544,100,99886,100,98489,100,99970,100,98391,100,100002,100,98385,100,100041,100,98256,100
2019-06-28 09:56:20.000000000,99059,454,98960,538,99167,100,98942,100,99308,100,98804,100,99327,100,98745,100,99377,100,98615,100,99705,100,98544,100,99886,100,98489,100,99970,100,98391,100,100002,100,98385,100,100041,100,98256,100
2019-06-28 09:56:20.676225794,99059,454,98960,638,99167,100,98942,100,99308,100,98804,100,99327,100,98745,100,99377,100,98615,100,99705,100,98544,100,99970,100,98489,100,100002,100,98391,100,100041,100,98385,100,100084,100,98256,100
2019-06-28 09:56:30.000000000,99059,200,98960,384,99167,184,98942,184,99308,184,98804,184,99327,184,98745,184,99377,100,98615,100,99705,100,98544,100,99970,100,98489,100,100002,100,98391,100,100041,100,98385,100,100084,100,98256,100
2019-06-28 09:56:34.723376134,99059,200,98960,384,99167,184,98942,184,99308,184,98804,184,99327,184,98745,184,99377,100,98615,100,99586,100,98544,100,99705,100,98489,100,99970,100,98391,100,100002,100,98385,100,100041,100,98235,100
2019-06-28 09:56:40.000000000,99059,184,98960,368,99167,168,98942,168,99308,168,98804,168,99327,168,98745,168,99377,168,98615,168,99586,100,98544,100,99705,100,98489,100,99970,100,98391,100,100002,100,98385,100,100041,100,98235,100
2019-06-28 09:56:48.532149699,99012,100,98960,368,99059,184,98942,168,99167,168,98804,168,99308,168,98745,168,99327,168,98615,168,99377,168,98544,100,99586,100,98489,100,99705,100,98391,100,99970,100,98385,100,100002,100,98235,100
2019-06-28 09:56:50.000000000,99012,184,98960,384,99059,200,98942,184,99167,184,98804,184,99308,184,98745,184,99327,100,98615,100,99377,100,98544,100,99586,100,98489,100,99705,100,98391,100,99970,100,98385,100,100002,100,98235,100
2019-06-28 09:57:00.000000000,99012,215,98960,415,99059,228,98942,212,99167,212,98804,212,99308,100,98745,100,99327,100,98615,100,99377,100,98544,100,99586,100,98489,100,99705,100,98391,100,99970,100,98385,100,100002,100,98235,100
2019-06-28 09:57:02.649359716,99012,115,98960,415,99059,228,98942,212,99167,212,98804,212,99308,100,98745,100,99327,100,98615,100,99377,100,98544,100,99586,100,98489,100,99705,100,98391,100,99970,100,98235,100,100002,100,98222,100
2019-06-28 09:57:10.000000000,99059,184,98960,368,99167,168,98942,168,99308,168,98804,168,99327,168,98745,168,99377,168,98615,168,99586,100,98544,100,99705,100,98489,100,99970,100,98391,100,100002,100,98235,100,100041,100,98222,100
2019-06-28 09:57:17.907147789,99059,184,98960,268,99167,168,98942,168,99308,168,98804,168,99327,168,98745,168,99377,168,98615,168,99586,100,98544,100,99705,100,98489,100,99970,100,98391,100,100002,100,98235,100,100041,100,98222,100
2019-06-28 09:57:20.000000000,99059,231,98960,315,99167,212,98942,212,99308,212,98804,212,99327,100,98745,100,99377,100,98615,100,99586,100,98544,100,99705,100,98489,100,99970,100,98391,100,100002,100,98235,100,100041,100,98222,100
2019-06-28 09:57:24.401267694,99059,231,98960,315,99167,212,98942,212,99308,212,98804,212,99327,100,98745,100,99377,100,98615,100,99586,100,98544,100,99617,100,98489,100,99970,100,98391,100,100002,100,98235,100,100041,100,98222,100
2019-06-28 09:57:30.000000000,99059,285,98960,369,99167,269,98942,269,99308,100,98804,100,99327,100,98745,100,99377,100,98615,100,99586,100,98544,100,99617,100,98489,100,99970,100,98391,100,100002,100,98235,100,100041,100,98222,100
2019-06-28 09:57:39.241699192,99059,285,98960,369,99167,269,98942,269,99305,100,98804,100,99308,100,98745,100,99327,100,98615,100,99377,100,98544,100,99586,100,98489,100,99617,100,98391,100,99970,100,98235,100,100002,100,98222,100
2019-06-28 09:57:40.000000000,99059,231,98960,315,99167,212,98942,212,99305,212,98804,212,99308,100,98745,100,99327,100,98615,100,99377,100,98544,100,99586,100,98489,100,99617,100,98391,100,99970,100,98235,100,100002,100,98222,100
2019-06-28 09:57:45.617771957,99011,100,98960,315,99059,231,98942,212,99167,212,98804,212,99305,212,98745,100,99308,100,98615,100,99327,100,98544,100,99377,100,98489,100,99586,100,98391,100,99617,100,98235,100,99970,100,98222,100
2019-06-28 09:57:50.000000000,99011,168,98960,268,99059,184,98942,168,99167,168,98804,168,99305,168,98745,168,99308,168,98615,168,99327,100,98544,100,99377,100,98489,100,99586,100,98391,100,99617,100,98235,100,99970,100,98222,100
2019-06-28 09:57:51.030831926,99011,168,98960,268,99059,184,98942,168,99167,168,98804,168,99305,168,98745,168,99308,68,98615,168,99327,100,98544,100,99377,100,98489,100,99390,100,98391,100,99586,100,98235,100,99617,100,98222,100
2019-06-28 09:57:57.999888876,99011,68,98960,268,99059,184,98942,168,99167,168,98804,168,99305,168,98745,168,99308,68,98615,168,99327,100,98544,100,99377,100,98489,100,99390,100,98391,100,99586,100,98235,100,99617,100,98222,100
2019-06-28 09:58:00.000000000,99059,184,98960,268,99167,168,98942,168,99305,168,98804,168,99327,168,98745,168,99377,168,98615,168,99390,100,98544,100,99586,100,98489,100,99617,100,98391,100,99970,100,98235,100,100002,100,98222,100
2019-06-28 09:58:04.393567546,99059,184,98965,100,99167,168,98960,268,99305,168,98942,168,99327,168,98804,168,99377,168,98745,168,99390,100,98615,168,99586,100,98544,100,99617,100,98489,100,99970,100,98391,100,100002,100,98235,100
2019-06-28 09:58:07.808369067,99059,184,98965,100,99167,168,98960,268,99305,168,98942,168,99327,168,98804,168,99377,168,98745,168,99390,100,98693,100,99586,100,98615,168,99617,100,98544,100,99970,100,98489,100,100002,100,98391,100
2019-06-28 09:58:10.000000000,99059,285,98965,269,99167,269,98960,369,99305,100,98942,100,99327,100,98804,100,99377,100,98745,100,99390,100,98693,100,99586,100,98615,100,99617,100,98544,100,99970,100,98489,100,100002,100,98391,100
2019-06-28 09:58:20.000000000,99059,231,98965,215,99167,212,98960,312,99305,212,98942,212,99327,100,98804,100,99377,100,98745,100,99390,100,98693,100,99586,100,98615,100,99617,100,98544,100,99970,100,98489,100,100002,100,98391,100
2019-06-28 09:58:20.499941477,99059,131,98965,215,99167,212,98960,312,99305,212,98942,212,99327,100,98804,100,99377,100,98745,100,99390,100,98693,100,99586,100,98615,100,99617,100,98544,100,99970,100,98489,100,100002,100,98391,100
2019-06-28 09:58:26.205211855,99010,100,98965,215,99059,131,98960,212,99167,212,98942,212,99305,212,98804,100,99327,100,98745,100,99377,100,98693,100,99390,100,98615,100,99586,100,98544,100,99617,100,98489,100,99970,100,98391,100
2019-06-28 09:58:30.000000000,99010,438,98965,438,99059,16,98960,100,99167,100,98942,100,99305,100,98804,100,99327,100,98745,100,99377,100,98693,100,99390,100,98615,100,99586,100,98544,100,99617,100,98489,100,99970,100,98391,100
2019-06-28 09:58:34.703058402,99010,538,98965,438,99059,16,98960,100,99167,100,98942,100,99305,100,98804,100,99327,100,98745,100,99377,100,98693,100,99390,100,98615,100,99586,100,98544,100,99617,100,98489,100,99970,100,98391,100
2019-06-28 09:58:40.000000000,99010,369,98965,269,99059,185,98960,269,99167,100,98942,100,99305,100,98804,100,99327,100,98745,100,99377,100,98693,100,99390,100,98615,100,99586,100,98544,100,99617,100,98489,100,99970,100,98391,100
2019-06-28 09:58:50.000000000,99010,268,98965,168,99059,84,98960,168,99167,168,98942,168,99305,168,98804,168,99327,168,98745,168,99377,100,98693,100,99390,100,98615,100,99586,100,98544,100,99617,100,98489,100,99970,100,98391,100
2019-06-28 09:58:54.502162821,99010,168,98965,168,99059,84,98960,168,99167,168,98942,168,99305,168,98804,168,99327,168,98745,168,99377,100,98693,100,99390,100,98615,100,99586,100,98544,100,99617,100,98489,100,99970,100,98391,100
2019-06-28 09:59:00.000000000,99010,269,98965,269,99059,185,98960,269,99167,100,98942,100,99305,100,98804,100,99327,100,98745,100,99377,100,98693,100,99390,100,98615,100,99586,100,98544,100,99617,100,98489,100,99970,100,98391,100
2019-06-28 09:59:07.666411405,99010,169,98965,269,99059,185,98960,269,99167,100,98942,100,99305,100,98804,100,99327,100,98745,100,99377,100,98693,100,99390,100,98615,100,99586,100,98544,100,99970,100,98489,100,100002,100,98391,100
2019-06-28 09:59:08.729185351,99010,69,98965,269,99059,185,98960,269,99167,100,98942,100,99305,100,98804,100,99327,100,98745,100,99377,100,98693,100,99390,100,98615,100,99586,100,98544,100,99970,100,98489,100,100002,100,98391,100
2019-06-28 09:59:10.000000000,99059,84,98965,168,99167,168,98960,168,99305,168,98942,168,99327,168,98804,168,99377,168,98745,168,99390,100,98693,100,99586,100,98615,100,99970,100,98544,100,100002,100,98489,100,100041,100,98391,100
2019-06-28 09:59:16.361305414,99059,84,98965,68,99167,168,98960,168,99305,168,98942,168,99327,168,98804,168,99377,168,98745,168,99390,100,98693,100,99586,100,98615,100,99970,100,98544,100,100002,100,98489,100,100041,100,98391,100
2019-06-28 09:59:20.000000000,99059,185,98960,269,99167,269,98942,269,99305,100,98804,100,99327,100,98745,100,99377,100,98693,100,99390,100,98615,100,99586,100,98544,100,99970,100,98489,100,100002,100,98391,100,100041,100,98235,100
2019-06-28 09:59:30.000000000,99059,185,98960,269,99167,269,98942,269,99305,100,98804,100,99327,100,98745,100,99377,100,98693,100,99390,100,98615,100,99586,100,98544,100,99970,100,98489,100,100002,100,98391,100,100041,100,98235,100
2019-06-28 09:59:40.000000000,99059,84,98960,168,99167,168,98942,168,99305,168,98804,168,99327,168,98745,168,99377,168,98693,168,99390,100,98615,100,99586,100,98544,100,99970,100,98489,100,100002,100,98391,100,100041,100,98235,100
2019-06-28 09:59:50.000000000,99059,84,98960,168,99167,168,98942,168,99305,168,98804,168,99327,168,98745,168,99377,168,98693,168,99390,100,98615,100,99586,100,98544,100,99970,100,98489,100,100002,100,98391,100,100041,100,98235,100
2019-06-28 10:00:00.000000000,99059,185,98960,269,99167,269,98942,269,99305,100,98804,100,99327,100,98745,100,99377,100,98693,100,99390,100,98615,100,99586,100,98544,100,99970,100,98489,100,100002,100,98391,100,100041,100,98235,100
2019-06-28 10:00:10.000000000,99059,354,98960,438,99167,100,98942,100,99305,100,98804,100,99327,100,98745,100,99377,100,98693,100,99390,100,98615,100,99586,100,98544,100,99970,100,98489,100,100002,100,98391,100,100041,100,98235,100
2019-06-28 10:00:19.375799054,99059,354,98966,100,99167,100,98960,438,99305,100,98942,100,99327,100,98804,100,99377,100,98745,100,99390,100,98693,100,99586,100,98615,100,99970,100,98544,100,100002,100,98489,100,100041,100,98391,100
2019-06-28 10:00:20.000000000,99059,84,98966,168,99167,168,98960,168,99305,168,98942,168,99327,168,98804,168,99377,168,98745,168,99390,100,98693,100,99586,100,98615,100,99970,100,98544,100,100002,100,98489,100,100041,100,98391,100
2019-06-28 10:00:25.401248173,99059,84,98966,168,99167,168,98960,168,99305,168,98942,168,99327,168,98804,168,99377,168,98745,168,99390,100,98693,100,99508,100,98615,100,99586,100,98544,100,99970,100,98489,100,100002,100,98391,100
2019-06-28 10:00:30.000000000,99059,354,98966,438,99167,100,98960,100,99305,100,98942,100,99327,100,98804,100,99377,100,98745,100,99390,100,98693,100,99508,100,98615,100,99586,100,98544,100,99970,100,98489,100,100002,100,98391,100
2019-06-28 10:00:33.413122209,99059,354,98966,438,99167,100,98960,100,99305,100,98942,100,99327,100,98804,100,99377,100,98745,100,99390,100,98693,100,99495,100,98615,100,99508,100,98544,100,99586,100,98391,100,99970,100,98235,100
2019-06-28 10:00:37.272244723,99059,254,98966,438,99167,100,98960,100,99305,100,98942,100,99327,100,98804,100,99377,100,98745,100,99390,100,98693,100,99495,100,98615,100,99508,100,98544,100,99586,100,98235,100,99970,100,98222,100
2019-06-28 10:00:40.000000000,99167,438,98966,438,99305,100,98960,100,99327,100,98942,100,99377,100,98804,100,99390,100,98745,100,99495,100,98693,100,99508,100,98615,100,99586,100,98544,100,99970,100,98235,100,100002,100,98222,100
2019-06-28 10:00:40.834187455,99167,338,98966,438,99305,100,98960,100,99327,100,98942,100,99377,100,98804,100,99390,100,98745,100,99495,100,98693,100,99508,100,98615,100,99586,100,98544,100,99970,100,98235,100,100002,100,98222,100
2019-06-28 10:00:44.734835452,99167,338,99059,100,99305,100,98966,438,99327,100,98960,100,99377,100,98942,100,99390,100,98804,100,99495,100,98745,100,99508,100,98693,100,99586,100,98615,100,99970,100,98544,100,100002,100,98235,100
2019-06-28 10:00:44.813943578,99167,338,99085,100,99305,100,99059,100,99327,100,98966,438,99377,100,98960,100,99390,100,98942,100,99495,100,98804,100,99508,100,98745,100,99586,100,98615,100,99970,100,98544,100,100002,100,98235,100
2019-06-28 10:00:46.528811809,99167,338,99085,100,99305,100,99059,200,99327,100,98966,438,99377,100,98960,100,99390,100,98942,100,99495,100,98804,100,99508,100,98745,100,99586,100,98615,100,99970,100,98544,100,100002,100,98235,100
2019-06-28 10:00:50.000000000,99305,215,99085,215,99327,212,99059,312,99377,212,98966,212,99390,100,98960,100,99495,100,98942,100,99508,100,98804,100,99586,100,98745,100,99970,100,98615,100,100002,100,98544,100,100041,100,98235,100
2019-06-28 10:00:50.688610906,99305,215,99085,215,99327,212,99059,312,99377,212,98966,212,99390,100,98960,100,99443,100,98942,100,99495,100,98804,100,99508,100,98745,100,99586,100,98615,100,99970,100,98544,100,100002,100,98235,100
2019-06-28 10:00:55.896567336,99207,100,99085,215,99305,215,99059,312,99327,212,98966,212,99377,212,98960,100,99390,100,98942,100,99443,100,98804,100,99495,100,98745,100,99508,100,98615,100,99586,100,98544,100,99970,100,98235,100
2019-06-28 10:01:00.000000000,99207,438,99085,438,99305,100,99059,200,99327,100,98966,100,99377,100,98960,100,99390,100,98942,100,99443,100,98804,100,99495,100,98745,100,99508,100,98615,100,99586,100,98544,100,99970,100,98235,100
2019-06-28 10:01:10.000000000,99207,184,99085,184,99305,184,99059,284,99327,184,98966,184,99377,184,98960,184,99390,100,98942,100,99443,100,98804,100,99495,100,98745,100,99508,100,98615,100,99586,100,98544,100,99970,100,98235,100
2019-06-28 10:01:20.000000000,99207,168,99085,168,99305,168,99059,268,99327,168,98966,168,99377,168,98960,168,99390,168,98942,168,99443,100,98804,100,99495,100,98745,100,99508,100,98615,100,99586,100,98544,100,99970,100,98235,100
2019-06-28 10:01:21.402145245,99207,168,99085,168,99305,168,99059,368,99327,168,98966,168,99377,168,98960,168,99390,168,98942,168,99443,100,98804,100,99495,100,98745,100,99508,100,98615,100,99586,100,98544,100,99970,100,98235,100
2019-06-28 10:01:28.927728726,99207,168,99149,100,99305,168,99085,168,99327,168,99059,368,99377,168,98966,168,99390,168,98960,168,99443,100,98942,168,99495,100,98804,100,99508,100,98745,100,99586,100,98615,100,99970,100,98544,100
2019-06-28 10:01:30.000000000,99207,184,99149,184,99305,184,99085,184,99327,184,99059,384,99377,184,98966,184,99390,100,98960,100,99443,100,98942,100,99495,100,98804,100,99508,100,98745,100,99586,100,98615,100,99970,100,98544,100
2019-06-28 10:01:40.000000000,99207,269,99149,269,99305,269,99085,269,99327,100,99059,300,99377,100,98966,100,99390,100,98960,100,99443,100,98942,100,99495,100,98804,100,99508,100,98745,100,99586,100,98615,100,99970,100,98544,100
2019-06-28 10:01:46.749512809,99207,269,99149,269,99305,269,99085,269,99327,100,99059,300,99377,100,98966,100,99390,100,98960,100,99443,100,98942,100,99495,100,98804,100,99497,100,98745,100,99508,100,98615,100,99586,100,98544,100
2019-06-28 10:01:46.946378646,99207,269,99149,269,99305,269,99085,269,99327,100,99059,300,99377,100,98966,100,99390,100,98960,100,99439,100,98942,100,99443,100,98804,100,99495,100,98745,100,99497,100,98615,100,99508,100,98544,100
2019-06-28 10:01:50.000000000,99207,269,99149,269,99305,269,99085,269,99327,100,99059,300,99377,100,98966,100,99390,100,98960,100,99439,100,98942,100,99443,100,98804,100,99495,100,98745,100,99497,100,98615,100,99508,100,98544,100
2019-06-28 10:01:59.249722986,99207,169,99149,269,99305,269,99085,269,99327,100,99059,300,99377,100,98966,100,99390,100,98960,100,99439,100,98942,100,99443,100,98804,100,99495,100,98745,100,99497,100,98615,100,99508,100,98544,100
2019-06-28 10:02:00.000000000,99305,184,99149,184,99327,184,99085,184,99377,184,99059,384,99390,184,98966,184,99439,100,98960,100,99443,100,98942,100,99495,100,98804,100,99497,100,98745,100,99508,100,98615,100,99586,100,98544,100
2019-06-28 10:02:07.655899733,99305,184,99149,184,99327,184,99085,184,99377,184,99059,384,99390,184,98966,184,99439,100,98960,100,99495,100,98942,100,99497,100,98804,100,99508,100,98745,100,99586,100,98615,100,99604,100,98544,100
2019-06-28 10:02:09.192908170,99305,184,99149,184,99327,184,99110,100,99377,184,99085,184,99390,184,99059,384,99439,100,98966,184,99495,100,98960,100,99497,100,98942,100,99508,100,98804,100,99586,100,98745,100,99604,100,98615,100
2019-06-28 10:02:10.000000000,99305,438,99149,438,99327,100,99110,100,99377,100,99085,100,99390,100,99059,300,99439,100,98966,100,99495,100,98960,100,99497,100,98942,100,99508,100,98804,100,99586,100,98745,100,99604,100,98615,100
2019-06-28 10:02:20.000000000,99305,184,99149,184,99327,184,99110,184,99377,184,99085,184,99390,184,99059,384,99439,100,98966,100,99495,100,98960,100,99497,100,98942,100,99508,100,98804,100,99586,100,98745,100,99604,100,98615,100
2019-06-28 10:02:30.000000000,99305,269,99149,269,99327,269,99110,269,99377,100,99085,100,99390,100,99059,300,99439,100,98966,100,99495,100,98960,100,99497,100,98942,100,99508,100,98804,100,99586,100,98745,100,99604,100,98615,100
2019-06-28 10:02:40.000000000,99305,215,99149,215,99327,212,99110,212,99377,212,99085,212,99390,100,99059,300,99439,100,98966,100,99495,100,98960,100,99497,100,98942,100,99508,100,98804,100,99586,100,98745,100,99604,100,98615,100
2019-06-28 10:02:44.089505005,99305,215,99149,115,99327,212,99110,212,99377,212,99085,212,99390,100,99059,300,99439,100,98966,100,99495,100,98960,100,99497,100,98942,100,99508,100,98804,100,99586,100,98745,100,99604,100,98615,100
2019-06-28 10:02:44.447221544,99206,100,99149,115,99305,215,99110,212,99327,212,99085,212,99377,212,99059,300,99390,100,98966,100,99439,100,98960,100,99495,100,98942,100,99497,100,98804,100,99508,100,98745,100,99586,100,98615,100
2019-06-28 10:02:46.499839254,99206,200,99149,115,99305,215,99110,212,99327,212,99085,212,99377,212,99059,300,99390,100,98966,100,99439,100,98960,100,99495,100,98942,100,99497,100,98804,100,99508,100,98745,100,99586,100,98615,100
2019-06-28 10:02:50.000000000,99206,538,99110,438,99305,100,99085,100,99327,100,99059,300,99377,100,98966,100,99390,100,98960,100,99439,100,98942,100,99495,100,98804,100,99497,100,98745,100,99508,100,98615,100,99586,100,98544,100
2019-06-28 10:03:00.000000000,99206,315,99110,215,99305,212,99085,212,99327,212,99059,412,99377,100,98966,100,99390,100,98960,100,99439,100,98942,100,99495,100,98804,100,99497,100,98745,100,99508,100,98615,100,99586,100,98544,100
2019-06-28 10:03:10.000000000,99206,315,99110,215,99305,212,99085,212,99327,212,99059,412,99377,100,98966,100,99390,100,98960,100,99439,100,98942,100,99495,100,98804,100,99497,100,98745,100,99508,100,98615,100,99586,100,98544,100
2019-06-28 10:03:20.000000000,99206,315,99110,215,99305,212,99085,212,99327,212,99059,412,99377,100,98966,100,99390,100,98960,100,99439,100,98942,100,99495,100,98804,100,99497,100,98745,100,99508,100,98615,100,99586,100,98544,100
2019-06-28 10:03:23.422744286,99206,415,99110,215,99305,212,99085,212,99327,212,99059,412,99377,100,98966,100,99390,100,98960,100,99439,100,98942,100,99495,100,98804,100,99497,100,98745,100,99508,100,98615,100,99586,100,98544,100
2019-06-28 10:03:26.724191684,99113,100,99110,215,99206,415,99085,212,99305,212,99059,412,99327,212,98966,100,99377,100,98960,100,99390,100,98942,100,99439,100,98804,100,99495,100,98745,100,99497,100,98615,100,99508,100,98544,100
2019-06-28 10:03:30.000000000,99113,269,99110,269,99206,469,99085,269,99305,100,99059,300,99327,100,98966,100,99377,100,98960,100,99390,100,98942,100,99439,100,98804,100,99495,100,98745,100,99497,100,98615,100,99508,100,98544,100
2019-06-28 10:03:40.000000000,99113,184,99110,184,99206,384,99085,184,99305,184,99059,384,99327,184,98966,184,99377,100,98960,100,99390,100,98942,100,99439,100,98804,100,99495,100,98745,100,99497,100,98615,100,99508,100,98544,100
2019-06-28 10:03:50.000000000,99113,269,99110,269,99206,469,99085,269,99305,100,99059,300,99327,100,98966,100,99377,100,98960,100,99390,100,98942,100,99439,100,98804,100,99495,100,98745,100,99497,100,98615,100,99508,100,98544,100
2019-06-28 10:03:52.977841846,99113,269,99110,269,99206,569,99085,269,99305,100,99059,300,99327,100,98966,100,99377,100,98960,100,99390,100,98942,100,99439,100,98804,100,99495,100,98745,100,99497,100,98615,100,99508,100,98544,100
2019-06-28 10:04:00.000000000,99113,438,99110,438,99206,400,99085,100,99305,100,99059,300,99327,100,98966,100,99377,100,98960,100,99390,100,98942,100,99439,100,98804,100,99495,100,98745,100,99497,100,98615,100,99508,100,98544,100
2019-06-28 10:04:10.000000000,99113,168,99110,168,99206,468,99085,168,99305,168,99059,368,99327,168,98966,168,99377,168,98960,168,99390,100,98942,100,99439,100,98804,100,99495,100,98745,100,99497,100,98615,100,99508,100,98544,100
2019-06-28 10:04:20.000000000,99113,438,99110,438,99206,400,99085,100,99305,100,99059,300,99327,100,98966,100,99377,100,98960,100,99390,100,98942,100,99439,100,98804,100,99495,100,98745,100,99497,100,98615,100,99508,100,98544,100
2019-06-28 10:04:23.860483494,99113,438,99110,438,99206,400,99085,100,99305,100,99059,300,99327,100,98966,100,99377,100,98960,100,99390,100,98942,100,99439,100,98814,100,99495,100,98804,100,99497,100,98745,100,99508,100,98615,100
2019-06-28 10:04:30.000000000,99113,215,99110,215,99206,512,99085,212,99305,212,99059,412,99327,100,98966,100,99377,100,98960,100,99390,100,98942,100,99439,100,98814,100,99495,100,98804,100,99497,100,98745,100,99508,100,98615,100
2019-06-28 10:04:34.741050963,99113,215,99110,115,99206,512,99085,212,99305,212,99059,412,99327,100,98966,100,99377,100,98960,100,99390,100,98942,100,99439,100,98814,100,99495,100,98804,100,99497,100,98745,100,99508,100,98615,100
2019-06-28 10:04:40.000000000,99113,215,99085,215,99206,512,99059,412,99305,212,98966,212,99327,100,98960,100,99377,100,98942,100,99390,100,98814,100,99439,100,98804,100,99495,100,98745,100,99497,100,98615,100,99508,100,98544,100
2019-06-28 10:04:50.000000000,99113,269,99085,269,99206,569,99059,469,99305,100,98966,100,99327,100,98960,100,99377,100,98942,100,99390,100,98814,100,99439,100,98804,100,99495,100,98745,100,99497,100,98615,100,99508,100,98544,100
2019-06-28 10:05:00.000000000,99113,215,99085,215,99206,512,99059,412,99305,212,98966,212,99327,100,98960,100,99377,100,98942,100,99390,100,98814,100,99439,100,98804,100,99495,100,98745,100,99497,100,98615,100,99508,100,98544,100
2019-06-28 10:05:07.318881866,99113,215,99085,215,99206,512,99059,412,99269,100,98966,212,99305,212,98960,100,99327,100,98942,100,99377,100,98814,100,99390,100,98804,100,99439,100,98745,100,99495,100,98615,100,99497,100,98544,100
2019-06-28 10:05:10.000000000,99113,269,99085,269,99206,569,99059,469,99269,100,98966,100,99305,100,98960,100,99327,100,98942,100,99377,100,98814,100,99390,100,98804,100,99439,100,98745,100,99495,100,98615,100,99497,100,98544,100
2019-06-28 10:05:19.278697429,99113,269,99085,269,99206,569,99059,469,99221,100,98966,100,99269,100,98960,100,99305,100,98942,100,99327,100,98814,100,99377,100,98804,100,99390,100,98745,100,99439,100,98615,100,99495,100,98544,100
2019-06-28 10:05:20.000000000,99113,269,99085,269,99206,569,99059,469,99221,100,98966,100,99269,100,98960,100,99305,100,98942,100,99327,100,98814,100,99377,100,98804,100,99390,100,98745,100,99439,100,98615,100,99495,100,98544,100
2019-06-28 10:05:30.000000000,99113,215,99085,215,99206,512,99059,412,99221,212,98966,212,99269,100,98960,100,99305,100,98942,100,99327,100,98814,100,99377,100,98804,100,99390,100,98745,100,99439,100,98615,100,99495,100,98544,100
2019-06-28 10:05:32.107616930,99113,215,99085,215,99206,512,99059,412,99221,212,98966,212,99269,100,98960,100,99305,100,98942,100,99327,100,98804,100,99377,100,98745,100,99390,100,98615,100,99439,100,98544,100,99449,100,98222,100
2019-06-28 10:05:40.000000000,99113,184,99085,184,99206,484,99059,384,99221,184,98966,184,99269,184,98960,184,99305,100,98942,100,99327,100,98804,100,99377,100,98745,100,99390,100,98615,100,99439,100,98544,100,99449,100,98222,100
2019-06-28 10:05:50.000000000,99113,184,99085,184,99206,484,99059,384,99221,184,98966,184,99269,184,98960,184,99305,100,98942,100,99327,100,98804,100,99377,100,98745,100,99390,100,98615,100,99439,100,98544,100,99449,100,98222,100
2019-06-28 10:06:00.000000000,99113,168,99085,168,99206,468,99059,368,99221,168,98966,168,99269,168,98960,168,99305,168,98942,168,99327,100,98804,100,99377,100,98745,100,99390,100,98615,100,99439,100,98544,100,99449,100,98222,100
2019-06-28 10:06:10.000000000,99113,438,99085,438,99206,400,99059,300,99221,100,98966,100,99269,100,98960,100,99305,100,98942,100,99327,100,98804,100,99377,100,98745,100,99390,100,98615,100,99439,100,98544,100,99449,100,98222,100
2019-06-28 10:06:20.000000000,99113,168,99085,168,99206,468,99059,368,99221,168,98966,168,99269,168,98960,168,99305,168,98942,168,99327,100,98804,100,99377,100,98745,100,99390,100,98615,100,99439,100,98544,100,99449,100,98222,100
2019-06-28 10:06:30.000000000,99113,215,99085,215,99206,512,99059,412,99221,212,98966,212,99269,100,98960,100,99305,100,98942,100,99327,100,98804,100,99377,100,98745,100,99390,100,98615,100,99439,100,98544,100,99449,100,98222,100
2019-06-28 10:06:40.000000000,99113,215,99085,215,99206,512,99059,412,99221,212,98966,212,99269,100,98960,100,99305,100,98942,100,99327,100,98804,100,99377,100,98745,100,99390,100,98615,100,99439,100,98544,100,99449,100,98222,100
2019-06-28 10:06:41.333095995,99113,215,99085,215,99206,512,99059,412,99221,212,98966,212,99269,100,98960,100,99305,100,98942,100,99327,100,98745,100,99377,100,98615,100,99390,100,98544,100,99439,100,98222,100,99449,100,,
2019-06-28 10:06:50.000000000,99113,269,99085,269,99206,569,99059,469,99221,100,98966,100,99269,100,98960,100,99305,100,98942,100,99327,100,98745,100,99377,100,98615,100,99390,100,98544,100,99439,100,98222,100,99449,100,,
2019-06-28 10:07:00.000000000,99113,438,99085,438,99206,400,99059,300,99221,100,98966,100,99269,100,98960,100,99305,100,98942,100,99327,100,98745,100,99377,100,98615,100,99390,100,98544,100,99439,100,98222,100,99449,100,,
2019-06-28 10:07:02.829524800,99113,338,99085,438,99206,400,99059,300,99221,100,98966,100,99269,100,98960,100,99305,100,98942,100,99327,100,98615,100,99377,100,98544,100,99390,100,98222,100,99439,100,,,99449,100,,
2019-06-28 10:07:06.506856358,99113,338,99085,438,99206,400,99059,300,99221,100,98966,100,99269,100,98960,100,99305,100,98942,100,99327,100,98615,100,99377,100,98544,100,99390,100,98222,100,99439,100,,,99449,100,,
2019-06-28 10:07:10.000000000,99206,468,99085,168,99221,168,99059,368,99269,168,98966,168,99305,168,98960,168,99327,168,98942,168,99377,100,98615,100,99390,100,98544,100,99439,100,98222,100,99449,100,,,99495,100,,
2019-06-28 10:07:16.363916676,99206,468,99111,100,99221,168,99085,168,99269,168,99059,368,99305,168,98966,168,99327,168,98960,168,99377,100,98942,168,99390,100,98615,100,99439,100,98544,100,99449,100,98222,100,99495,100,,
2019-06-28 10:07:20.000000000,99206,484,99111,184,99221,184,99085,184,99269,184,99059,384,99305,184,98966,184,99327,100,98960,100,99377,100,98942,100,99390,100,98615,100,99439,100,98544,100,99449,100,98222,100,99495,100,,
2019-06-28 10:07:30.000000000,99206,569,99111,269,99221,269,99085,269,99269,100,99059,300,99305,100,98966,100,99327,100,98960,100,99377,100,98942,100,99390,100,98615,100,99439,100,98544,100,99449,100,98222,100,99495,100,,
2019-06-28 10:07:36.428782400,99206,569,99111,269,99221,269,99085,269,99269,100,99059,300,99305,100,98966,100,99327,100,98960,100,99377,100,98615,100,99390,100,98544,100,99439,100,98222,100,99449,100,,,99495,100,,
2019-06-28 10:07:40.000000000,99206,484,99111,184,99221,184,99085,184,99269,184,99059,384,99305,184,98966,184,99327,100,98960,100,99377,100,98615,100,99390,100,98544,100,99439,100,98222,100,99449,100,,,99495,100,,
2019-06-28 10:07:40.840696071,99206,484,99111,184,99221,184,99085,184,99269,184,99059,384,99305,184,98966,184,99327,100,98960,100,99377,100,98615,100,99390,100,98544,100,99439,100,98222,100,99449,100,,,99495,100,,
