,ask_price_1,ask_size_1,bid_price_1,bid_size_1,ask_price_2,ask_size_2,bid_price_2,bid_size_2,ask_price_3,ask_size_3,bid_price_3,bid_size_3,ask_price_4,ask_size_4,bid_price_4,bid_size_4,ask_price_5,ask_size_5,bid_price_5,bid_size_5,ask_price_6,ask_size_6,bid_price_6,bid_size_6,ask_price_7,ask_size_7,bid_price_7,bid_size_7,ask_price_8,ask_size_8,bid_price_8,bid_size_8,ask_price_9,ask_size_9,bid_price_9,bid_size_9,ask_price_10,ask_size_10,bid_price_10,bid_size_10
2019-06-28 09:30:00.000000000,,,99957,100,,,,,,,,,,,,,,,,,,,,,,,,,,,,,,,,,,,,
2019-06-28 09:30:00.000000002,100072,100,99957,100,,,,,,,,,,,,,,,,,,,,,,,,,,,,,,,,,,,,
2019-06-28 09:30:00.000000003,100072,100,99973,100,,,99957,100,,,99936,100,,,,,,,,,,,,,,,,,,,,,,,,,,,,
2019-06-28 09:30:00.000000004,100072,100,100007,100,,,99973,100,,,99957,100,,,99936,100,,,,,,,,,,,,,,,,,,,,,,,,
2019-06-28 09:30:00.000000005,100049,100,100007,100,100072,100,99973,100,,,99971,100,,,99957,100,,,99936,100,,,,,,,,,,,,,,,,,,,,
2019-06-28 09:30:00.000000006,100049,100,100007,100,100072,100,99973,100,,,99971,100,,,99957,100,,,99936,100,,,99908,100,,,,,,,,,,,,,,,,
2019-06-28 09:30:00.000000009,100049,100,100007,100,100072,100,99973,100,100211,100,99971,100,,,99957,100,,,99936,100,,,99908,100,,,99827,100,,,,,,,,,,,,
2019-06-28 09:30:00.000000010,100049,100,100007,100,100072,100,99973,100,100211,100,99972,100,,,99971,100,,,99957,100,,,99936,100,,,99908,100,,,99827,100,,,,,,,,
2019-06-28 09:30:00.000000012,100039,100,100007,100,100049,100,99973,100,100065,100,99972,100,100072,100,99971,100,100111,100,99957,100,100144,100,99936,100,100211,100,99908,100,,,99827,100,,,,,,,,
2019-06-28 09:30:00.000000014,100039,100,100007,100,100049,100,99973,100,100065,100,99972,100,100072,100,99971,100,100111,100,99957,100,100144,100,99936,100,100211,100,99908,100,,,99907,100,,,99827,100,,,,
2019-06-28 09:30:00.000000016,100039,100,100007,100,100049,100,99973,100,100065,100,99972,100,100072,100,99971,100,100111,100,99960,100,100144,100,99957,100,100154,100,99936,100,100211,100,99908,100,,,99907,100,,,99827,100
2019-06-28 09:30:00.000000018,100039,100,99973,100,100049,100,99972,100,100065,100,99971,100,100072,100,99960,100,100111,100,99957,100,100144,100,99936,100,100154,100,99908,100,100211,100,99907,100,,,99827,100,,,,
2019-06-28 09:30:00.000000021,100039,100,99973,100,100046,100,99972,100,100049,100,99971,100,100065,100,99960,100,100072,100,99957,100,100111,100,99936,100,100144,100,99908,100,100154,100,99907,100,100211,100,99827,100,,,,
2019-06-28 09:30:00.000000025,100039,100,100032,100,100046,100,99973,100,100049,100,99972,100,100065,100,99971,100,100072,100,99960,100,100111,100,99957,100,100144,100,99936,100,100154,100,99908,100,100211,100,99907,100,,,99827,100
2019-06-28 09:30:00.000000026,100039,200,99973,100,100046,100,99972,100,100049,100,99971,100,100065,100,99960,100,100072,100,99957,100,100111,100,99936,100,100144,100,99924,100,100154,100,99908,100,100211,100,99907,100,,,99827,100
2019-06-28 09:30:00.000000027,100039,100,99973,100,100046,100,99972,100,100049,100,99971,100,100065,100,99960,100,100072,100,99957,100,100111,100,99936,100,100144,100,99924,100,100154,100,99908,100,100211,100,99907,100,,,99827,100
2019-06-28 09:30:00.000000028,100039,100,99973,100,100046,100,99972,100,100049,100,99971,100,100065,100,99960,100,100072,100,99957,100,100111,100,99936,100,100144,100,99935,100,100154,100,99924,100,100211,100,99908,100,,,99907,100
2019-06-28 09:30:00.000000032,100039,100,99973,100,100046,100,99972,100,100049,100,99971,100,100065,100,99960,100,100072,100,99957,100,100087,100,99936,100,100111,100,99935,100,100144,100,99924,100,100154,100,99908,100,100211,100,99907,100
2019-06-28 09:30:00.000000035,100038,100,99973,100,100039,100,99972,100,100046,100,99971,100,100049,100,99960,100,100065,100,99957,100,100072,100,99936,100,100087,100,99935,100,100111,100,99924,100,100144,100,99908,100,100154,100,99907,100
2019-06-28 09:30:00.000000039,100038,100,99972,100,100039,100,99971,100,100046,100,99960,100,100049,100,99957,100,100065,100,99936,100,100072,100,99935,100,100087,100,99924,100,100111,100,99908,100,100144,100,99907,100,100154,100,99827,100
2019-06-28 09:30:00.000000041,100038,100,99972,100,100039,100,99971,100,100046,100,99960,100,100049,100,99957,100,100065,100,99936,100,100072,100,99935,100,100084,100,99924,100,100086,100,99908,100,100087,100,99907,100,100111,100,99827,100
2019-06-28 09:30:00.000000042,100038,100,99972,100,100039,100,99971,100,100046,100,99960,100,100049,100,99957,100,100065,100,99936,100,100072,100,99935,100,100084,100,99924,100,100086,100,99908,100,100087,100,99907,100,100111,100,99872,100
2019-06-28 09:30:00.000000044,100037,100,99972,100,100038,100,99971,100,100039,100,99960,100,100046,100,99957,100,100049,100,99936,100,100065,100,99935,100,100072,100,99924,100,100073,100,99908,100,100084,100,99907,100,100086,100,99872,100
2019-06-28 09:30:00.000000045,100037,100,99972,100,100038,100,99971,100,100039,100,99966,100,100046,100,99960,100,100049,100,99957,100,100065,100,99936,100,100072,100,99935,100,100073,100,99924,100,100084,100,99908,100,100086,100,99907,100
2019-06-28 09:30:00.000000051,100037,100,99972,100,100038,100,99971,100,100039,100,99966,100,100046,100,99960,100,100049,100,99957,100,100065,100,99936,100,100072,100,99935,100,100073,100,99924,100,100076,100,99908,100,100084,100,99907,100
2019-06-28 09:30:00.000000053,100037,100,99972,100,100038,100,99971,100,100039,100,99966,100,100046,100,99960,100,100049,100,99957,100,100065,100,99936,100,100072,100,99935,100,100073,100,99924,100,100076,100,99908,100,100084,100,99907,100
2019-06-28 09:30:00.000000055,100037,100,99973,100,100038,100,99972,100,100039,100,99971,100,100046,100,99966,100,100049,100,99960,100,100065,100,99957,100,100072,100,99936,100,100073,100,99935,100,100076,100,99924,100,100084,100,99908,100
2019-06-28 09:30:00.000000057,100037,100,99973,100,100038,100,99972,100,100039,100,99971,100,100046,100,99966,100,100049,100,99960,100,100065,100,99959,100,100072,100,99957,100,100073,100,99936,100,100076,100,99935,100,100084,100,99924,100
2019-06-28 09:30:00.000000058,99980,100,99973,100,100037,100,99972,100,100038,100,99971,100,100039,100,99966,100,100046,100,99960,100,100049,100,99959,100,100065,100,99957,100,100072,100,99936,100,100073,100,99935,100,100076,100,99924,100
2019-06-28 09:30:00.000000060,99980,100,99973,200,100037,100,99972,100,100038,100,99971,100,100039,100,99966,100,100046,100,99960,100,100049,100,99959,100,100065,100,99957,100,100072,100,99936,100,100073,100,99935,100,100076,100,99924,100
2019-06-28 09:30:00.000000064,99980,100,99973,200,100037,100,99972,100,100038,100,99971,100,100039,100,99966,100,100046,100,99960,100,100049,100,99959,100,100065,100,99957,100,100072,100,99936,100,100073,100,99935,100,100076,100,99924,100
2019-06-28 09:30:00.000000069,99980,100,99973,200,100037,100,99972,100,100038,100,99971,100,100039,100,99966,100,100046,100,99960,100,100049,100,99959,100,100065,100,99957,100,100072,100,99936,100,100073,100,99935,100,100076,100,99924,100
2019-06-28 09:30:00.000000070,99980,100,99973,200,100037,100,99972,100,100038,100,99971,100,100039,100,99966,100,100046,100,99960,100,100049,100,99959,100,100065,100,99957,100,100072,100,99936,100,100073,100,99935,100,100076,100,99925,100
2019-06-28 09:30:00.000000072,99980,200,99973,200,100037,100,99972,100,100038,100,99971,100,100039,100,99966,100,100046,100,99960,100,100049,100,99959,100,100065,100,99957,100,100072,100,99936,100,100073,100,99935,100,100076,100,99925,100
2019-06-28 09:30:00.000000073,99980,200,99974,100,100037,100,99973,200,100038,100,99972,100,100039,100,99971,100,100046,100,99966,100,100049,100,99960,100,100065,100,99959,100,100072,100,99957,100,100073,100,99936,100,100076,100,99935,100
2019-06-28 09:30:00.000000074,99980,200,99974,200,100037,100,99973,200,100038,100,99972,100,100039,100,99971,100,100046,100,99966,100,100049,100,99960,100,100065,100,99959,100,100072,100,99957,100,100073,100,99936,100,100076,100,99935,100
2019-06-28 09:30:00.000000076,99980,200,99974,200,100037,100,99973,200,100038,100,99972,100,100039,100,99971,100,100046,100,99966,100,100049,100,99960,100,100065,100,99959,100,100072,100,99957,100,100073,100,99936,100,100076,100,99935,100
2019-06-28 09:30:00.000000080,99980,200,99974,300,100037,100,99973,200,100038,100,99972,100,100039,100,99971,100,100046,100,99966,100,100049,100,99960,100,100065,100,99959,100,100072,100,99957,100,100073,100,99936,100,100076,100,99935,100
2019-06-28 09:30:00.000000082,99980,200,99974,400,100037,100,99973,200,100038,100,99972,100,100039,100,99971,100,100046,100,99966,100,100049,100,99960,100,100065,100,99959,100,100072,100,99957,100,100073,100,99936,100,100076,100,99935,100
2019-06-28 09:30:00.000000087,99980,200,99974,300,100037,100,99973,200,100038,100,99972,100,100039,100,99971,100,100046,100,99966,100,100049,100,99960,100,100065,100,99959,100,100072,100,99957,100,100073,100,99936,100,100076,100,99935,100
2019-06-28 09:30:00.000000090,99980,200,99974,300,100007,100,99973,200,100037,100,99972,100,100038,100,99971,100,100039,100,99966,100,100046,100,99960,100,100049,100,99959,100,100065,100,99957,100,100072,100,99936,100,100073,100,99935,100
2019-06-28 09:30:00.000000091,99980,200,99974,300,100007,100,99973,200,100037,100,99972,100,100038,100,99971,100,100039,100,99966,100,100046,100,99960,100,100049,100,99959,100,100065,100,99957,100,100072,100,99936,100,100073,100,99935,100
2019-06-28 09:30:00.000000092,99980,200,99975,100,100006,100,99974,300,100007,100,99973,200,100028,100,99972,100,100037,100,99971,100,100038,100,99966,100,100039,100,99960,100,100046,100,99959,100,100049,100,99957,100,100065,100,99936,100
2019-06-28 09:30:00.000000094,99980,200,99975,100,100006,100,99974,300,100007,100,99973,200,100028,100,99972,100,100037,100,99971,100,100038,100,99966,100,100039,100,99960,100,100046,100,99959,100,100049,100,99957,100,100065,100,99944,100
2019-06-28 09:30:00.000000097,99979,100,99975,100,99980,200,99974,300,100006,100,99973,200,100007,100,99972,100,100028,100,99971,100,100037,100,99966,100,100038,100,99960,100,100039,100,99959,100,100046,100,99957,100,100049,100,99944,100
2019-06-28 09:30:00.000000099,99979,100,99975,100,99980,200,99974,300,100006,100,99973,200,100007,100,99972,100,100028,100,99971,100,100037,100,99966,100,100038,100,99960,100,100039,100,99959,100,100046,100,99957,100,100049,100,99944,100
2019-06-28 09:30:01.185504061,99979,100,99975,100,99980,200,99974,300,100000,100,99973,200,100006,100,99972,100,100007,100,99971,100,100037,100,99966,100,100038,100,99960,100,100039,100,99959,100,100046,100,99957,100,100049,100,99944,100
2019-06-28 09:30:10.000000000,99979,526,99975,526,99980,200,99974,300,100000,100,99973,200,100006,100,99972,100,100007,100,99971,100,100037,100,99966,100,100038,100,99960,100,100039,100,99959,100,100046,100,99957,100,100049,100,99944,100
2019-06-28 09:30:20.000000000,99979,245,99975,245,99980,341,99974,441,100000,241,99973,341,100006,100,99972,100,100007,100,99971,100,100037,100,99966,100,100038,100,99960,100,100039,100,99959,100,100046,100,99957,100,100049,100,99944,100
2019-06-28 09:30:21.267610362,99979,245,99975,245,99980,341,99974,441,100000,241,99973,341,100006,100,99972,100,100007,100,99971,100,100037,100,99966,100,100038,100,99960,100,100039,100,99959,100,100046,100,99957,100,100049,100,99944,100
2019-06-28 09:30:30.000000000,99979,313,99975,313,99980,413,99974,513,100000,100,99973,200,100006,100,99972,100,100007,100,99971,100,100037,100,99966,100,100038,100,99960,100,100039,100,99959,100,100046,100,99957,100,100049,100,99944,100
2019-06-28 09:30:40.000000000,99979,313,99975,313,99980,413,99974,513,100000,100,99973,200,100006,100,99972,100,100007,100,99971,100,100037,100,99966,100,100038,100,99960,100,100039,100,99959,100,100046,100,99957,100,100049,100,99944,100
2019-06-28 09:30:40.370898158,99979,313,99975,313,99980,413,99974,513,100000,100,99973,200,100006,100,99972,100,100007,100,99971,100,100037,100,99966,100,100038,100,99960,100,100039,100,99959,100,100046,100,99957,100,100049,100,99944,100
2019-06-28 09:30:50.000000000,99979,313,99975,313,99980,413,99974,513,100000,100,99973,200,100006,100,99972,100,100007,100,99971,100,100037,100,99966,100,100038,100,99960,100,100039,100,99959,100,100046,100,99957,100,100049,100,99944,100
2019-06-28 09:31:00.000000000,99979,313,99975,313,99980,413,99974,513,100000,100,99973,200,100006,100,99972,100,100007,100,99971,100,100037,100,99966,100,100038,100,99960,100,100039,100,99959,100,100046,100,99957,100,100049,100,99944,100
2019-06-28 09:31:07.942752511,99979,313,99975,313,99980,413,99974,513,100000,100,99973,200,100006,100,99972,100,100007,100,99971,100,100037,100,99966,100,100038,100,99960,100,100039,100,99959,100,100046,100,99957,100,100049,100,99944,100
2019-06-28 09:31:10.000000000,99979,313,99975,313,99980,413,99974,513,100000,100,99973,200,100006,100,99972,100,100007,100,99971,100,100037,100,99966,100,100038,100,99960,100,100039,100,99959,100,100046,100,99957,100,100049,100,99944,100
2019-06-28 09:31:15.459910055,99979,313,99975,313,99980,413,99974,513,100000,100,99973,200,100006,100,99972,100,100007,100,99971,100,100038,100,99966,100,100039,100,99960,100,100046,100,99959,100,100049,100,99957,100,100065,100,99944,100
2019-06-28 09:31:17.516607045,99979,313,99975,313,99980,413,99974,513,100000,100,99973,200,100006,100,99972,100,100007,100,99971,100,100038,100,99966,100,100039,100,99960,100,100046,100,99959,100,100049,100,99957,100,100065,100,99944,100
2019-06-28 09:31:20.000000000,99979,245,99975,245,99980,341,99974,441,100000,241,99973,341,100006,100,99972,100,100007,100,99971,100,100038,100,99966,100,100039,100,99960,100,100046,100,99959,100,100049,100,99957,100,100065,100,99944,100
2019-06-28 09:31:20.784043027,99979,245,99975,345,99980,341,99974,441,100000,241,99973,341,100006,100,99972,100,100007,100,99971,100,100038,100,99966,100,100039,100,99960,100,100046,100,99959,100,100049,100,99957,100,100065,100,99944,100
2019-06-28 09:31:28.451881420,99979,145,99975,345,99980,341,99974,441,100000,241,99973,341,100006,100,99972,100,100007,100,99971,100,100038,100,99966,100,100039,100,99960,100,100046,100,99959,100,100049,100,99957,100,100065,100,99944,100
2019-06-28 09:31:30.000000000,99980,306,99975,306,100000,206,99974,406,100006,206,99973,306,100007,206,99972,206,100038,100,99971,100,100039,100,99966,100,100046,100,99960,100,100049,100,99959,100,100065,100,99957,100,100072,100,99944,100
2019-06-28 09:31:31.791813621,99980,206,99975,306,100000,106,99974,406,100006,206,99973,306,100007,206,99972,206,100038,100,99971,100,100039,100,99966,100,100046,100,99960,100,100049,100,99959,100,100065,100,99957,100,100072,100,99944,100
2019-06-28 09:31:40.000000000,99980,526,99975,626,100006,100,99974,300,100007,100,99973,200,100038,100,99972,100,100039,100,99971,100,100046,100,99966,100,100049,100,99960,100,100065,100,99959,100,100072,100,99957,100,100073,100,99944,100
2019-06-28 09:31:50.000000000,99980,185,99975,285,100006,185,99974,385,100007,185,99973,285,100038,185,99972,185,100039,185,99971,185,100046,100,99966,100,100049,100,99960,100,100065,100,99959,100,100072,100,99957,100,100073,100,99944,100
2019-06-28 09:32:00.000000000,99980,313,99975,413,100006,313,99974,513,100007,100,99973,200,100038,100,99972,100,100039,100,99971,100,100046,100,99966,100,100049,100,99960,100,100065,100,99959,100,100072,100,99957,100,100073,100,99944,100
2019-06-28 09:32:10.000000000,99980,245,99975,345,100006,241,99974,441,100007,241,99973,341,100038,100,99972,100,100039,100,99971,100,100046,100,99966,100,100049,100,99960,100,100065,100,99959,100,100072,100,99957,100,100073,100,99944,100
2019-06-28 09:32:20.000000000,99980,185,99975,285,100006,185,99974,385,100007,185,99973,285,100038,185,99972,185,100039,185,99971,185,100046,100,99966,100,100049,100,99960,100,100065,100,99959,100,100072,100,99957,100,100073,100,99944,100
2019-06-28 09:32:21.621316777,99980,185,99975,185,100006,185,99974,385,100007,185,99973,285,100038,185,99972,185,100039,185,99971,185,100046,100,99966,100,100049,100,99960,100,100065,100,99959,100,100072,100,99957,100,100073,100,99944,100
2019-06-28 09:32:30.000000000,99980,185,99975,185,100006,185,99974,385,100007,185,99973,285,100038,185,99972,185,100039,185,99971,185,100046,100,99966,100,100049,100,99960,100,100065,100,99959,100,100072,100,99957,100,100073,100,99944,100
2019-06-28 09:32:40.000000000,99980,206,99975,206,100006,206,99974,406,100007,206,99973,306,100038,206,99972,206,100039,100,99971,100,100046,100,99966,100,100049,100,99960,100,100065,100,99959,100,100072,100,99957,100,100073,100,99944,100
2019-06-28 09:32:44.851370655,99980,206,99975,206,100006,206,99974,406,100007,206,99973,306,100038,206,99972,206,100039,100,99971,100,100046,100,99966,100,100049,100,99960,100,100065,100,99959,100,100072,100,99957,100,100073,100,99944,100
2019-06-28 09:32:50.000000000,99980,313,99975,313,100006,313,99974,513,100007,100,99973,200,100038,100,99972,100,100039,100,99971,100,100046,100,99966,100,100049,100,99960,100,100065,100,99959,100,100072,100,99957,100,100073,100,99944,100
2019-06-28 09:32:50.181968479,99980,313,99976,100,100006,313,99975,313,100007,100,99974,513,100038,100,99973,200,100039,100,99972,100,100046,100,99971,100,100049,100,99966,100,100065,100,99960,100,100072,100,99959,100,100073,100,99957,100
2019-06-28 09:33:00.000000000,99980,206,99976,206,100006,206,99975,206,100007,206,99974,406,100038,206,99973,306,100039,100,99972,100,100046,100,99971,100,100049,100,99966,100,100065,100,99960,100,100072,100,99959,100,100073,100,99957,100
2019-06-28 09:33:10.000000000,99980,206,99976,206,100006,206,99975,206,100007,206,99974,406,100038,206,99973,306,100039,100,99972,100,100046,100,99971,100,100049,100,99966,100,100065,100,99960,100,100072,100,99959,100,100073,100,99957,100
2019-06-28 09:33:15.455086455,99980,206,99976,306,100006,206,99975,206,100007,206,99974,406,100038,206,99973,306,100039,100,99972,100,100046,100,99971,100,100049,100,99966,100,100065,100,99960,100,100072,100,99959,100,100073,100,99957,100
2019-06-28 09:33:20.000000000,99980,206,99976,306,100006,206,99975,206,100007,206,99974,406,100038,206,99973,306,100039,100,99972,100,100046,100,99971,100,100049,100,99966,100,100065,100,99960,100,100072,100,99959,100,100073,100,99957,100
2019-06-28 09:33:20.789478498,99980,206,99976,306,100006,206,99975,206,100007,206,99974,406,100038,206,99973,306,100039,100,99972,100,100046,100,99971,100,100049,100,99966,100,100065,100,99960,100,100072,100,99959,100,100073,100,99957,100
2019-06-28 09:33:26.249666714,99980,106,99976,406,100006,206,99975,206,100007,206,99974,406,100038,206,99973,306,100039,100,99972,100,100046,100,99971,100,100049,100,99966,100,100065,100,99960,100,100072,100,99959,100,100073,100,99957,100
2019-06-28 09:33:30.000000000,100006,526,99976,726,100007,100,99975,100,100038,100,99974,300,100039,100,99973,200,100046,100,99972,100,100049,100,99971,100,100065,100,99966,100,100072,100,99960,100,100073,100,99959,100,100076,100,99957,100
2019-06-28 09:33:40.000000000,100006,245,99976,445,100007,241,99975,241,100038,241,99974,441,100039,100,99973,200,100046,100,99972,100,100049,100,99971,100,100065,100,99966,100,100072,100,99960,100,100073,100,99959,100,100076,100,99957,100
2019-06-28 09:33:50.000000000,100006,185,99976,385,100007,185,99975,185,100038,185,99974,385,100039,185,99973,285,100046,185,99972,185,100049,100,99971,100,100065,100,99966,100,100072,100,99960,100,100073,100,99959,100,100076,100,99957,100
2019-06-28 09:34:00.000000000,100006,526,99976,726,100007,100,99975,100,100038,100,99974,300,100039,100,99973,200,100046,100,99972,100,100049,100,99971,100,100065,100,99966,100,100072,100,99960,100,100073,100,99959,100,100076,100,99957,100
2019-06-28 09:34:00.305873850,100006,426,99976,726,100038,100,99975,100,100039,100,99974,300,100046,100,99973,200,100049,100,99972,100,100065,100,99971,100,100072,100,99966,100,100073,100,99960,100,100076,100,99959,100,100084,100,99957,100
2019-06-28 09:34:10.000000000,100038,206,99976,406,100039,206,99975,206,100046,206,99974,406,100049,206,99973,306,100065,100,99972,100,100072,100,99971,100,100073,100,99966,100,100076,100,99960,100,100084,100,99959,100,100086,100,99957,100
2019-06-28 09:34:13.343572020,100038,206,99976,306,100039,206,99975,206,100046,206,99974,406,100049,206,99973,306,100065,100,99972,100,100072,100,99971,100,100073,100,99966,100,100076,100,99960,100,100084,100,99959,100,100086,100,99957,100
2019-06-28 09:34:20.000000000,100038,185,99976,285,100039,185,99975,185,100046,185,99974,385,100049,185,99973,285,100065,185,99972,185,100072,100,99971,100,100073,100,99966,100,100076,100,99960,100,100084,100,99959,100,100086,100,99957,100
2019-06-28 09:34:29.436130575,100038,185,99976,285,100039,185,99975,185,100046,185,99974,385,100049,185,99973,185,100065,185,99972,185,100072,100,99971,100,100073,100,99966,100,100076,100,99960,100,100084,100,99959,100,100086,100,99957,100
2019-06-28 09:34:30.000000000,100038,313,99976,413,100039,313,99975,313,100046,100,99974,300,100049,100,99973,100,100065,100,99972,100,100072,100,99971,100,100073,100,99966,100,100076,100,99960,100,100084,100,99959,100,100086,100,99957,100
2019-06-28 09:34:40.000000000,100038,185,99976,285,100039,185,99975,185,100046,185,99974,385,100049,185,99973,185,100065,185,99972,185,100072,100,99971,100,100073,100,99966,100,100076,100,99960,100,100084,100,99959,100,100086,100,99957,100
2019-06-28 09:34:50.000000000,100038,185,99976,285,100039,185,99975,185,100046,185,99974,385,100049,185,99973,185,100065,185,99972,185,100072,100,99971,100,100073,100,99966,100,100076,100,99960,100,100084,100,99959,100,100086,100,99957,100
2019-06-28 09:35:00.000000000,100038,245,99976,345,100039,241,99975,241,100046,241,99974,441,100049,100,99973,100,100065,100,99972,100,100072,100,99971,100,100073,100,99966,100,100076,100,99960,100,100084,100,99959,100,100086,100,99957,100
2019-06-28 09:35:10.000000000,100038,185,99976,285,100039,185,99975,185,100046,185,99974,385,100049,185,99973,185,100065,185,99972,185,100072,100,99971,100,100073,100,99966,100,100076,100,99960,100,100084,100,99959,100,100086,100,99957,100
2019-06-28 09:35:20.000000000,100038,245,99976,345,100039,241,99975,241,100046,241,99974,441,100049,100,99973,100,100065,100,99972,100,100072,100,99971,100,100073,100,99966,100,100076,100,99960,100,100084,100,99959,100,100086,100,99957,100
2019-06-28 09:35:21.724279253,100038,245,99977,100,100039,241,99976,345,100046,241,99975,241,100049,100,99974,441,100065,100,99973,100,100072,100,99972,100,100073,100,99971,100,100076,100,99966,100,100084,100,99960,100,100086,100,99959,100
2019-06-28 09:35:30.000000000,100038,245,99977,245,100039,241,99976,341,100046,241,99975,241,100049,100,99974,300,100065,100,99973,100,100072,100,99972,100,100073,100,99971,100,100076,100,99966,100,100084,100,99960,100,100086,100,99959,100
2019-06-28 09:35:30.470073151,100038,245,99977,345,100039,241,99976,341,100046,241,99975,241,100049,100,99974,200,100065,100,99973,100,100072,100,99972,100,100073,100,99971,100,100076,100,99966,100,100084,100,99960,100,100086,100,99959,100
2019-06-28 09:35:40.000000000,100038,313,99977,413,100039,313,99976,413,100046,100,99975,100,100049,100,99974,200,100065,100,99973,100,100072,100,99972,100,100073,100,99971,100,100076,100,99966,100,100084,100,99960,100,100086,100,99959,100
2019-06-28 09:35:50.000000000,100038,245,99977,345,100039,241,99976,341,100046,241,99975,241,100049,100,99974,200,100065,100,99973,100,100072,100,99972,100,100073,100,99971,100,100076,100,99966,100,100084,100,99960,100,100086,100,99959,100
2019-06-28 09:36:00.000000000,100038,313,99977,413,100039,313,99976,413,100046,100,99975,100,100049,100,99974,200,100065,100,99973,100,100072,100,99972,100,100073,100,99971,100,100076,100,99966,100,100084,100,99960,100,100086,100,99959,100
2019-06-28 09:36:08.017192602,100038,313,99977,413,100039,313,99976,413,100046,100,99975,100,100049,100,99974,200,100065,100,99973,100,100072,100,99972,100,100073,100,99971,100,100076,100,99966,100,100084,100,99960,100,100086,100,99959,100
2019-06-28 09:36:10.000000000,100038,526,99977,626,100039,100,99976,200,100046,100,99975,100,100049,100,99974,200,100065,100,99973,100,100072,100,99972,100,100073,100,99971,100,100076,100,99966,100,100084,100,99960,100,100086,100,99959,100
2019-06-28 09:36:20.000000000,100038,206,99977,306,100039,206,99976,306,100046,206,99975,206,100049,206,99974,306,100065,100,99973,100,100072,100,99972,100,100073,100,99971,100,100076,100,99966,100,100084,100,99960,100,100086,100,99959,100
2019-06-28 09:36:30.000000000,100038,313,99977,413,100039,313,99976,413,100046,100,99975,100,100049,100,99974,200,100065,100,99973,100,100072,100,99972,100,100073,100,99971,100,100076,100,99966,100,100084,100,99960,100,100086,100,99959,100
2019-06-28 09:36:37.266412262,100038,313,99977,413,100039,313,99976,413,100046,100,99975,100,100047,100,99974,200,100049,100,99973,100,100065,100,99972,100,100072,100,99971,100,100073,100,99966,100,100076,100,99960,100,100084,100,99959,100
2019-06-28 09:36:39.917836426,100038,313,99977,413,100039,313,99976,413,100046,100,99975,100,100047,100,99974,200,100049,100,99973,100,100065,100,99972,100,100072,100,99971,100,100073,100,99966,100,100076,100,99960,100,100084,100,99959,100
2019-06-28 09:36:40.000000000,100038,206,99977,306,100039,206,99976,306,100046,206,99975,206,100047,206,99974,306,100049,100,99973,100,100065,100,99972,100,100072,100,99971,100,100073,100,99966,100,100076,100,99960,100,100084,100,99959,100
2019-06-28 09:36:48.810736469,100038,206,99977,406,100039,206,99976,306,100046,206,99975,206,100047,206,99974,306,100049,100,99973,100,100065,100,99972,100,100072,100,99971,100,100073,100,99966,100,100076,100,99960,100,100084,100,99959,100
2019-06-28 09:36:50.000000000,100038,206,99977,406,100039,206,99976,306,100046,206,99975,206,100047,206,99974,306,100049,100,99973,100,100065,100,99972,100,100072,100,99971,100,100073,100,99966,100,100076,100,99960,100,100084,100,99959,100
2019-06-28 09:36:52.876590947,100038,206,99977,406,100039,206,99976,306,100046,206,99975,106,100047,206,99974,306,100049,100,99973,100,100065,100,99972,100,100072,100,99971,100,100073,100,99966,100,100076,100,99960,100,100084,100,99959,100
2019-06-28 09:37:00.000000000,100038,526,99977,726,100039,100,99976,200,100046,100,99974,200,100047,100,99973,100,100049,100,99972,100,100065,100,99971,100,100072,100,99966,100,100073,100,99960,100,100076,100,99959,100,100084,100,99944,100
2019-06-28 09:37:04.960837198,99979,100,99977,726,100038,526,99976,200,100039,100,99974,200,100046,100,99973,100,100047,100,99972,100,100049,100,99971,100,100065,100,99966,100,100072,100,99960,100,100073,100,99959,100,100076,100,99944,100
2019-06-28 09:37:09.148917470,99979,100,99977,726,100038,526,99976,200,100039,100,99974,100,100046,100,99973,100,100047,100,99972,100,100049,100,99971,100,100065,100,99966,100,100072,100,99960,100,100073,100,99959,100,100076,100,99944,100
2019-06-28 09:37:10.000000000,99979,185,99977,385,100038,185,99976,285,100039,185,99974,185,100046,185,99973,185,100047,185,99972,185,100049,100,99971,100,100065,100,99966,100,100072,100,99960,100,100073,100,99959,100,100076,100,99944,100
2019-06-28 09:37:15.435240616,99979,185,99977,385,100038,185,99976,285,100039,185,99974,85,100046,185,99973,185,100047,185,99972,185,100049,100,99971,100,100065,100,99966,100,100072,100,99960,100,100073,100,99959,100,100076,100,99944,100
2019-06-28 09:37:20.000000000,99979,206,99977,406,100038,206,99976,306,100039,206,99973,206,100046,206,99972,206,100047,100,99971,100,100049,100,99966,100,100065,100,99960,100,100072,100,99959,100,100073,100,99944,100,100076,100,99936,100
2019-06-28 09:37:21.957136804,99979,306,99977,406,100038,206,99976,306,100039,206,99973,206,100046,206,99972,206,100047,100,99971,100,100049,100,99966,100,100065,100,99960,100,100072,100,99959,100,100073,100,99944,100,100076,100,99936,100
2019-06-28 09:37:29.347678819,99979,306,99977,306,100038,206,99976,306,100039,206,99973,206,100046,206,99972,206,100047,100,99971,100,100049,100,99966,100,100065,100,99960,100,100072,100,99959,100,100073,100,99944,100,100076,100,99936,100
2019-06-28 09:37:30.000000000,99979,345,99977,345,100038,241,99976,341,100039,241,99973,241,100046,100,99972,100,100047,100,99971,100,100049,100,99966,100,100065,100,99960,100,100072,100,99959,100,100073,100,99944,100,100076,100,99936,100
2019-06-28 09:37:30.755649958,99979,345,99977,345,100038,241,99976,341,100039,241,99973,241,100046,100,99972,100,100047,100,99971,100,100049,100,99966,100,100065,100,99960,100,100072,100,99959,100,100076,100,99944,100,100084,100,99936,100
2019-06-28 09:37:40.000000000,99979,626,99977,626,100038,100,99976,200,100039,100,99973,100,100046,100,99972,100,100047,100,99971,100,100049,100,99966,100,100065,100,99960,100,100072,100,99959,100,100076,100,99944,100,100084,100,99936,100
2019-06-28 09:37:50.000000000,99979,626,99977,626,100038,100,99976,200,100039,100,99973,100,100046,100,99972,100,100047,100,99971,100,100049,100,99966,100,100065,100,99960,100,100072,100,99959,100,100076,100,99944,100,100084,100,99936,100
2019-06-28 09:38:00.000000000,99979,626,99977,626,100038,100,99976,200,100039,100,99973,100,100046,100,99972,100,100047,100,99971,100,100049,100,99966,100,100065,100,99960,100,100072,100,99959,100,100076,100,99944,100,100084,100,99936,100
2019-06-28 09:38:08.390827979,99979,626,99977,626,100038,100,99976,200,100039,100,99973,100,100046,100,99972,100,100047,100,99971,100,100049,100,99966,100,100065,100,99960,100,100072,100,99959,100,100076,100,99944,100,100084,100,99936,100
2019-06-28 09:38:10.000000000,99979,345,99977,345,100038,241,99976,341,100039,241,99973,241,100046,100,99972,100,100047,100,99971,100,100049,100,99966,100,100065,100,99960,100,100072,100,99959,100,100076,100,99944,100,100084,100,99936,100
2019-06-28 09:38:17.100357242,99979,345,99978,100,100038,241,99977,345,100039,241,99976,341,100046,100,99973,241,100047,100,99972,100,100049,100,99971,100,100065,100,99966,100,100072,100,99960,100,100076,100,99959,100,100084,100,99944,100
2019-06-28 09:38:17.852477771,99979,345,99978,200,100038,241,99977,345,100039,241,99976,241,100046,100,99973,241,100047,100,99972,100,100049,100,99971,100,100065,100,99966,100,100072,100,99960,100,100076,100,99959,100,100084,100,99944,100
2019-06-28 09:38:20.000000000,99979,285,99978,285,100038,185,99977,285,100039,185,99976,185,100046,185,99973,185,100047,185,99972,185,100049,100,99971,100,100065,100,99966,100,100072,100,99960,100,100076,100,99959,100,100084,100,99944,100
2019-06-28 09:38:23.278550100,99979,285,99978,285,100038,185,99977,285,100039,185,99976,185,100046,185,99973,185,100047,185,99972,185,100049,100,99971,100,100065,100,99966,100,100072,100,99960,100,100076,100,99959,100,100084,100,99944,100
2019-06-28 09:38:30.000000000,99979,413,99978,413,100038,313,99977,413,100039,100,99976,100,100046,100,99973,100,100047,100,99972,100,100049,100,99971,100,100065,100,99966,100,100072,100,99960,100,100076,100,99959,100,100084,100,99944,100
2019-06-28 09:38:40.000000000,99979,345,99978,345,100038,241,99977,341,100039,241,99976,241,100046,100,99973,100,100047,100,99972,100,100049,100,99971,100,100065,100,99966,100,100072,100,99960,100,100076,100,99959,100,100084,100,99944,100
2019-06-28 09:38:46.930119474,99979,245,99978,345,100038,241,99977,341,100039,241,99976,241,100046,100,99973,100,100047,100,99972,100,100049,100,99971,100,100065,100,99966,100,100072,100,99960,100,100076,100,99959,100,100084,100,99944,100
2019-06-28 09:38:48.693737005,99979,145,99978,345,100038,241,99977,341,100039,241,99976,241,100046,100,99973,100,100047,100,99972,100,100049,100,99971,100,100065,100,99966,100,100072,100,99960,100,100076,100,99959,100,100084,100,99944,100
2019-06-28 09:38:50.000000000,100038,313,99978,413,100039,313,99977,413,100046,100,99976,100,100047,100,99973,100,100049,100,99972,100,100065,100,99971,100,100072,100,99966,100,100076,100,99960,100,100084,100,99959,100,100086,100,99944,100
2019-06-28 09:38:53.990150051,100038,313,99978,313,100039,313,99977,413,100046,100,99976,100,100047,100,99973,100,100049,100,99972,100,100065,100,99971,100,100072,100,99966,100,100076,100,99960,100,100084,100,99959,100,100086,100,99944,100
2019-06-28 09:39:00.000000000,100038,245,99978,245,100039,241,99977,341,100046,241,99976,241,100047,100,99973,100,100049,100,99972,100,100065,100,99971,100,100072,100,99966,100,100076,100,99960,100,100084,100,99959,100,100086,100,99944,100
2019-06-28 09:39:02.074300329,100038,145,99978,245,100039,241,99977,341,100046,241,99976,241,100047,100,99973,100,100049,100,99972,100,100065,100,99971,100,100072,100,99966,100,100076,100,99960,100,100084,100,99959,100,100086,100,99944,100
2019-06-28 09:39:10.000000000,100039,185,99978,185,100046,185,99977,285,100047,185,99976,185,100049,185,99973,185,100065,185,99972,185,100072,100,99971,100,100076,100,99966,100,100084,100,99960,100,100086,100,99959,100,100087,100,99944,100
2019-06-28 09:39:20.000000000,100039,526,99978,526,100046,100,99977,200,100047,100,99976,100,100049,100,99973,100,100065,100,99972,100,100072,100,99971,100,100076,100,99966,100,100084,100,99960,100,100086,100,99959,100,100087,100,99944,100
2019-06-28 09:39:30.000000000,100039,206,99978,206,100046,206,99977,306,100047,206,99976,206,100049,206,99973,206,100065,100,99972,100,100072,100,99971,100,100076,100,99966,100,100084,100,99960,100,100086,100,99959,100,100087,100,99944,100
2019-06-28 09:39:35.377671010,100039,106,99978,206,100046,206,99977,306,100047,206,99976,206,100049,206,99973,206,100065,100,99972,100,100072,100,99971,100,100076,100,99966,100,100084,100,99960,100,100086,100,99959,100,100087,100,99944,100
2019-06-28 09:39:38.708466360,100039,106,99978,206,100046,206,99977,306,100047,206,99976,206,100049,206,99973,206,100065,100,99972,100,100072,100,99966,100,100076,100,99960,100,100084,100,99959,100,100086,100,99944,100,100087,100,99936,100
2019-06-28 09:39:40.000000000,100046,245,99978,245,100047,241,99977,341,100049,241,99976,241,100065,100,99973,100,100072,100,99972,100,100076,100,99966,100,100084,100,99960,100,100086,100,99959,100,100087,100,99944,100,100106,100,99936,100
2019-06-28 09:39:50.000000000,100046,185,99978,185,100047,185,99977,285,100049,185,99976,185,100065,185,99973,185,100072,185,99972,185,100076,100,99966,100,100084,100,99960,100,100086,100,99959,100,100087,100,99944,100,100106,100,99936,100
2019-06-28 09:39:56.610553225,100046,185,99978,185,100047,185,99977,285,100049,185,99976,185,100065,185,99973,185,100072,185,99972,185,100076,100,99966,100,100084,100,99960,100,100086,100,99959,100,100087,100,99944,100,100106,100,99936,100
2019-06-28 09:40:00.000000000,100046,245,99978,245,100047,241,99977,341,100049,241,99976,241,100065,100,99973,100,100072,100,99972,100,100076,100,99966,100,100084,100,99960,100,100086,100,99959,100,100087,100,99944,100,100106,100,99936,100
2019-06-28 09:40:01.162475539,100046,145,99978,245,100047,241,99977,341,100049,241,99976,241,100065,100,99973,100,100072,100,99972,100,100076,100,99966,100,100084,100,99960,100,100086,100,99959,100,100087,100,99944,100,100106,100,99936,100
2019-06-28 09:40:06.250960261,100046,145,99978,245,100047,241,99977,341,100049,241,99976,241,100065,100,99973,100,100072,100,99972,100,100076,100,99966,100,100084,100,99960,100,100086,100,99959,100,100087,100,99944,100,100106,100,99936,100
2019-06-28 09:40:10.000000000,100047,185,99978,185,100049,185,99977,285,100065,185,99976,185,100072,185,99973,185,100076,185,99972,185,100084,100,99966,100,100086,100,99960,100,100087,100,99959,100,100106,100,99944,100,100111,100,99936,100
2019-06-28 09:40:20.000000000,100047,206,99978,206,100049,206,99977,306,100065,206,99976,206,100072,206,99973,206,100076,100,99972,100,100084,100,99966,100,100086,100,99960,100,100087,100,99959,100,100106,100,99944,100,100111,100,99936,100
2019-06-28 09:40:27.272701296,100047,106,99978,206,100049,206,99977,306,100065,206,99976,206,100072,206,99973,206,100076,100,99972,100,100084,100,99966,100,100086,100,99960,100,100087,100,99959,100,100106,100,99944,100,100111,100,99936,100
2019-06-28 09:40:30.000000000,100049,206,99978,206,100065,206,99977,306,100072,206,99976,206,100076,206,99973,206,100084,100,99972,100,100086,100,99966,100,100087,100,99960,100,100106,100,99959,100,100111,100,99944,100,100125,100,99936,100
2019-06-28 09:40:40.000000000,100049,206,99978,206,100065,206,99977,306,100072,206,99976,206,100076,206,99973,206,100084,100,99972,100,100086,100,99966,100,100087,100,99960,100,100106,100,99959,100,100111,100,99944,100,100125,100,99936,100
2019-06-28 09:40:50.000000000,100049,185,99978,185,100065,185,99977,285,100072,185,99976,185,100076,185,99973,185,100084,185,99972,185,100086,100,99966,100,100087,100,99960,100,100106,100,99959,100,100111,100,99944,100,100125,100,99936,100
2019-06-28 09:40:56.936840485,100049,185,99978,185,100065,185,99977,285,100072,185,99976,185,100076,185,99973,185,100084,185,99972,185,100086,100,99966,100,100087,100,99960,100,100106,100,99959,100,100111,100,99944,100,100125,100,99936,100
2019-06-28 09:41:00.000000000,100049,245,99978,245,100065,241,99977,341,100072,241,99976,241,100076,100,99973,100,100084,100,99972,100,100086,100,99966,100,100087,100,99960,100,100106,100,99959,100,100111,100,99944,100,100125,100,99936,100
2019-06-28 09:41:10.000000000,100049,313,99978,313,100065,313,99977,413,100072,100,99976,100,100076,100,99973,100,100084,100,99972,100,100086,100,99966,100,100087,100,99960,100,100106,100,99959,100,100111,100,99944,100,100125,100,99936,100
2019-06-28 09:41:20.000000000,100049,526,99978,526,100065,100,99977,200,100072,100,99976,100,100076,100,99973,100,100084,100,99972,100,100086,100,99966,100,100087,100,99960,100,100106,100,99959,100,100111,100,99944,100,100125,100,99936,100
2019-06-28 09:41:21.425098153,100049,426,99978,526,100065,100,99977,200,100072,100,99976,100,100076,100,99973,100,100084,100,99972,100,100086,100,99966,100,100087,100,99960,100,100106,100,99959,100,100111,100,99944,100,100125,100,99936,100
2019-06-28 09:41:30.000000000,100065,245,99978,245,100072,241,99977,341,100076,241,99976,241,100084,100,99973,100,100086,100,99972,100,100087,100,99966,100,100106,100,99960,100,100111,100,99959,100,100125,100,99944,100,100154,100,99936,100
2019-06-28 09:41:40.000000000,100065,313,99978,313,100072,313,99977,413,100076,100,99976,100,100084,100,99973,100,100086,100,99972,100,100087,100,99966,100,100106,100,99960,100,100111,100,99959,100,100125,100,99944,100,100154,100,99936,100
2019-06-28 09:41:50.000000000,100065,313,99978,313,100072,313,99977,413,100076,100,99976,100,100084,100,99973,100,100086,100,99972,100,100087,100,99966,100,100106,100,99960,100,100111,100,99959,100,100125,100,99944,100,100154,100,99936,100
2019-06-28 09:41:54.240189617,100065,313,99978,313,100072,313,99977,413,100076,100,99976,100,100084,100,99973,100,100086,100,99972,100,100087,100,99966,100,100106,100,99960,100,100111,100,99959,100,100125,100,99944,100,100154,100,99936,100
2019-06-28 09:42:00.000000000,100065,526,99978,526,100072,100,99977,200,100076,100,99976,100,100084,100,99973,100,100086,100,99972,100,100087,100,99966,100,100106,100,99960,100,100111,100,99959,100,100125,100,99944,100,100154,100,99936,100
2019-06-28 09:42:10.000000000,100065,245,99978,245,100072,241,99977,341,100076,241,99976,241,100084,100,99973,100,100086,100,99972,100,100087,100,99966,100,100106,100,99960,100,100111,100,99959,100,100125,100,99944,100,100154,100,99936,100
2019-06-28 09:42:16.820789031,100065,245,99978,245,100072,241,99977,341,100076,241,99976,241,100084,100,99973,100,100086,100,99972,100,100087,100,99966,100,100106,100,99959,100,100111,100,99944,100,100125,100,99936,100,100154,100,99924,100
2019-06-28 09:42:20.000000000,100065,526,99978,526,100072,100,99977,200,100076,100,99976,100,100084,100,99973,100,100086,100,99972,100,100087,100,99966,100,100106,100,99959,100,100111,100,99944,100,100125,100,99936,100,100154,100,99924,100
2019-06-28 09:42:30.000000000,100065,526,99978,526,100072,100,99977,200,100076,100,99976,100,100084,100,99973,100,100086,100,99972,100,100087,100,99966,100,100106,100,99959,100,100111,100,99944,100,100125,100,99936,100,100154,100,99924,100
2019-06-28 09:42:40.000000000,100065,526,99978,526,100072,100,99977,200,100076,100,99976,100,100084,100,99973,100,100086,100,99972,100,100087,100,99966,100,100106,100,99959,100,100111,100,99944,100,100125,100,99936,100,100154,100,99924,100
2019-06-28 09:42:50.000000000,100065,526,99978,526,100072,100,99977,200,100076,100,99976,100,100084,100,99973,100,100086,100,99972,100,100087,100,99966,100,100106,100,99959,100,100111,100,99944,100,100125,100,99936,100,100154,100,99924,100
2019-06-28 09:43:00.000000000,100065,245,99978,245,100072,241,99977,341,100076,241,99976,241,100084,100,99973,100,100086,100,99972,100,100087,100,99966,100,100106,100,99959,100,100111,100,99944,100,100125,100,99936,100,100154,100,99924,100
2019-06-28 09:43:10.000000000,100065,245,99978,245,100072,241,99977,341,100076,241,99976,241,100084,100,99973,100,100086,100,99972,100,100087,100,99966,100,100106,100,99959,100,100111,100,99944,100,100125,100,99936,100,100154,100,99924,100
2019-06-28 09:43:11.092756844,100065,145,99978,245,100072,241,99977,341,100076,241,99976,241,100084,100,99973,100,100086,100,99972,100,100087,100,99966,100,100106,100,99959,100,100111,100,99944,100,100125,100,99936,100,100154,100,99924,100
2019-06-28 09:43:20.000000000,100072,526,99978,526,100076,100,99977,200,100084,100,99976,100,100086,100,99973,100,100087,100,99972,100,100106,100,99966,100,100111,100,99959,100,100125,100,99944,100,100154,100,99936,100,100158,100,99924,100
2019-06-28 09:43:28.587225895,100072,526,99978,526,100076,100,99977,200,100084,100,99976,100,100086,100,99973,100,100087,100,99972,100,100106,100,99966,100,100111,100,99959,100,100154,100,99944,100,100158,100,99936,100,100185,100,99924,100
2019-06-28 09:43:30.000000000,100072,313,99978,313,100076,313,99977,413,100084,100,99976,100,100086,100,99973,100,100087,100,99972,100,100106,100,99966,100,100111,100,99959,100,100154,100,99944,100,100158,100,99936,100,100185,100,99924,100
2019-06-28 09:43:38.390709220,100072,213,99978,313,100076,313,99977,413,100084,100,99976,100,100086,100,99973,100,100087,100,99972,100,100106,100,99966,100,100154,100,99959,100,100158,100,99944,100,100185,100,99936,100,100211,100,99924,100
2019-06-28 09:43:40.000000000,100076,313,99978,313,100084,313,99977,413,100086,100,99976,100,100087,100,99973,100,100106,100,99972,100,100154,100,99966,100,100158,100,99959,100,100185,100,99944,100,100211,100,99936,100,100220,100,99924,100
2019-06-28 09:43:50.000000000,100076,245,99978,245,100084,241,99977,341,100086,241,99976,241,100087,100,99973,100,100106,100,99972,100,100154,100,99966,100,100158,100,99959,100,100185,100,99944,100,100211,100,99936,100,100220,100,99924,100
2019-06-28 09:44:00.000000000,100076,245,99978,245,100084,241,99977,341,100086,241,99976,241,100087,100,99973,100,100106,100,99972,100,100154,100,99966,100,100158,100,99959,100,100185,100,99944,100,100211,100,99936,100,100220,100,99924,100
2019-06-28 09:44:10.000000000,100076,206,99978,206,100084,206,99977,306,100086,206,99976,206,100087,206,99973,206,100106,100,99972,100,100154,100,99966,100,100158,100,99959,100,100185,100,99944,100,100211,100,99936,100,100220,100,99924,100
2019-06-28 09:44:10.374768365,100076,206,100065,100,100084,206,99978,206,100086,206,99977,306,100087,206,99976,206,100106,100,99973,206,100154,100,99972,100,100158,100,99966,100,100185,100,99959,100,100211,100,99944,100,100220,100,99936,100
2019-06-28 09:44:16.343187768,100076,106,100065,100,100084,206,99978,206,100086,206,99977,306,100087,206,99976,206,100154,100,99973,206,100158,100,99972,100,100185,100,99966,100,100211,100,99959,100,100220,100,99944,100,100291,100,99936,100
2019-06-28 09:44:20.000000000,100084,206,100065,206,100086,206,99978,206,100087,206,99977,306,100154,206,99976,206,100158,100,99973,100,100185,100,99972,100,100211,100,99966,100,100220,100,99959,100,100291,100,99944,100,100332,100,99936,100
2019-06-28 09:44:21.775781260,100084,206,100065,206,100086,206,99978,106,100087,206,99977,306,100154,206,99976,206,100158,100,99973,100,100185,100,99972,100,100211,100,99966,100,100220,100,99959,100,100291,100,99944,100,100332,100,99936,100
2019-06-28 09:44:30.000000000,100084,313,100065,313,100086,313,99977,413,100087,100,99976,100,100154,100,99973,100,100158,100,99972,100,100185,100,99966,100,100211,100,99959,100,100220,100,99944,100,100291,100,99936,100,100332,100,99924,100
2019-06-28 09:44:40.000000000,100084,185,100065,185,100086,185,99977,285,100087,185,99976,185,100154,185,99973,185,100158,185,99972,185,100185,100,99966,100,100211,100,99959,100,100220,100,99944,100,100291,100,99936,100,100332,100,99924,100
2019-06-28 09:44:50.000000000,100084,206,100065,206,100086,206,99977,306,100087,206,99976,206,100154,206,99973,206,100158,100,99972,100,100185,100,99966,100,100211,100,99959,100,100220,100,99944,100,100291,100,99936,100,100332,100,99924,100
2019-06-28 09:44:58.626705087,100084,206,100065,206,100086,206,99977,306,100087,206,99976,206,100154,206,99973,206,100158,100,99972,100,100185,100,99966,100,100211,100,99959,100,100220,100,99944,100,100291,100,99936,100,100332,100,99924,100
2019-06-28 09:45:00.000000000,100084,245,100065,245,100086,241,99977,341,100087,241,99976,241,100154,100,99973,100,100158,100,99972,100,100185,100,99966,100,100211,100,99959,100,100220,100,99944,100,100291,100,99936,100,100332,100,99924,100
2019-06-28 09:45:04.675313044,100084,245,100065,245,100086,241,99977,341,100087,241,99976,241,100154,100,99973,100,100158,100,99972,100,100185,100,99966,100,100211,100,99959,100,100220,100,99944,100,100291,100,99936,100,100531,100,99924,100
2019-06-28 09:45:10.000000000,100084,245,100065,245,100086,241,99977,341,100087,241,99976,241,100154,100,99973,100,100158,100,99972,100,100185,100,99966,100,100211,100,99959,100,100220,100,99944,100,100291,100,99936,100,100531,100,99924,100
2019-06-28 09:45:16.159644882,100084,245,100065,245,100086,241,99977,341,100087,241,99976,241,100154,100,99973,100,100158,100,99972,100,100185,100,99966,100,100211,100,99959,100,100220,100,99944,100,100291,100,99936,100,100531,100,99924,100
2019-06-28 09:45:20.000000000,100084,185,100065,185,100086,185,99977,285,100087,185,99976,185,100154,185,99973,185,100158,185,99972,185,100185,100,99966,100,100211,100,99959,100,100220,100,99944,100,100291,100,99936,100,100531,100,99924,100
2019-06-28 09:45:30.000000000,100084,526,100065,526,100086,100,99977,200,100087,100,99976,100,100154,100,99973,100,100158,100,99972,100,100185,100,99966,100,100211,100,99959,100,100220,100,99944,100,100291,100,99936,100,100531,100,99924,100
2019-06-28 09:45:40.000000000,100084,245,100065,245,100086,241,99977,341,100087,241,99976,241,100154,100,99973,100,100158,100,99972,100,100185,100,99966,100,100211,100,99959,100,100220,100,99944,100,100291,100,99936,100,100531,100,99924,100
2019-06-28 09:45:42.324879967,100084,245,100065,245,100086,241,99977,241,100087,241,99976,241,100154,100,99973,100,100158,100,99972,100,100185,100,99966,100,100211,100,99959,100,100220,100,99944,100,100291,100,99936,100,100531,100,99924,100
2019-06-28 09:45:50.000000000,100084,313,100065,313,100086,313,99977,313,100087,100,99976,100,100154,100,99973,100,100158,100,99972,100,100185,100,99966,100,100211,100,99959,100,100220,100,99944,100,100291,100,99936,100,100531,100,99924,100
2019-06-28 09:46:00.000000000,100084,313,100065,313,100086,313,99977,313,100087,100,99976,100,100154,100,99973,100,100158,100,99972,100,100185,100,99966,100,100211,100,99959,100,100220,100,99944,100,100291,100,99936,100,100531,100,99924,100
2019-06-28 09:46:10.000000000,100084,313,100065,313,100086,313,99977,313,100087,100,99976,100,100154,100,99973,100,100158,100,99972,100,100185,100,99966,100,100211,100,99959,100,100220,100,99944,100,100291,100,99936,100,100531,100,99924,100
2019-06-28 09:46:16.599946099,100084,313,100072,100,100086,313,100065,313,100087,100,99977,313,100154,100,99976,100,100158,100,99973,100,100185,100,99972,100,100211,100,99966,100,100220,100,99959,100,100291,100,99944,100,100531,100,99936,100
2019-06-28 09:46:17.886738964,100084,313,100072,100,100086,313,100065,313,100087,100,99977,313,100154,100,99976,100,100158,100,99973,100,100185,100,99972,100,100211,100,99959,100,100220,100,99950,100,100291,100,99944,100,100531,100,99936,100
2019-06-28 09:46:20.000000000,100084,245,100072,245,100086,241,100065,241,100087,241,99977,241,100154,100,99976,100,100158,100,99973,100,100185,100,99972,100,100211,100,99959,100,100220,100,99950,100,100291,100,99944,100,100531,100,99936,100
2019-06-28 09:46:22.310884524,100084,245,100072,145,100086,241,100065,141,100087,241,99977,241,100154,100,99976,100,100158,100,99973,100,100185,100,99972,100,100211,100,99959,100,100220,100,99950,100,100291,100,99944,100,100531,100,99936,100
2019-06-28 09:46:29.714719005,100084,245,100072,145,100086,241,100065,141,100087,241,99977,241,100154,100,99976,100,100158,100,99973,100,100185,100,99972,100,100211,100,99965,100,100220,100,99959,100,100291,100,99950,100,100531,100,99944,100
2019-06-28 09:46:30.000000000,100084,245,99977,245,100086,241,99976,241,100087,241,99973,241,100154,100,99972,100,100158,100,99965,100,100185,100,99959,100,100211,100,99950,100,100220,100,99944,100,100291,100,99936,100,100531,100,99924,100
2019-06-28 09:46:40.000000000,100084,185,99977,185,100086,185,99976,185,100087,185,99973,185,100154,185,99972,185,100158,185,99965,185,100185,100,99959,100,100211,100,99950,100,100220,100,99944,100,100291,100,99936,100,100531,100,99924,100
2019-06-28 09:46:41.460559758,100084,85,99977,185,100086,185,99976,185,100087,185,99973,185,100154,185,99972,185,100158,185,99965,185,100185,100,99959,100,100211,100,99950,100,100220,100,99944,100,100291,100,99936,100,100531,100,99924,100
2019-06-28 09:46:43.623397043,100084,85,100063,100,100086,185,99977,185,100087,185,99976,185,100154,185,99973,185,100158,185,99972,185,100185,100,99965,185,100211,100,99959,100,100220,100,99950,100,100291,100,99944,100,100531,100,99936,100
2019-06-28 09:46:50.000000000,100086,526,100063,526,100087,100,99977,100,100154,100,99976,100,100158,100,99973,100,100185,100,99972,100,100211,100,99965,100,100220,100,99959,100,100291,100,99950,100,100531,100,99944,100,100617,100,99936,100
2019-06-28 09:47:00.000000000,100086,245,100063,245,100087,241,99977,241,100154,241,99976,241,100158,100,99973,100,100185,100,99972,100,100211,100,99965,100,100220,100,99959,100,100291,100,99950,100,100531,100,99944,100,100617,100,99936,100
2019-06-28 09:47:08.731186003,100086,245,100063,245,100087,241,99977,241,100154,241,99976,241,100158,100,99973,100,100185,100,99972,100,100211,100,99965,100,100220,100,99959,100,100291,100,99950,100,100361,100,99944,100,100531,100,99936,100
2019-06-28 09:47:10.000000000,100086,185,100063,185,100087,185,99977,185,100154,185,99976,185,100158,185,99973,185,100185,185,99972,185,100211,100,99965,100,100220,100,99959,100,100291,100,99950,100,100361,100,99944,100,100531,100,99936,100
2019-06-28 09:47:13.957162977,100086,185,100063,185,100087,185,99977,185,100099,100,99976,185,100154,185,99973,185,100158,185,99972,185,100185,185,99965,100,100211,100,99959,100,100220,100,99950,100,100291,100,99944,100,100361,100,99936,100
2019-06-28 09:47:20.000000000,100086,526,100063,526,100087,100,99977,100,100099,100,99976,100,100154,100,99973,100,100158,100,99972,100,100185,100,99965,100,100211,100,99959,100,100220,100,99950,100,100291,100,99944,100,100361,100,99936,100
2019-06-28 09:47:21.076827612,100086,426,100063,526,100087,100,99977,100,100099,100,99976,100,100154,100,99973,100,100185,100,99972,100,100211,100,99965,100,100220,100,99959,100,100291,100,99950,100,100361,100,99944,100,100531,100,99936,100
2019-06-28 09:47:30.000000000,100087,185,100063,185,100099,185,99977,185,100154,185,99976,185,100185,185,99973,185,100211,185,99972,185,100220,100,99965,100,100291,100,99959,100,100361,100,99950,100,100531,100,99944,100,100617,100,99936,100
2019-06-28 09:47:35.168866724,100087,185,100063,85,100099,185,99977,185,100154,185,99976,185,100185,185,99973,185,100211,185,99972,185,100220,100,99965,100,100291,100,99959,100,100361,100,99950,100,100531,100,99944,100,100617,100,99936,100
2019-06-28 09:47:40.000000000,100087,206,99977,206,100099,206,99976,206,100154,206,99973,206,100185,206,99972,206,100211,100,99965,100,100220,100,99959,100,100291,100,99950,100,100361,100,99944,100,100531,100,99936,100,100617,100,99924,100
2019-06-28 09:47:50.000000000,100087,313,99977,313,100099,313,99976,313,100154,100,99973,100,100185,100,99972,100,100211,100,99965,100,100220,100,99959,100,100291,100,99950,100,100361,100,99944,100,100531,100,99936,100,100617,100,99924,100
2019-06-28 09:48:00.000000000,100087,185,99977,185,100099,185,99976,185,100154,185,99973,185,100185,185,99972,185,100211,185,99965,185,100220,100,99959,100,100291,100,99950,100,100361,100,99944,100,100531,100,99936,100,100617,100,99924,100
2019-06-28 09:48:10.000000000,100087,313,99977,313,100099,313,99976,313,100154,100,99973,100,100185,100,99972,100,100211,100,99965,100,100220,100,99959,100,100291,100,99950,100,100361,100,99944,100,100531,100,99936,100,100617,100,99924,100
2019-06-28 09:48:20.000000000,100087,313,99977,313,100099,313,99976,313,100154,100,99973,100,100185,100,99972,100,100211,100,99965,100,100220,100,99959,100,100291,100,99950,100,100361,100,99944,100,100531,100,99936,100,100617,100,99924,100
2019-06-28 09:48:30.000000000,100087,245,99977,245,100099,241,99976,241,100154,241,99973,241,100185,100,99972,100,100211,100,99965,100,100220,100,99959,100,100291,100,99950,100,100361,100,99944,100,100531,100,99936,100,100617,100,99924,100
2019-06-28 09:48:40.000000000,100087,185,99977,185,100099,185,99976,185,100154,185,99973,185,100185,185,99972,185,100211,185,99965,185,100220,100,99959,100,100291,100,99950,100,100361,100,99944,100,100531,100,99936,100,100617,100,99924,100
2019-06-28 09:48:46.895870692,100087,185,99977,185,100099,185,99976,185,100154,185,99973,185,100185,185,99972,85,100211,185,99965,185,100220,100,99959,100,100291,100,99950,100,100361,100,99944,100,100531,100,99936,100,100617,100,99924,100
2019-06-28 09:48:50.000000000,100087,185,99977,185,100099,185,99976,185,100154,185,99973,185,100185,185,99965,185,100211,185,99959,185,100220,100,99950,100,100291,100,99944,100,100361,100,99936,100,100531,100,99924,100,100617,100,99907,100
2019-06-28 09:48:55.763144487,100087,185,99977,185,100099,185,99976,185,100154,185,99973,185,100185,185,99965,185,100211,185,99959,185,100220,100,99950,100,100291,100,99944,100,100361,100,99936,100,100531,100,99924,100,100617,100,99907,100
2019-06-28 09:49:00.000000000,100087,206,99977,206,100099,206,99976,206,100154,206,99973,206,100185,206,99965,206,100211,100,99959,100,100220,100,99950,100,100291,100,99944,100,100361,100,99936,100,100531,100,99924,100,100617,100,99907,100
2019-06-28 09:49:10.000000000,100087,245,99977,245,100099,241,99976,241,100154,241,99973,241,100185,100,99965,100,100211,100,99959,100,100220,100,99950,100,100291,100,99944,100,100361,100,99936,100,100531,100,99924,100,100617,100,99907,100
2019-06-28 09:49:16.732446389,100087,245,99977,245,100099,241,99976,241,100154,241,99973,241,100185,100,99965,100,100211,100,99959,100,100220,100,99950,100,100291,100,99944,100,100361,100,99936,100,100531,100,99924,100,100617,100,99907,100
2019-06-28 09:49:20.000000000,100087,526,99977,526,100099,100,99976,100,100154,100,99973,100,100185,100,99965,100,100211,100,99959,100,100220,100,99950,100,100291,100,99944,100,100361,100,99936,100,100531,100,99924,100,100617,100,99907,100
2019-06-28 09:49:30.000000000,100087,185,99977,185,100099,185,99976,185,100154,185,99973,185,100185,185,99965,185,100211,185,99959,185,100220,100,99950,100,100291,100,99944,100,100361,100,99936,100,100531,100,99924,100,100617,100,99907,100
2019-06-28 09:49:33.024864894,100087,185,99977,185,100099,185,99976,185,100154,185,99973,185,100185,185,99965,185,100211,185,99959,185,100220,100,99950,100,100291,100,99944,100,100361,100,99936,100,100531,100,99924,100,100617,100,99907,100
2019-06-28 09:49:40.000000000,100087,313,99977,313,100099,313,99976,313,100154,100,99973,100,100185,100,99965,100,100211,100,99959,100,100220,100,99950,100,100291,100,99944,100,100361,100,99936,100,100531,100,99924,100,100617,100,99907,100
2019-06-28 09:49:49.834546318,100087,313,99977,313,100099,313,99976,313,100154,100,99973,100,100185,100,99965,100,100211,100,99950,100,100220,100,99944,100,100291,100,99936,100,100361,100,99924,100,100531,100,99907,100,100617,100,99905,100
2019-06-28 09:49:50.000000000,100087,245,99977,245,100099,241,99976,241,100154,241,99973,241,100185,100,99965,100,100211,100,99950,100,100220,100,99944,100,100291,100,99936,100,100361,100,99924,100,100531,100,99907,100,100617,100,99905,100
2019-06-28 09:49:53.453192038,100087,145,99977,245,100099,241,99976,241,100154,241,99973,241,100185,100,99965,100,100211,100,99950,100,100220,100,99944,100,100291,100,99936,100,100361,100,99924,100,100617,100,99907,100,100649,100,99905,100
2019-06-28 09:50:00.000000000,100099,313,99977,313,100154,313,99976,313,100185,100,99973,100,100211,100,99965,100,100220,100,99950,100,100291,100,99944,100,100361,100,99936,100,100617,100,99924,100,100649,100,99907,100,100669,100,99905,100
2019-06-28 09:50:04.247580167,100099,213,99977,313,100154,313,99976,313,100185,100,99973,100,100211,100,99965,100,100220,100,99950,100,100291,100,99944,100,100361,100,99936,100,100617,100,99924,100,100649,100,99907,100,100669,100,99905,100
2019-06-28 09:50:10.000000000,100154,526,99977,526,100185,100,99976,100,100211,100,99973,100,100220,100,99965,100,100291,100,99950,100,100361,100,99944,100,100617,100,99936,100,100649,100,99924,100,100669,100,99907,100,100695,100,99905,100
2019-06-28 09:50:20.000000000,100154,206,99977,206,100185,206,99976,206,100211,206,99973,206,100220,206,99965,206,100291,100,99950,100,100361,100,99944,100,100617,100,99936,100,100649,100,99924,100,100669,100,99907,100,100695,100,99905,100
2019-06-28 09:50:30.000000000,100154,185,99977,185,100185,185,99976,185,100211,185,99973,185,100220,185,99965,185,100291,185,99950,185,100361,100,99944,100,100617,100,99936,100,100649,100,99924,100,100669,100,99907,100,100695,100,99905,100
2019-06-28 09:50:40.000000000,100154,185,99977,185,100185,185,99976,185,100211,185,99973,185,100220,185,99965,185,100291,185,99950,185,100361,100,99944,100,100617,100,99936,100,100649,100,99924,100,100669,100,99907,100,100695,100,99905,100
2019-06-28 09:50:50.000000000,100154,526,99977,526,100185,100,99976,100,100211,100,99973,100,100220,100,99965,100,100291,100,99950,100,100361,100,99944,100,100617,100,99936,100,100649,100,99924,100,100669,100,99907,100,100695,100,99905,100
2019-06-28 09:50:50.351441557,100154,526,99977,526,100185,100,99973,100,100211,100,99965,100,100220,100,99950,100,100291,100,99944,100,100361,100,99936,100,100617,100,99924,100,100649,100,99907,100,100669,100,99905,100,100695,100,99903,100
2019-06-28 09:50:53.320278064,100154,526,100087,100,100185,100,99977,526,100211,100,99973,100,100220,100,99965,100,100291,100,99950,100,100361,100,99944,100,100617,100,99936,100,100649,100,99924,100,100669,100,99907,100,100695,100,99905,100
2019-06-28 09:51:00.000000000,100154,313,100087,313,100185,313,99977,313,100211,100,99973,100,100220,100,99965,100,100291,100,99950,100,100361,100,99944,100,100617,100,99936,100,100649,100,99924,100,100669,100,99907,100,100695,100,99905,100
2019-06-28 09:51:05.002132016,100154,313,100087,313,100185,313,99977,313,100211,100,99973,100,100220,100,99965,100,100291,100,99950,100,100361,100,99944,100,100516,100,99936,100,100617,100,99924,100,100649,100,99907,100,100669,100,99905,100
2019-06-28 09:51:05.961594985,100154,313,100087,313,100185,313,99977,313,100211,100,99973,100,100291,100,99965,100,100361,100,99950,100,100516,100,99944,100,100617,100,99936,100,100649,100,99924,100,100669,100,99907,100,100695,100,99905,100
2019-06-28 09:51:08.694181824,100154,313,100087,313,100185,313,99977,313,100211,100,99973,100,100291,100,99965,100,100361,100,99950,100,100516,100,99944,100,100617,100,99936,100,100649,100,99924,100,100669,100,99907,100,100695,100,99905,100
2019-06-28 09:51:10.000000000,100154,206,100087,206,100185,206,99977,206,100211,206,99973,206,100291,206,99965,206,100361,100,99950,100,100516,100,99944,100,100617,100,99936,100,100649,100,99924,100,100669,100,99907,100,100695,100,99905,100
2019-06-28 09:51:10.140757296,100154,206,100087,206,100185,206,99977,206,100211,206,99973,106,100291,206,99965,206,100361,100,99950,100,100516,100,99944,100,100617,100,99936,100,100649,100,99924,100,100669,100,99907,100,100695,100,99905,100
2019-06-28 09:51:11.014670566,100154,206,100087,206,100185,206,99977,206,100211,206,99973,106,100291,206,99965,206,100361,100,99950,100,100516,100,99944,100,100573,100,99936,100,100617,100,99924,100,100649,100,99905,100,100669,100,99899,100
2019-06-28 09:51:13.201072999,100154,6,100087,206,100185,206,99977,206,100211,206,99973,106,100291,206,99965,206,100361,100,99950,100,100516,100,99944,100,100573,100,99936,100,100617,100,99924,100,100649,100,99905,100,100669,100,99899,100
2019-06-28 09:51:20.000000000,100185,245,100087,245,100211,241,99977,241,100291,241,99965,241,100361,100,99950,100,100516,100,99944,100,100573,100,99936,100,100617,100,99924,100,100649,100,99905,100,100669,100,99899,100,100695,100,99827,100
2019-06-28 09:51:24.118678389,100185,145,100087,245,100211,241,99977,241,100291,241,99965,241,100361,100,99950,100,100516,100,99944,100,100573,100,99936,100,100617,100,99924,100,100649,100,99905,100,100669,100,99899,100,100695,100,99827,100
2019-06-28 09:51:30.000000000,100211,206,100087,206,100291,206,99977,206,100361,206,99965,206,100516,206,99950,206,100573,100,99944,100,100617,100,99936,100,100649,100,99924,100,100669,100,99905,100,100695,100,99899,100,100773,100,99827,100
2019-06-28 09:51:40.000000000,100211,206,100087,206,100291,206,99977,206,100361,206,99965,206,100516,206,99950,206,100573,100,99944,100,100617,100,99936,100,100649,100,99924,100,100669,100,99905,100,100695,100,99899,100,100773,100,99827,100
2019-06-28 09:51:46.868034418,100211,206,100087,206,100291,206,99977,206,100361,206,99965,206,100516,206,99950,206,100573,100,99944,100,100617,100,99936,100,100649,100,99924,100,100656,100,99905,100,100669,100,99899,100,100695,100,99827,100
2019-06-28 09:51:50.000000000,100211,206,100087,206,100291,206,99977,206,100361,206,99965,206,100516,206,99950,206,100573,100,99944,100,100617,100,99936,100,100649,100,99924,100,100656,100,99905,100,100669,100,99899,100,100695,100,99827,100
2019-06-28 09:52:00.000000000,100211,313,100087,313,100291,313,99977,313,100361,100,99965,100,100516,100,99950,100,100573,100,99944,100,100617,100,99936,100,100649,100,99924,100,100656,100,99905,100,100669,100,99899,100,100695,100,99827,100
2019-06-28 09:52:09.906266783,100211,313,100087,313,100291,313,99977,313,100361,100,99965,100,100511,100,99950,100,100516,100,99944,100,100573,100,99936,100,100617,100,99924,100,100649,100,99905,100,100656,100,99899,100,100669,100,99827,100
2019-06-28 09:52:10.000000000,100211,206,100087,206,100291,206,99977,206,100361,206,99965,206,100511,206,99950,206,100516,100,99944,100,100573,100,99936,100,100617,100,99924,100,100649,100,99905,100,100656,100,99899,100,100669,100,99827,100
2019-06-28 09:52:13.782415579,100211,206,100087,206,100291,206,99977,206,100361,206,99965,206,100511,206,99950,206,100516,100,99944,100,100573,100,99936,100,100617,100,99924,100,100635,100,99905,100,100649,100,99899,100,100656,100,99827,100
2019-06-28 09:52:20.000000000,100211,526,100087,526,100291,100,99977,100,100361,100,99965,100,100511,100,99950,100,100516,100,99944,100,100573,100,99936,100,100617,100,99924,100,100635,100,99905,100,100649,100,99899,100,100656,100,99827,100
2019-06-28 09:52:30.000000000,100211,526,100087,526,100291,100,99977,100,100361,100,99965,100,100511,100,99950,100,100516,100,99944,100,100573,100,99936,100,100617,100,99924,100,100635,100,99905,100,100649,100,99899,100,100656,100,99827,100
2019-06-28 09:52:40.000000000,100211,206,100087,206,100291,206,99977,206,100361,206,99965,206,100511,206,99950,206,100516,100,99944,100,100573,100,99936,100,100617,100,99924,100,100635,100,99905,100,100649,100,99899,100,100656,100,99827,100
2019-06-28 09:52:50.000000000,100211,245,100087,245,100291,241,99977,241,100361,241,99965,241,100511,100,99950,100,100516,100,99944,100,100573,100,99936,100,100617,100,99924,100,100635,100,99905,100,100649,100,99899,100,100656,100,99827,100
2019-06-28 09:52:57.307932247,100211,245,100087,245,100291,241,99977,241,100361,241,99965,241,100511,100,99950,100,100516,100,99944,100,100536,100,99936,100,100573,100,99924,100,100617,100,99905,100,100635,100,99899,100,100649,100,99827,100
2019-06-28 09:53:00.000000000,100211,206,100087,206,100291,206,99977,206,100361,206,99965,206,100511,206,99950,206,100516,100,99944,100,100536,100,99936,100,100573,100,99924,100,100617,100,99905,100,100635,100,99899,100,100649,100,99827,100
2019-06-28 09:53:07.695956855,100211,206,100087,206,100291,206,99977,206,100361,206,99965,206,100448,100,99950,206,100511,206,99944,100,100516,100,99936,100,100536,100,99924,100,100573,100,99905,100,100617,100,99899,100,100635,100,99827,100
2019-06-28 09:53:10.000000000,100211,313,100087,313,100291,313,99977,313,100361,100,99965,100,100448,100,99950,100,100511,100,99944,100,100516,100,99936,100,100536,100,99924,100,100573,100,99905,100,100617,100,99899,100,100635,100,99827,100
2019-06-28 09:53:20.000000000,100211,313,100087,313,100291,313,99977,313,100361,100,99965,100,100448,100,99950,100,100511,100,99944,100,100516,100,99936,100,100536,100,99924,100,100573,100,99905,100,100617,100,99899,100,100635,100,99827,100
2019-06-28 09:53:30.000000000,100211,185,100087,185,100291,185,99977,185,100361,185,99965,185,100448,185,99950,185,100511,185,99944,185,100516,100,99936,100,100536,100,99924,100,100573,100,99905,100,100617,100,99899,100,100635,100,99827,100
2019-06-28 09:53:34.188789753,100211,185,100087,185,100219,100,99977,185,100291,185,99965,185,100361,185,99950,185,100448,185,99944,185,100511,185,99936,100,100516,100,99924,100,100536,100,99905,100,100573,100,99899,100,100617,100,99827,100
2019-06-28 09:53:34.746106483,100211,185,100087,185,100219,100,100072,100,100291,185,99977,185,100361,185,99965,185,100448,185,99950,185,100511,185,99944,185,100516,100,99936,100,100536,100,99924,100,100573,100,99905,100,100617,100,99899,100
2019-06-28 09:53:40.000000000,100211,185,100087,185,100219,185,100072,185,100291,185,99977,185,100361,185,99965,185,100448,185,99950,185,100511,100,99944,100,100516,100,99936,100,100536,100,99924,100,100573,100,99905,100,100617,100,99899,100
2019-06-28 09:53:40.903249548,100211,85,100087,185,100219,185,100072,185,100291,185,99977,185,100361,185,99965,185,100448,185,99950,185,100511,100,99944,100,100516,100,99936,100,100536,100,99924,100,100573,100,99905,100,100617,100,99899,100
2019-06-28 09:53:50.000000000,100219,245,100087,245,100291,241,100072,241,100361,241,99977,241,100448,100,99965,100,100511,100,99950,100,100516,100,99944,100,100536,100,99936,100,100573,100,99924,100,100617,100,99905,100,100635,100,99899,100
2019-06-28 09:53:50.961829125,100219,245,100087,145,100291,241,100072,241,100361,241,99977,241,100448,100,99965,100,100511,100,99950,100,100516,100,99944,100,100536,100,99936,100,100573,100,99924,100,100617,100,99905,100,100635,100,99899,100
2019-06-28 09:53:58.543333158,100219,245,100087,145,100291,241,100072,241,100361,241,99977,241,100448,100,99965,100,100511,100,99952,100,100516,100,99950,100,100536,100,99944,100,100573,100,99936,100,100617,100,99924,100,100635,100,99905,100
2019-06-28 09:54:00.000000000,100219,245,100072,245,100291,241,99977,241,100361,241,99965,241,100448,100,99952,100,100511,100,99950,100,100516,100,99944,100,100536,100,99936,100,100573,100,99924,100,100617,100,99905,100,100635,100,99899,100
2019-06-28 09:54:01.977260495,100219,245,100072,245,100291,241,99977,241,100361,241,99965,241,100448,100,99952,100,100516,100,99951,100,100536,100,99950,100,100573,100,99944,100,100617,100,99936,100,100635,100,99924,100,100649,100,99905,100
2019-06-28 09:54:10.000000000,100219,526,100072,526,100291,100,99977,100,100361,100,99965,100,100448,100,99952,100,100516,100,99951,100,100536,100,99950,100,100573,100,99944,100,100617,100,99936,100,100635,100,99924,100,100649,100,99905,100
2019-06-28 09:54:10.692018650,100210,100,100072,526,100219,526,99977,100,100291,100,99965,100,100361,100,99952,100,100448,100,99951,100,100516,100,99950,100,100536,100,99944,100,100573,100,99936,100,100617,100,99924,100,100635,100,99905,100
2019-06-28 09:54:18.895219078,100210,200,100072,526,100219,526,99977,100,100291,100,99965,100,100361,100,99952,100,100448,100,99951,100,100516,100,99950,100,100536,100,99944,100,100573,100,99936,100,100617,100,99924,100,100635,100,99905,100
2019-06-28 09:54:20.000000000,100210,285,100072,185,100219,185,99977,185,100291,185,99965,185,100361,185,99952,185,100448,185,99951,185,100516,100,99950,100,100536,100,99944,100,100573,100,99936,100,100617,100,99924,100,100635,100,99905,100
2019-06-28 09:54:30.000000000,100210,306,100072,206,100219,206,99977,206,100291,206,99965,206,100361,206,99952,206,100448,100,99951,100,100516,100,99950,100,100536,100,99944,100,100573,100,99936,100,100617,100,99924,100,100635,100,99905,100
2019-06-28 09:54:40.000000000,100210,285,100072,185,100219,185,99977,185,100291,185,99965,185,100361,185,99952,185,100448,185,99951,185,100516,100,99950,100,100536,100,99944,100,100573,100,99936,100,100617,100,99924,100,100635,100,99905,100
2019-06-28 09:54:46.078691146,100210,285,100072,85,100219,185,99977,185,100291,185,99965,185,100361,185,99952,185,100448,85,99951,185,100516,100,99950,100,100536,100,99944,100,100573,100,99936,100,100617,100,99924,100,100635,100,99905,100
2019-06-28 09:54:48.411719041,100072,15,99977,185,100210,285,99965,185,100219,185,99952,185,100291,185,99951,185,100361,185,99950,100,100448,85,99944,100,100516,100,99936,100,100536,100,99924,100,100573,100,99905,100,100617,100,99899,100
2019-06-28 09:54:50.000000000,100072,100,99977,185,100210,285,99965,185,100219,185,99952,185,100291,185,99951,185,100361,185,99950,185,100516,100,99944,100,100536,100,99936,100,100573,100,99924,100,100617,100,99905,100,100635,100,99899,100
2019-06-28 09:55:00.000000000,100072,100,99977,185,100210,285,99965,185,100219,185,99952,185,100291,185,99951,185,100361,185,99950,185,100516,100,99944,100,100536,100,99936,100,100573,100,99924,100,100617,100,99905,100,100635,100,99899,100
2019-06-28 09:55:10.000000000,100072,441,99977,526,100210,200,99965,100,100219,100,99952,100,100291,100,99951,100,100361,100,99950,100,100516,100,99944,100,100536,100,99936,100,100573,100,99924,100,100617,100,99905,100,100635,100,99899,100
2019-06-28 09:55:20.000000000,100072,100,99977,185,100210,285,99965,185,100219,185,99952,185,100291,185,99951,185,100361,185,99950,185,100516,100,99944,100,100536,100,99936,100,100573,100,99924,100,100617,100,99905,100,100635,100,99899,100
2019-06-28 09:55:24.841649038,100072,85,99977,185,100210,285,99965,185,100219,185,99952,185,100291,185,99951,185,100361,185,99950,185,100516,100,99944,100,100536,100,99936,100,100573,100,99924,100,100617,100,99905,100,100635,100,99899,100
2019-06-28 09:55:30.000000000,100210,413,99977,313,100219,313,99965,313,100291,100,99952,100,100361,100,99951,100,100516,100,99950,100,100536,100,99944,100,100573,100,99936,100,100617,100,99924,100,100635,100,99905,100,100649,100,99899,100
2019-06-28 09:55:31.300084150,100210,413,99977,213,100219,313,99965,313,100291,100,99952,100,100361,100,99951,100,100536,100,99950,100,100573,100,99944,100,100617,100,99936,100,100635,100,99924,100,100649,100,99905,100,100656,100,99899,100
2019-06-28 09:55:40.000000000,100210,345,99965,245,100219,241,99952,241,100291,241,99951,241,100361,100,99950,100,100536,100,99944,100,100573,100,99936,100,100617,100,99924,100,100635,100,99905,100,100649,100,99899,100,100656,100,99827,100
2019-06-28 09:55:50.000000000,100210,285,99965,185,100219,185,99952,185,100291,185,99951,185,100361,185,99950,185,100536,185,99944,185,100573,100,99936,100,100617,100,99924,100,100635,100,99905,100,100649,100,99899,100,100656,100,99827,100
2019-06-28 09:56:00.000000000,100210,413,99965,313,100219,313,99952,313,100291,100,99951,100,100361,100,99950,100,100536,100,99944,100,100573,100,99936,100,100617,100,99924,100,100635,100,99905,100,100649,100,99899,100,100656,100,99827,100
2019-06-28 09:56:10.000000000,100210,413,99965,313,100219,313,99952,313,100291,100,99951,100,100361,100,99950,100,100536,100,99944,100,100573,100,99936,100,100617,100,99924,100,100635,100,99905,100,100649,100,99899,100,100656,100,99827,100
2019-06-28 09:56:13.678083293,100210,413,99965,213,100219,313,99952,313,100291,100,99951,100,100361,100,99950,100,100536,100,99944,100,100573,100,99936,100,100617,100,99924,100,100635,100,99905,100,100649,100,99899,100,100656,100,99827,100
2019-06-28 09:56:20.000000000,100210,285,99952,185,100219,185,99951,185,100291,185,99950,185,100361,185,99944,185,100536,185,99936,185,100573,100,99924,100,100617,100,99905,100,100635,100,99899,100,100649,100,99827,100,100656,100,99647,100
2019-06-28 09:56:30.000000000,100210,626,99952,526,100219,100,99951,100,100291,100,99950,100,100361,100,99944,100,100536,100,99936,100,100573,100,99924,100,100617,100,99905,100,100635,100,99899,100,100649,100,99827,100,100656,100,99647,100
2019-06-28 09:56:40.000000000,100210,285,99952,185,100219,185,99951,185,100291,185,99950,185,100361,185,99944,185,100536,185,99936,185,100573,100,99924,100,100617,100,99905,100,100635,100,99899,100,100649,100,99827,100,100656,100,99647,100
2019-06-28 09:56:47.671181124,100210,185,99952,185,100219,185,99951,185,100291,185,99950,85,100361,185,99944,185,100536,185,99936,185,100573,100,99924,100,100617,100,99905,100,100635,100,99899,100,100649,100,99827,100,100656,100,99647,100
2019-06-28 09:56:50.000000000,100210,185,99952,185,100219,185,99951,185,100291,185,99944,185,100361,185,99936,185,100536,185,99924,185,100573,100,99905,100,100617,100,99899,100,100635,100,99827,100,100649,100,99647,100,100656,100,99560,100
2019-06-28 09:57:00.000000000,100210,185,99952,185,100219,185,99951,185,100291,185,99944,185,100361,185,99936,185,100536,185,99924,185,100573,100,99905,100,100617,100,99899,100,100635,100,99827,100,100649,100,99647,100,100656,100,99560,100
2019-06-28 09:57:02.656437833,100210,185,99966,100,100219,185,99952,185,100291,185,99951,185,100361,185,99944,185,100536,185,99936,185,100573,100,99924,185,100617,100,99905,100,100635,100,99899,100,100649,100,99827,100,100656,100,99647,100
2019-06-28 09:57:10.000000000,100210,245,99966,245,100219,241,99952,241,100291,241,99951,241,100361,100,99944,100,100536,100,99936,100,100573,100,99924,100,100617,100,99905,100,100635,100,99899,100,100649,100,99827,100,100656,100,99647,100
2019-06-28 09:57:15.890942965,100209,100,99966,245,100210,245,99952,241,100219,241,99951,241,100291,241,99944,100,100361,100,99924,100,100536,100,99905,100,100573,100,99899,100,100617,100,99827,100,100635,100,99647,100,100649,100,99560,100
2019-06-28 09:57:18.593651952,100209,100,99966,245,100210,245,99952,241,100219,241,99951,241,100291,141,99944,100,100361,100,99924,100,100536,100,99913,100,100573,100,99905,100,100617,100,99899,100,100635,100,99827,100,100649,100,99647,100
2019-06-28 09:57:20.000000000,100209,245,99966,245,100210,241,99952,241,100219,241,99951,241,100361,100,99944,100,100536,100,99924,100,100573,100,99913,100,100617,100,99905,100,100635,100,99899,100,100649,100,99827,100,100656,100,99647,100
2019-06-28 09:57:30.000000000,100209,185,99966,185,100210,185,99952,185,100219,185,99951,185,100361,185,99944,185,100536,185,99924,185,100573,100,99913,100,100617,100,99905,100,100635,100,99899,100,100649,100,99827,100,100656,100,99647,100
2019-06-28 09:57:30.110377867,100209,285,99966,185,100210,185,99952,185,100219,185,99951,185,100361,185,99944,185,100536,185,99924,185,100573,100,99913,100,100617,100,99905,100,100635,100,99899,100,100649,100,99827,100,100656,100,99647,100
2019-06-28 09:57:40.000000000,100209,306,99966,206,100210,206,99952,206,100219,206,99951,206,100361,206,99944,206,100536,100,99924,100,100573,100,99913,100,100617,100,99905,100,100635,100,99899,100,100649,100,99827,100,100656,100,99647,100
2019-06-28 09:57:50.000000000,100209,285,99966,185,100210,185,99952,185,100219,185,99951,185,100361,185,99944,185,100536,185,99924,185,100573,100,99913,100,100617,100,99905,100,100635,100,99899,100,100649,100,99827,100,100656,100,99647,100
2019-06-28 09:58:00.000000000,100209,345,99966,245,100210,241,99952,241,100219,241,99951,241,100361,100,99944,100,100536,100,99924,100,100573,100,99913,100,100617,100,99905,100,100635,100,99899,100,100649,100,99827,100,100656,100,99647,100
2019-06-28 09:58:00.192057453,100209,245,99966,345,100210,241,99952,241,100219,241,99951,241,100361,100,99944,100,100536,100,99924,100,100573,100,99913,100,100617,100,99905,100,100635,100,99899,100,100649,100,99827,100,100656,100,99647,100
2019-06-28 09:58:03.613783105,100209,245,99966,445,100210,241,99952,241,100219,241,99951,241,100361,100,99944,100,100536,100,99924,100,100573,100,99913,100,100617,100,99905,100,100635,100,99899,100,100649,100,99827,100,100656,100,99647,100
2019-06-28 09:58:10.000000000,100209,526,99966,726,100210,100,99952,100,100219,100,99951,100,100361,100,99944,100,100536,100,99924,100,100573,100,99913,100,100617,100,99905,100,100635,100,99899,100,100649,100,99827,100,100656,100,99647,100
2019-06-28 09:58:20.000000000,100209,185,99966,385,100210,185,99952,185,100219,185,99951,185,100361,185,99944,185,100536,185,99924,185,100573,100,99913,100,100617,100,99905,100,100635,100,99899,100,100649,100,99827,100,100656,100,99647,100
2019-06-28 09:58:30.000000000,100209,245,99966,445,100210,241,99952,241,100219,241,99951,241,100361,100,99944,100,100536,100,99924,100,100573,100,99913,100,100617,100,99905,100,100635,100,99899,100,100649,100,99827,100,100656,100,99647,100
2019-06-28 09:58:40.000000000,100209,206,99966,406,100210,206,99952,206,100219,206,99951,206,100361,206,99944,206,100536,100,99924,100,100573,100,99913,100,100617,100,99905,100,100635,100,99899,100,100649,100,99827,100,100656,100,99647,100
2019-06-28 09:58:41.446694498,100209,206,99966,406,100210,206,99952,206,100219,206,99951,206,100361,206,99944,206,100501,100,99924,100,100536,100,99913,100,100573,100,99905,100,100617,100,99899,100,100635,100,99827,100,100649,100,99647,100
2019-06-28 09:58:50.000000000,100209,185,99966,385,100210,185,99952,185,100219,185,99951,185,100361,185,99944,185,100501,185,99924,185,100536,100,99913,100,100573,100,99905,100,100617,100,99899,100,100635,100,99827,100,100649,100,99647,100
2019-06-28 09:59:00.000000000,100209,313,99966,513,100210,313,99952,313,100219,100,99951,100,100361,100,99944,100,100501,100,99924,100,100536,100,99913,100,100573,100,99905,100,100617,100,99899,100,100635,100,99827,100,100649,100,99647,100
2019-06-28 09:59:03.056696818,100209,313,99966,613,100210,313,99952,313,100219,100,99951,100,100361,100,99944,100,100501,100,99924,100,100536,100,99913,100,100573,100,99905,100,100617,100,99899,100,100635,100,99827,100,100649,100,99647,100
2019-06-28 09:59:06.166351656,100209,313,99966,613,100210,313,99952,313,100219,100,99951,100,100361,100,99944,100,100501,100,99924,100,100536,100,99913,100,100554,100,99905,100,100573,100,99899,100,100617,100,99827,100,100635,100,99647,100
2019-06-28 09:59:10.000000000,100209,313,99966,613,100210,313,99952,313,100219,100,99951,100,100361,100,99944,100,100501,100,99924,100,100536,100,99913,100,100554,100,99905,100,100573,100,99899,100,100617,100,99827,100,100635,100,99647,100
2019-06-28 09:59:20.000000000,100209,526,99966,826,100210,100,99952,100,100219,100,99951,100,100361,100,99944,100,100501,100,99924,100,100536,100,99913,100,100554,100,99905,100,100573,100,99899,100,100617,100,99827,100,100635,100,99647,100
2019-06-28 09:59:24.413940664,100209,426,99966,826,100210,100,99952,100,100219,100,99951,100,100361,100,99944,100,100501,100,99924,100,100536,100,99913,100,100554,100,99905,100,100573,100,99899,100,100617,100,99827,100,100635,100,99647,100
2019-06-28 09:59:30.000000000,100210,185,99966,485,100219,185,99952,185,100361,185,99951,185,100501,185,99944,185,100536,185,99924,185,100554,100,99913,100,100573,100,99905,100,100617,100,99899,100,100635,100,99827,100,100649,100,99647,100
2019-06-28 09:59:40.000000000,100210,185,99966,485,100219,185,99952,185,100361,185,99951,185,100501,185,99944,185,100536,185,99924,185,100554,100,99913,100,100573,100,99905,100,100617,100,99899,100,100635,100,99827,100,100649,100,99647,100
2019-06-28 09:59:41.821942357,100209,100,99966,485,100210,185,99952,185,100219,185,99951,185,100361,185,99944,185,100501,185,99924,185,100536,185,99913,100,100554,100,99905,100,100573,100,99899,100,100617,100,99827,100,100635,100,99647,100
2019-06-28 09:59:43.671121519,100209,100,99966,485,100210,185,99952,185,100219,185,99951,185,100232,100,99944,185,100361,185,99924,185,100501,185,99913,100,100536,185,99905,100,100573,100,99899,100,100617,100,99827,100,100635,100,99647,100
2019-06-28 09:59:50.000000000,100209,185,99966,485,100210,185,99952,185,100219,185,99951,185,100232,185,99944,185,100361,185,99924,185,100501,100,99913,100,100536,100,99905,100,100573,100,99899,100,100617,100,99827,100,100635,100,99647,100
2019-06-28 10:00:00.000000000,100209,206,99966,506,100210,206,99952,206,100219,206,99951,206,100232,206,99944,206,100361,100,99924,100,100501,100,99913,100,100536,100,99905,100,100573,100,99899,100,100617,100,99827,100,100635,100,99647,100
2019-06-28 10:00:10.000000000,100209,185,99966,485,100210,185,99952,185,100219,185,99951,185,100232,185,99944,185,100361,185,99924,185,100501,100,99913,100,100536,100,99905,100,100573,100,99899,100,100617,100,99827,100,100635,100,99647,100
2019-06-28 10:00:20.000000000,100209,206,99966,506,100210,206,99952,206,100219,206,99951,206,100232,206,99944,206,100361,100,99924,100,100501,100,99913,100,100536,100,99905,100,100573,100,99899,100,100617,100,99827,100,100635,100,99647,100
2019-06-28 10:00:30.000000000,100209,185,99966,485,100210,185,99952,185,100219,185,99951,185,100232,185,99944,185,100361,185,99924,185,100501,100,99913,100,100536,100,99905,100,100573,100,99899,100,100617,100,99827,100,100635,100,99647,100
2019-06-28 10:00:40.000000000,100209,526,99966,826,100210,100,99952,100,100219,100,99951,100,100232,100,99944,100,100361,100,99924,100,100501,100,99913,100,100536,100,99905,100,100573,100,99899,100,100617,100,99827,100,100635,100,99647,100
2019-06-28 10:00:50.000000000,100209,526,99966,826,100210,100,99952,100,100219,100,99951,100,100232,100,99944,100,100361,100,99924,100,100501,100,99913,100,100536,100,99905,100,100573,100,99899,100,100617,100,99827,100,100635,100,99647,100
2019-06-28 10:01:00.000000000,100209,245,99966,545,100210,241,99952,241,100219,241,99951,241,100232,100,99944,100,100361,100,99924,100,100501,100,99913,100,100536,100,99905,100,100573,100,99899,100,100617,100,99827,100,100635,100,99647,100
2019-06-28 10:01:10.000000000,100209,313,99966,613,100210,313,99952,313,100219,100,99951,100,100232,100,99944,100,100361,100,99924,100,100501,100,99913,100,100536,100,99905,100,100573,100,99899,100,100617,100,99827,100,100635,100,99647,100
2019-06-28 10:01:20.000000000,100209,245,99966,545,100210,241,99952,241,100219,241,99951,241,100232,100,99944,100,100361,100,99924,100,100501,100,99913,100,100536,100,99905,100,100573,100,99899,100,100617,100,99827,100,100635,100,99647,100
2019-06-28 10:01:27.491808114,100209,245,99966,645,100210,241,99952,241,100219,241,99951,241,100232,100,99944,100,100361,100,99924,100,100501,100,99913,100,100536,100,99905,100,100573,100,99899,100,100617,100,99827,100,100635,100,99647,100
2019-06-28 10:01:30.000000000,100209,206,99966,606,100210,206,99952,206,100219,206,99951,206,100232,206,99944,206,100361,100,99924,100,100501,100,99913,100,100536,100,99905,100,100573,100,99899,100,100617,100,99827,100,100635,100,99647,100
2019-06-28 10:01:30.637008023,100209,206,99966,706,100210,206,99952,206,100219,206,99951,206,100232,206,99944,206,100361,100,99924,100,100501,100,99913,100,100536,100,99905,100,100573,100,99899,100,100617,100,99827,100,100635,100,99647,100
2019-06-28 10:01:33.159410146,100209,306,99966,706,100210,206,99952,206,100219,206,99951,206,100232,206,99944,206,100361,100,99924,100,100501,100,99913,100,100536,100,99905,100,100573,100,99899,100,100617,100,99827,100,100635,100,99647,100
2019-06-28 10:01:38.189194379,100209,306,99966,706,100210,206,99952,206,100219,206,99951,206,100232,206,99944,206,100361,100,99924,100,100429,100,99913,100,100501,100,99905,100,100536,100,99899,100,100573,100,99827,100,100617,100,99647,100
2019-06-28 10:01:40.000000000,100209,626,99966,1026,100210,100,99952,100,100219,100,99951,100,100232,100,99944,100,100361,100,99924,100,100429,100,99913,100,100501,100,99905,100,100536,100,99899,100,100573,100,99827,100,100617,100,99647,100
2019-06-28 10:01:46.448691124,100209,626,99966,1026,100210,100,99952,100,100219,100,99951,100,100232,100,99944,100,100274,100,99924,100,100361,100,99913,100,100429,100,99905,100,100501,100,99899,100,100536,100,99827,100,100573,100,99647,100
2019-06-28 10:01:50.000000000,100209,413,99966,813,100210,313,99952,313,100219,100,99951,100,100232,100,99944,100,100274,100,99924,100,100361,100,99913,100,100429,100,99905,100,100501,100,99899,100,100536,100,99827,100,100573,100,99647,100
2019-06-28 10:01:51.235819283,100209,413,99966,813,100210,313,99952,313,100219,100,99951,100,100232,100,99944,100,100274,100,99924,100,100361,100,99913,100,100429,100,99905,100,100501,100,99899,100,100536,100,99827,100,100573,100,99647,100
2019-06-28 10:02:00.000000000,100209,345,99966,745,100210,241,99952,241,100219,241,99951,241,100232,100,99944,100,100274,100,99924,100,100361,100,99913,100,100429,100,99905,100,100501,100,99899,100,100536,100,99827,100,100573,100,99647,100
2019-06-28 10:02:02.727651159,100209,245,99966,745,100210,241,99952,241,100219,241,99951,241,100232,100,99944,100,100274,100,99924,100,100361,100,99913,100,100429,100,99905,100,100536,100,99899,100,100573,100,99827,100,100617,100,99647,100
2019-06-28 10:02:10.000000000,100209,185,99966,685,100210,185,99952,185,100219,185,99951,185,100232,185,99944,185,100274,185,99924,185,100361,100,99913,100,100429,100,99905,100,100536,100,99899,100,100573,100,99827,100,100617,100,99647,100
2019-06-28 10:02:14.657406716,100209,185,99966,685,100210,185,99952,185,100219,185,99951,185,100232,185,99944,185,100242,100,99924,185,100274,185,99913,100,100361,100,99905,100,100429,100,99899,100,100536,100,99827,100,100573,100,99647,100
2019-06-28 10:02:20.000000000,100209,206,99966,706,100210,206,99952,206,100219,206,99951,206,100232,206,99944,206,100242,100,99924,100,100274,100,99913,100,100361,100,99905,100,100429,100,99899,100,100536,100,99827,100,100573,100,99647,100
2019-06-28 10:02:30.000000000,100209,526,99966,1026,100210,100,99952,100,100219,100,99951,100,100232,100,99944,100,100242,100,99924,100,100274,100,99913,100,100361,100,99905,100,100429,100,99899,100,100536,100,99827,100,100573,100,99647,100
2019-06-28 10:02:31.466649876,100203,100,99966,1026,100209,526,99952,100,100210,100,99951,100,100219,100,99944,100,100232,100,99924,100,100242,100,99913,100,100274,100,99905,100,100361,100,99899,100,100429,100,99827,100,100536,100,99647,100
2019-06-28 10:02:40.000000000,100203,185,99966,685,100209,185,99952,185,100210,185,99951,185,100219,185,99944,185,100232,185,99924,185,100242,100,99913,100,100274,100,99905,100,100361,100,99899,100,100429,100,99827,100,100536,100,99647,100
2019-06-28 10:02:50.000000000,100203,245,99966,745,100209,241,99952,241,100210,241,99951,241,100219,100,99944,100,100232,100,99924,100,100242,100,99913,100,100274,100,99905,100,100361,100,99899,100,100429,100,99827,100,100536,100,99647,100
2019-06-28 10:03:00.000000000,100203,185,99966,685,100209,185,99952,185,100210,185,99951,185,100219,185,99944,185,100232,185,99924,185,100242,100,99913,100,100274,100,99905,100,100361,100,99899,100,100429,100,99827,100,100536,100,99647,100
2019-06-28 10:03:10.000000000,100203,206,99966,706,100209,206,99952,206,100210,206,99951,206,100219,206,99944,206,100232,100,99924,100,100242,100,99913,100,100274,100,99905,100,100361,100,99899,100,100429,100,99827,100,100536,100,99647,100
2019-06-28 10:03:20.000000000,100203,245,99966,745,100209,241,99952,241,100210,241,99951,241,100219,100,99944,100,100232,100,99924,100,100242,100,99913,100,100274,100,99905,100,100361,100,99899,100,100429,100,99827,100,100536,100,99647,100
2019-06-28 10:03:23.739504256,100203,245,99966,745,100209,241,99952,241,100210,241,99951,241,100232,100,99944,100,100242,100,99924,100,100274,100,99913,100,100361,100,99905,100,100429,100,99899,100,100536,100,99827,100,100573,100,99647,100
2019-06-28 10:03:28.201250049,100203,145,99966,745,100209,241,99952,141,100210,241,99951,241,100232,100,99944,100,100242,100,99924,100,100274,100,99913,100,100361,100,99905,100,100429,100,99899,100,100536,100,99827,100,100573,100,99647,100
2019-06-28 10:03:30.000000000,100209,185,99966,685,100210,185,99951,185,100232,185,99944,185,100242,185,99924,185,100274,185,99913,185,100361,100,99905,100,100429,100,99899,100,100536,100,99827,100,100573,100,99647,100,100617,100,99560,100
2019-06-28 10:03:30.224776346,100209,85,99966,685,100210,185,99951,185,100232,185,99944,185,100242,185,99924,185,100274,185,99913,185,100361,100,99905,100,100429,100,99899,100,100536,100,99827,100,100573,100,99647,100,100617,100,99560,100
2019-06-28 10:03:40.000000000,100210,206,99966,706,100232,206,99951,206,100242,206,99944,206,100274,206,99924,206,100361,100,99913,100,100429,100,99905,100,100536,100,99899,100,100573,100,99827,100,100617,100,99647,100,100635,100,99560,100
2019-06-28 10:03:40.855544424,100210,206,99966,706,100232,206,99951,206,100242,206,99944,206,100274,206,99924,206,100361,100,99913,100,100429,100,99905,100,100536,100,99899,100,100573,100,99647,100,100617,100,99560,100,100635,100,,
2019-06-28 10:03:43.077644163,100210,206,99966,706,100232,206,99951,206,100242,206,99944,206,100274,206,99924,206,100361,100,99913,100,100429,100,99905,100,100536,100,99899,100,100617,100,99647,100,100635,100,99560,100,100649,100,,
2019-06-28 10:03:50.000000000,100210,526,99966,1026,100232,100,99951,100,100242,100,99944,100,100274,100,99924,100,100361,100,99913,100,100429,100,99905,100,100536,100,99899,100,100617,100,99647,100,100635,100,99560,100,100649,100,,
2019-06-28 10:03:53.264749893,100210,426,99966,1026,100232,100,99951,100,100242,100,99944,100,100274,100,99924,100,100361,100,99913,100,100429,100,99905,100,100536,100,99899,100,100617,100,99647,100,100635,100,99560,100,100649,100,,
2019-06-28 10:03:53.558897097,100210,326,99966,1026,100232,100,99951,100,100242,100,99944,100,100274,100,99913,100,100361,100,99905,100,100429,100,99899,100,100536,100,99647,100,100617,100,99560,100,100635,100,,,100649,100,,
2019-06-28 10:03:55.793448962,100210,226,99966,1026,100232,100,99951,100,100242,100,99944,100,100274,100,99913,100,100361,100,99905,100,100429,100,99899,100,100536,100,99647,100,100617,100,99560,100,100635,100,,,100649,100,,
2019-06-28 10:04:00.000000000,100232,206,99966,706,100242,206,99951,206,100274,206,99944,206,100361,206,99913,206,100429,100,99905,100,100536,100,99899,100,100617,100,99647,100,100635,100,99560,100,100649,100,,,100656,100,,
2019-06-28 10:04:09.541769617,100232,206,99966,706,100242,206,99951,206,100274,206,99944,206,100361,206,99913,206,100429,100,99905,100,100536,100,99899,100,100617,100,99647,100,100635,100,99560,100,100649,100,,,100656,100,,
2019-06-28 10:04:10.000000000,100232,185,99966,685,100242,185,99951,185,100274,185,99944,185,100361,185,99913,185,100429,185,99905,185,100536,100,99899,100,100617,100,99647,100,100635,100,99560,100,100649,100,,,100656,100,,
2019-06-28 10:04:20.000000000,100232,185,99966,685,100242,185,99951,185,100274,185,99944,185,100361,185,99913,185,100429,185,99905,185,100536,100,99899,100,100617,100,99647,100,100635,100,99560,100,100649,100,,,100656,100,,
2019-06-28 10:04:30.000000000,100232,206,99966,706,100242,206,99951,206,100274,206,99944,206,100361,206,99913,206,100429,100,99905,100,100536,100,99899,100,100617,100,99647,100,100635,100,99560,100,100649,100,,,100656,100,,
2019-06-28 10:04:39.016862521,100232,206,99966,706,100242,206,99951,206,100274,206,99944,206,100361,206,99913,206,100429,100,99905,100,100536,100,99899,100,100617,100,99647,100,100635,100,99560,100,100649,100,,,100656,100,,
2019-06-28 10:04:40.000000000,100232,185,99966,685,100242,185,99951,185,100274,185,99944,185,100361,185,99913,185,100429,185,99905,185,100536,100,99899,100,100617,100,99647,100,100635,100,99560,100,100649,100,,,100656,100,,
2019-06-28 10:04:50.000000000,100232,206,99966,706,100242,206,99951,206,100274,206,99944,206,100361,206,99913,206,100429,100,99905,100,100536,100,99899,100,100617,100,99647,100,100635,100,99560,100,100649,100,,,100656,100,,
2019-06-28 10:04:54.432831047,100232,206,100210,100,100242,206,99966,706,100274,206,99951,206,100361,206,99944,206,100429,100,99913,206,100536,100,99905,100,100617,100,99899,100,100635,100,99647,100,100649,100,99560,100,100656,100,,
2019-06-28 10:04:55.939235260,100232,106,100210,100,100242,206,99966,706,100274,206,99951,206,100361,206,99944,206,100429,100,99913,206,100536,100,99905,100,100617,100,99899,100,100635,100,99647,100,100649,100,99560,100,100656,100,,
2019-06-28 10:05:00.000000000,100242,206,100210,206,100274,206,99966,706,100361,206,99951,206,100429,206,99944,206,100536,100,99913,100,100617,100,99905,100,100635,100,99899,100,100649,100,99647,100,100656,100,99560,100,100669,100,,
2019-06-28 10:05:00.028075636,100242,206,100211,100,100274,206,100210,206,100361,206,99966,706,100429,206,99951,206,100536,100,99944,206,100617,100,99913,100,100635,100,99905,100,100649,100,99899,100,100656,100,99647,100,100669,100,99560,100
2019-06-28 10:05:06.360262370,100242,206,100211,100,100274,206,100210,206,100361,206,99966,706,100429,206,99951,206,100536,100,99944,206,100617,100,99913,100,100635,100,99905,100,100649,100,99899,100,100656,100,99647,100,100669,100,99560,100
2019-06-28 10:05:10.000000000,100242,245,100211,245,100274,241,100210,241,100361,241,99966,741,100429,100,99951,100,100536,100,99944,100,100617,100,99913,100,100635,100,99905,100,100649,100,99899,100,100656,100,99647,100,100669,100,99560,100
2019-06-28 10:05:19.666500390,100242,145,100211,245,100274,241,100210,241,100361,241,99966,741,100429,100,99951,100,100536,100,99944,100,100617,100,99913,100,100635,100,99905,100,100649,100,99899,100,100656,100,99647,100,100669,100,99560,100
2019-06-28 10:05:20.000000000,100274,313,100211,313,100361,313,100210,313,100429,100,99966,600,100536,100,99951,100,100617,100,99944,100,100635,100,99913,100,100649,100,99905,100,100656,100,99899,100,100669,100,99647,100,100854,100,99560,100
2019-06-28 10:05:30.000000000,100274,245,100211,245,100361,241,100210,241,100429,241,99966,741,100536,100,99951,100,100617,100,99944,100,100635,100,99913,100,100649,100,99905,100,100656,100,99899,100,100669,100,99647,100,100854,100,99560,100
2019-06-28 10:05:40.000000000,100274,245,100211,245,100361,241,100210,241,100429,241,99966,741,100536,100,99951,100,100617,100,99944,100,100635,100,99913,100,100649,100,99905,100,100656,100,99899,100,100669,100,99647,100,100854,100,99560,100
2019-06-28 10:05:43.832560748,100274,245,100232,100,100361,241,100211,245,100429,241,100210,241,100536,100,99966,741,100617,100,99951,100,100635,100,99944,100,100649,100,99913,100,100656,100,99905,100,100669,100,99899,100,100854,100,99647,100
2019-06-28 10:05:50.000000000,100274,245,100232,245,100361,241,100211,241,100429,241,100210,241,100536,100,99966,600,100617,100,99951,100,100635,100,99944,100,100649,100,99913,100,100656,100,99905,100,100669,100,99899,100,100854,100,99647,100
2019-06-28 10:06:00.000000000,100274,313,100232,313,100361,313,100211,313,100429,100,100210,100,100536,100,99966,600,100617,100,99951,100,100635,100,99944,100,100649,100,99913,100,100656,100,99905,100,100669,100,99899,100,100854,100,99647,100
2019-06-28 10:06:08.922278914,100274,313,100232,313,100361,313,100211,313,100429,100,100210,100,100536,100,99966,600,100617,100,99951,100,100635,100,99944,100,100649,100,99913,100,100656,100,99905,100,100669,100,99899,100,100854,100,99647,100
2019-06-28 10:06:10.000000000,100274,245,100232,245,100361,241,100211,241,100429,241,100210,241,100536,100,99966,600,100617,100,99951,100,100635,100,99944,100,100649,100,99913,100,100656,100,99905,100,100669,100,99899,100,100854,100,99647,100
2019-06-28 10:06:20.000000000,100274,245,100232,245,100361,241,100211,241,100429,241,100210,241,100536,100,99966,600,100617,100,99951,100,100635,100,99944,100,100649,100,99913,100,100656,100,99905,100,100669,100,99899,100,100854,100,99647,100
2019-06-28 10:06:30.000000000,100274,245,100232,245,100361,241,100211,241,100429,241,100210,241,100536,100,99966,600,100617,100,99951,100,100635,100,99944,100,100649,100,99913,100,100656,100,99905,100,100669,100,99899,100,100854,100,99647,100
2019-06-28 10:06:40.000000000,100274,185,100232,185,100361,185,100211,185,100429,185,100210,185,100536,185,99966,685,100617,185,99951,185,100635,100,99944,100,100649,100,99913,100,100656,100,99905,100,100669,100,99899,100,100854,100,99647,100
2019-06-28 10:06:42.594060098,100274,85,100232,185,100361,185,100211,185,100429,185,100210,185,100536,185,99966,685,100617,185,99951,185,100635,100,99944,100,100649,100,99913,100,100656,100,99905,100,100669,100,99647,100,100854,100,99560,100
2019-06-28 10:06:46.027513774,100361,185,100274,15,100429,185,100232,185,100536,185,100211,185,100617,185,100210,185,100635,100,99966,685,100649,100,99951,185,100656,100,99944,100,100669,100,99913,100,100854,100,99905,100,100915,100,99647,100
2019-06-28 10:06:48.775568284,100361,185,100274,15,100429,185,100232,185,100536,185,100211,185,100594,100,100210,185,100617,185,99966,685,100635,100,99951,185,100649,100,99944,100,100656,100,99913,100,100669,100,99905,100,100854,100,99647,100
2019-06-28 10:06:50.000000000,100361,526,100274,441,100429,100,100232,100,100536,100,100211,100,100594,100,100210,100,100617,100,99966,600,100635,100,99951,100,100649,100,99944,100,100656,100,99913,100,100669,100,99905,100,100854,100,99647,100
2019-06-28 10:06:54.369792966,100361,426,100274,441,100429,100,100232,100,100536,100,100211,100,100594,100,100210,100,100617,100,99966,600,100635,100,99951,100,100649,100,99944,100,100656,100,99913,100,100669,100,99905,100,100854,100,99647,100
2019-06-28 10:06:56.115700025,100361,426,100274,441,100429,100,100232,100,100536,100,100211,100,100594,100,100210,100,100617,100,99966,600,100635,100,99951,100,100649,100,99944,100,100656,100,99913,100,100669,100,99905,100,100812,100,99647,100
2019-06-28 10:07:00.000000000,100429,206,100274,121,100536,206,100232,206,100594,206,100211,206,100617,206,100210,206,100635,100,99966,600,100649,100,99951,100,100656,100,99944,100,100669,100,99913,100,100812,100,99905,100,100854,100,99647,100
2019-06-28 10:07:10.000000000,100429,185,100274,100,100536,185,100232,185,100594,185,100211,185,100617,185,100210,185,100635,185,99966,685,100649,100,99951,100,100656,100,99944,100,100669,100,99913,100,100812,100,99905,100,100854,100,99647,100
2019-06-28 10:07:17.708618115,100429,85,100274,100,100536,185,100232,185,100594,185,100211,185,100617,185,100210,185,100635,185,99966,685,100649,100,99951,100,100656,100,99944,100,100669,100,99913,100,100812,100,99905,100,100854,100,99647,100
2019-06-28 10:07:20.000000000,100536,206,100274,121,100594,206,100232,206,100617,206,100211,206,100635,206,100210,206,100649,100,99966,600,100656,100,99951,100,100669,100,99944,100,100812,100,99913,100,100854,100,99905,100,100915,100,99647,100
2019-06-28 10:07:30.000000000,100536,313,100274,228,100594,313,100232,313,100617,100,100211,100,100635,100,100210,100,100649,100,99966,600,100656,100,99951,100,100669,100,99944,100,100812,100,99913,100,100854,100,99905,100,100915,100,99647,100
2019-06-28 10:07:40.000000000,100536,185,100274,100,100594,185,100232,185,100617,185,100211,185,100635,185,100210,185,100649,185,99966,685,100656,100,99951,100,100669,100,99944,100,100812,100,99913,100,100854,100,99905,100,100915,100,99647,100
