,ask_price_1,ask_size_1,bid_price_1,bid_size_1,ask_price_2,ask_size_2,bid_price_2,bid_size_2,ask_price_3,ask_size_3,bid_price_3,bid_size_3,ask_price_4,ask_size_4,bid_price_4,bid_size_4,ask_price_5,ask_size_5,bid_price_5,bid_size_5,ask_price_6,ask_size_6,bid_price_6,bid_size_6,ask_price_7,ask_size_7,bid_price_7,bid_size_7,ask_price_8,ask_size_8,bid_price_8,bid_size_8,ask_price_9,ask_size_9,bid_price_9,bid_size_9,ask_price_10,ask_size_10,bid_price_10,bid_size_10
2019-06-28 09:30:00.000000001,99969,100,,,,,,,,,,,,,,,,,,,,,,,,,,,,,,,,,,,,,,
2019-06-28 09:30:00.000000003,99969,100,,,100036,100,,,,,,,,,,,,,,,,,,,,,,,,,,,,,,,,,,
2019-06-28 09:30:00.000000006,100036,100,,,,,,,,,,,,,,,,,,,,,,,,,,,,,,,,,,,,,,
2019-06-28 09:30:00.000000007,100036,100,,,100095,100,,,,,,,,,,,,,,,,,,,,,,,,,,,,,,,,,,
2019-06-28 09:30:00.000000008,100036,100,99789,100,100095,100,,,,,,,,,,,,,,,,,,,,,,,,,,,,,,,,,,
2019-06-28 09:30:00.000000011,100036,100,99789,100,100039,100,,,100095,100,,,,,,,,,,,,,,,,,,,,,,,,,,,,,,
2019-06-28 09:30:00.000000018,99994,100,99901,100,100036,100,99789,100,100039,100,,,100095,100,,,,,,,,,,,,,,,,,,,,,,,,,,
2019-06-28 09:30:00.000000019,100036,100,99901,100,100039,100,99789,100,100053,100,,,100095,100,,,,,,,,,,,,,,,,,,,,,,,,,,
2019-06-28 09:30:00.000000020,99994,100,99901,100,100036,100,99789,100,100039,100,,,100046,100,,,100053,100,,,100095,100,,,,,,,,,,,,,,,,,,
2019-06-28 09:30:00.000000021,99994,100,99969,100,100036,100,99901,100,100039,100,99789,100,100046,100,,,100053,100,,,100095,100,,,,,,,,,,,,,,,,,,
2019-06-28 09:30:00.000000022,99994,100,99969,100,100036,100,99901,100,100039,100,99789,100,100046,100,,,100053,100,,,100076,100,,,100095,100,,,,,,,,,,,,,,
2019-06-28 09:30:00.000000023,99994,100,99969,100,100036,100,99901,100,100039,100,99846,100,100046,100,99789,100,100053,100,,,100076,100,,,100095,100,,,,,,,,,,,,,,
2019-06-28 09:30:00.000000026,99994,100,99981,100,100036,100,99969,100,100039,100,99901,100,100046,100,99846,100,100050,100,99789,100,100053,100,,,100076,100,,,100095,100,,,,,,,,,,
2019-06-28 09:30:00.000000027,100036,100,99981,100,100039,100,99969,100,100046,100,99901,100,100050,100,99846,100,100053,100,99789,100,100076,100,,,100095,100,,,,,,,,,,,,,,
2019-06-28 09:30:00.000000031,100036,100,99986,100,100039,100,99981,100,100046,100,99969,100,100050,100,99901,100,100053,100,99846,100,100076,100,99789,100,100095,100,,,,,,,,,,,,,,
2019-06-28 09:30:00.000000033,100028,100,99986,100,100036,100,99981,100,100039,100,99969,100,100046,100,99901,100,100050,100,99846,100,100053,100,99804,100,100076,100,99789,100,100095,100,,,,,,,,,,
2019-06-28 09:30:00.000000034,100028,100,99986,100,100036,100,99981,100,100039,100,99969,100,100046,100,99937,100,100050,100,99901,100,100053,100,99846,100,100076,100,99804,100,100095,100,99789,100,,,,,,,,
2019-06-28 09:30:00.000000038,100028,100,99981,100,100036,100,99969,100,100039,100,99937,100,100046,100,99901,100,100050,100,99846,100,100053,100,99804,100,100076,100,99789,100,100095,100,,,,,,,,,,
2019-06-28 09:30:00.000000039,100028,100,99981,100,100036,100,99969,100,100039,100,99937,100,100046,100,99901,100,100050,100,99846,100,100053,100,99838,100,100076,100,99804,100,100095,100,99789,100,100144,100,,,,,,
2019-06-28 09:30:00.000000046,100028,100,99981,100,100036,100,99969,100,100039,100,99948,100,100046,100,99937,100,100050,100,99901,100,100053,100,99846,100,100076,100,99838,100,100095,100,99804,100,100144,100,99789,100,,,,
2019-06-28 09:30:00.000000047,100028,100,99981,100,100036,100,99969,100,100039,200,99949,100,100046,100,99948,100,100050,100,99937,100,100053,100,99901,100,100076,100,99846,100,100095,100,99838,100,100144,100,99804,100,,,99789,100
2019-06-28 09:30:00.000000050,100028,100,99986,100,100036,100,99982,100,100039,200,99981,100,100046,100,99969,100,100050,100,99949,100,100053,100,99948,100,100076,100,99937,100,100095,100,99901,100,100144,100,99846,100,,,99838,100
2019-06-28 09:30:00.000000051,100028,100,99986,200,100036,100,99982,100,100039,200,99981,100,100046,100,99969,100,100050,100,99949,100,100053,100,99948,100,100076,100,99937,100,100095,100,99901,100,100144,100,99846,100,,,99838,100
2019-06-28 09:30:00.000000052,100028,100,99986,200,100036,100,99982,100,100039,200,99981,100,100043,100,99969,100,100046,100,99949,100,100050,100,99948,100,100053,100,99937,100,100076,100,99901,100,100095,100,99846,100,100144,100,99838,100
2019-06-28 09:30:00.000000054,100028,100,99986,200,100036,100,99982,100,100039,200,99981,100,100043,100,99969,100,100046,100,99949,100,100050,100,99948,100,100053,100,99937,100,100076,100,99902,100,100095,100,99901,100,100144,100,99846,100
2019-06-28 09:30:00.000000056,100028,100,99986,200,100036,100,99982,100,100039,200,99981,100,100043,100,99969,100,100046,100,99949,100,100050,100,99948,100,100053,100,99937,100,100055,100,99902,100,100076,100,99901,100,100095,100,99846,100
2019-06-28 09:30:00.000000058,100028,100,99986,200,100036,100,99982,100,100039,200,99981,100,100043,100,99969,100,100046,100,99949,100,100050,100,99948,100,100053,100,99937,100,100055,100,99902,100,100076,100,99901,100,100095,100,99846,100
2019-06-28 09:30:00.000000059,100028,100,99986,200,100036,100,99982,100,100039,200,99981,100,100043,100,99969,100,100046,100,99949,100,100050,100,99948,100,100053,100,99937,100,100055,100,99902,100,100076,100,99901,100,100085,100,99846,100
2019-06-28 09:30:00.000000060,100028,100,99986,200,100036,100,99982,100,100039,300,99981,100,100043,100,99969,100,100046,100,99949,100,100050,100,99948,100,100053,100,99937,100,100055,100,99902,100,100076,100,99901,100,100085,100,99898,100
2019-06-28 09:30:00.000000061,100028,100,99986,200,100036,100,99982,100,100039,400,99981,100,100043,100,99969,100,100046,100,99949,100,100050,100,99948,100,100053,100,99937,100,100055,100,99902,100,100076,100,99901,100,100085,200,99898,100
2019-06-28 09:30:00.000000062,100028,100,99986,300,100036,100,99982,100,100039,400,99981,100,100043,100,99969,100,100046,100,99949,100,100050,100,99948,100,100053,100,99937,100,100055,100,99936,100,100076,100,99902,100,100085,200,99901,100
2019-06-28 09:30:00.000000067,100028,100,99986,300,100036,100,99982,100,100039,400,99981,100,100043,100,99969,100,100046,100,99949,100,100050,100,99948,100,100053,100,99937,100,100055,100,99936,100,100076,100,99902,100,100085,200,99901,100
2019-06-28 09:30:00.000000068,100028,100,99996,100,100036,100,99986,300,100039,400,99982,100,100043,100,99981,100,100046,100,99969,100,100050,100,99949,100,100053,100,99948,100,100055,100,99937,100,100076,100,99936,100,100085,200,99902,100
2019-06-28 09:30:00.000000072,100028,100,99996,100,100036,100,99986,300,100039,400,99982,100,100043,100,99981,100,100046,100,99975,100,100050,100,99969,100,100053,100,99949,100,100055,100,99948,100,100076,100,99937,100,100085,200,99936,100
2019-06-28 09:30:00.000000074,100028,100,99996,100,100036,100,99986,300,100039,400,99982,100,100043,100,99981,100,100046,100,99975,100,100050,100,99969,100,100053,100,99949,100,100055,100,99948,100,100076,200,99937,100,100085,200,99936,100
2019-06-28 09:30:00.000000075,100036,100,99996,100,100039,400,99986,300,100043,100,99982,100,100046,100,99981,100,100050,100,99975,100,100053,100,99969,100,100055,100,99949,100,100076,200,99948,100,100085,200,99937,100,100095,100,99936,100
2019-06-28 09:30:00.000000077,100036,100,99996,100,100039,400,99995,100,100043,100,99986,300,100046,100,99982,100,100050,100,99981,100,100053,100,99975,100,100055,100,99969,100,100076,200,99949,100,100085,200,99948,100,100095,100,99937,100
2019-06-28 09:30:00.000000078,100026,100,99996,100,100029,100,99995,100,100036,100,99986,300,100039,400,99982,100,100043,100,99981,100,100046,100,99975,100,100050,100,99969,100,100053,100,99949,100,100055,100,99948,100,100076,200,99937,100
2019-06-28 09:30:00.000000086,100026,100,99996,100,100029,100,99995,100,100036,100,99987,100,100039,400,99986,300,100043,100,99982,100,100046,100,99981,100,100050,100,99975,100,100053,100,99969,100,100055,100,99949,100,100076,200,99948,100
2019-06-28 09:30:00.000000087,100026,100,99996,100,100029,100,99995,100,100036,100,99992,100,100039,400,99987,100,100043,100,99986,300,100046,100,99982,100,100050,100,99981,100,100053,100,99975,100,100055,100,99969,100,100076,200,99949,100
2019-06-28 09:30:00.000000091,100026,100,99996,100,100029,100,99995,100,100036,100,99992,100,100039,400,99987,100,100043,100,99986,300,100046,100,99982,100,100050,100,99981,100,100053,100,99975,100,100055,100,99969,100,100059,100,99949,100
2019-06-28 09:30:00.000000094,100026,100,99997,100,100029,100,99996,100,100036,100,99995,100,100039,400,99992,100,100043,100,99987,100,100046,100,99986,300,100050,100,99982,100,100053,100,99981,100,100055,100,99975,100,100059,100,99969,100
2019-06-28 09:30:00.000000095,100026,100,99997,100,100029,100,99996,100,100036,100,99995,100,100039,400,99992,100,100043,100,99987,100,100046,100,99986,300,100050,100,99982,100,100053,100,99981,100,100055,100,99975,100,100059,100,99969,100
2019-06-28 09:30:00.000000099,100026,100,99997,100,100029,100,99996,100,100036,100,99995,100,100039,400,99992,100,100043,100,99987,100,100046,100,99986,300,100050,100,99982,100,100053,100,99981,100,100055,100,99975,100,100059,100,99969,100
2019-06-28 09:30:10.000000000,100026,186,99997,186,100029,186,99996,186,100036,186,99995,186,100039,486,99992,186,100043,100,99987,100,100046,100,99986,300,100050,100,99982,100,100053,100,99981,100,100055,100,99975,100,100059,100,99969,100
2019-06-28 09:30:14.746761946,100026,186,99997,286,100029,186,99996,186,100036,186,99995,186,100039,386,99992,186,100043,100,99987,100,100046,100,99986,300,100050,100,99982,100,100053,100,99981,100,100055,100,99975,100,100059,100,99969,100
2019-06-28 09:30:20.000000000,100026,186,99997,286,100029,186,99996,186,100036,186,99995,186,100039,386,99992,186,100043,100,99987,100,100046,100,99986,300,100050,100,99982,100,100053,100,99981,100,100055,100,99975,100,100059,100,99969,100
2019-06-28 09:30:30.000000000,100026,271,99997,371,100029,271,99996,271,100036,100,99995,100,100039,300,99992,100,100043,100,99987,100,100046,100,99986,300,100050,100,99982,100,100053,100,99981,100,100055,100,99975,100,100059,100,99969,100
2019-06-28 09:30:34.218509358,100026,271,99997,371,100029,171,99996,271,100036,100,99995,100,100039,300,99992,100,100043,100,99987,100,100046,100,99986,300,100050,100,99982,100,100053,100,99981,100,100055,100,99975,100,100059,100,99969,100
2019-06-28 09:30:40.000000000,100026,271,99997,371,100036,271,99996,271,100039,300,99995,100,100043,100,99992,100,100046,100,99987,100,100050,100,99986,300,100053,100,99982,100,100055,100,99981,100,100059,100,99975,100,100069,100,99969,100
2019-06-28 09:30:50.000000000,100026,216,99997,316,100036,213,99996,213,100039,413,99995,213,100043,100,99992,100,100046,100,99987,100,100050,100,99986,300,100053,100,99982,100,100055,100,99981,100,100059,100,99975,100,100069,100,99969,100
2019-06-28 09:30:52.896048356,100026,116,99997,316,100036,213,99996,213,100039,313,99995,213,100043,100,99992,100,100046,100,99987,100,100050,100,99986,300,100053,100,99982,100,100055,100,99981,100,100059,100,99975,100,100069,100,99969,100
2019-06-28 09:31:00.000000000,100036,168,99997,268,100039,268,99996,168,100043,168,99995,168,100046,168,99992,168,100050,168,99987,168,100053,100,99986,300,100055,100,99982,100,100059,100,99981,100,100069,100,99975,100,100076,200,99969,100
2019-06-28 09:31:02.861052775,100036,168,99997,268,100039,268,99996,168,100043,168,99995,168,100046,168,99992,168,100050,168,99987,168,100053,100,99986,300,100055,100,99982,100,100059,100,99981,100,100069,100,99975,100,100076,200,99969,100
2019-06-28 09:31:10.000000000,100036,216,99997,316,100039,313,99996,213,100043,213,99995,213,100046,100,99992,100,100050,100,99987,100,100053,100,99986,300,100055,100,99982,100,100059,100,99981,100,100069,100,99975,100,100076,200,99969,100
2019-06-28 09:31:19.259815505,100036,216,99997,216,100039,313,99996,213,100043,213,99995,213,100046,100,99992,100,100050,100,99987,100,100053,100,99986,300,100055,100,99982,100,100059,100,99981,100,100069,100,99975,100,100076,200,99969,100
2019-06-28 09:31:20.000000000,100036,271,99997,271,100039,371,99996,271,100043,100,99995,100,100046,100,99992,100,100050,100,99987,100,100053,100,99986,300,100055,100,99982,100,100059,100,99981,100,100069,100,99975,100,100076,200,99969,100
2019-06-28 09:31:30.000000000,100036,271,99997,271,100039,371,99996,271,100043,100,99995,100,100046,100,99992,100,100050,100,99987,100,100053,100,99986,300,100055,100,99982,100,100059,100,99981,100,100069,100,99975,100,100076,200,99969,100
2019-06-28 09:31:40.000000000,100036,186,99997,186,100039,286,99996,186,100043,186,99995,186,100046,186,99992,186,100050,100,99987,100,100053,100,99986,300,100055,100,99982,100,100059,100,99981,100,100069,100,99975,100,100076,200,99969,100
2019-06-28 09:31:50.000000000,100036,442,99997,442,100039,200,99996,100,100043,100,99995,100,100046,100,99992,100,100050,100,99987,100,100053,100,99986,300,100055,100,99982,100,100059,100,99981,100,100069,100,99975,100,100076,200,99969,100
2019-06-28 09:32:00.000000000,100036,186,99997,186,100039,286,99996,186,100043,186,99995,186,100046,186,99992,186,100050,100,99987,100,100053,100,99986,300,100055,100,99982,100,100059,100,99981,100,100069,100,99975,100,100076,200,99969,100
2019-06-28 09:32:08.131052161,100036,186,99997,186,100039,286,99996,186,100043,186,99995,186,100046,186,99992,186,100050,100,99987,100,100053,100,99986,300,100055,100,99982,100,100059,100,99981,100,100069,100,99975,100,100076,200,99969,100
2019-06-28 09:32:10.000000000,100036,271,99997,271,100039,371,99996,271,100043,100,99995,100,100046,100,99992,100,100050,100,99987,100,100053,100,99986,300,100055,100,99982,100,100059,100,99981,100,100069,100,99975,100,100076,200,99969,100
2019-06-28 09:32:20.000000000,100036,442,99997,442,100039,200,99996,100,100043,100,99995,100,100046,100,99992,100,100050,100,99987,100,100053,100,99986,300,100055,100,99982,100,100059,100,99981,100,100069,100,99975,100,100076,200,99969,100
2019-06-28 09:32:30.000000000,100036,271,99997,271,100039,371,99996,271,100043,100,99995,100,100046,100,99992,100,100050,100,99987,100,100053,100,99986,300,100055,100,99982,100,100059,100,99981,100,100069,100,99975,100,100076,200,99969,100
2019-06-28 09:32:40.000000000,100036,186,99997,186,100039,286,99996,186,100043,186,99995,186,100046,186,99992,186,100050,100,99987,100,100053,100,99986,300,100055,100,99982,100,100059,100,99981,100,100069,100,99975,100,100076,200,99969,100
2019-06-28 09:32:42.148584306,100036,186,99997,86,100039,286,99996,186,100043,186,99995,186,100046,186,99992,186,100050,100,99987,100,100053,100,99986,300,100055,100,99982,100,100059,100,99981,100,100069,100,99975,100,100076,200,99969,100
2019-06-28 09:32:50.000000000,100036,271,99996,271,100039,371,99995,271,100043,100,99992,100,100046,100,99987,100,100050,100,99986,300,100053,100,99982,100,100055,100,99981,100,100059,100,99975,100,100069,100,99969,100,100076,200,99949,100
2019-06-28 09:32:54.247573588,100036,271,99996,171,100039,371,99995,271,100043,100,99992,100,100046,100,99987,100,100050,100,99986,300,100053,100,99982,100,100055,100,99981,100,100059,100,99975,100,100069,100,99969,100,100076,200,99949,100
2019-06-28 09:32:58.748111588,100036,271,99996,171,100039,371,99995,271,100043,100,99992,100,100046,100,99987,100,100050,100,99986,300,100053,100,99982,100,100055,100,99981,100,100059,100,99975,100,100069,100,99969,100,100076,200,99949,100
2019-06-28 09:33:00.000000000,100036,442,99995,442,100039,200,99992,100,100043,100,99987,100,100046,100,99986,300,100050,100,99982,100,100053,100,99981,100,100055,100,99975,100,100059,100,99969,100,100069,100,99949,100,100076,200,99948,100
2019-06-28 09:33:10.000000000,100036,216,99995,216,100039,313,99992,213,100043,213,99987,213,100046,100,99986,300,100050,100,99982,100,100053,100,99981,100,100055,100,99975,100,100059,100,99969,100,100069,100,99949,100,100076,200,99948,100
2019-06-28 09:33:20.000000000,100036,186,99995,186,100039,286,99992,186,100043,186,99987,186,100046,186,99986,386,100050,100,99982,100,100053,100,99981,100,100055,100,99975,100,100059,100,99969,100,100069,100,99949,100,100076,200,99948,100
2019-06-28 09:33:23.869920450,99997,100,99995,186,100036,186,99992,186,100039,286,99987,186,100043,186,99986,386,100046,186,99982,100,100050,100,99981,100,100053,100,99975,100,100055,100,99969,100,100059,100,99949,100,100069,100,99948,100
2019-06-28 09:33:30.000000000,99997,186,99995,186,100036,186,99992,186,100039,286,99987,186,100043,186,99986,386,100046,100,99982,100,100050,100,99981,100,100053,100,99975,100,100055,100,99969,100,100059,100,99949,100,100069,100,99948,100
2019-06-28 09:33:40.000000000,99997,168,99995,168,100036,168,99992,168,100039,268,99987,168,100043,168,99986,368,100046,168,99982,168,100050,100,99981,100,100053,100,99975,100,100055,100,99969,100,100059,100,99949,100,100069,100,99948,100
2019-06-28 09:33:50.000000000,99997,186,99995,186,100036,186,99992,186,100039,286,99987,186,100043,186,99986,386,100046,100,99982,100,100050,100,99981,100,100053,100,99975,100,100055,100,99969,100,100059,100,99949,100,100069,100,99948,100
2019-06-28 09:34:00.000000000,99997,271,99995,271,100036,271,99992,271,100039,200,99987,100,100043,100,99986,300,100046,100,99982,100,100050,100,99981,100,100053,100,99975,100,100055,100,99969,100,100059,100,99949,100,100069,100,99948,100
2019-06-28 09:34:05.367891718,99997,271,99995,171,100036,271,99992,271,100039,200,99987,100,100043,100,99986,300,100046,100,99982,100,100050,100,99981,100,100053,100,99975,100,100055,100,99969,100,100059,100,99949,100,100069,100,99948,100
2019-06-28 09:34:10.000000000,99997,186,99992,186,100036,186,99987,186,100039,286,99986,386,100043,186,99982,186,100046,100,99981,100,100050,100,99975,100,100053,100,99969,100,100055,100,99949,100,100059,100,99948,100,100069,100,99937,100
2019-06-28 09:34:15.380809218,99997,186,99992,186,100036,186,99987,186,100039,286,99986,386,100043,186,99982,186,100046,100,99981,100,100050,100,99975,100,100053,100,99969,100,100059,100,99949,100,100069,100,99948,100,100076,200,99937,100
2019-06-28 09:34:18.393567323,99997,186,99992,86,100036,186,99987,186,100039,286,99986,386,100043,186,99982,186,100046,100,99981,100,100050,100,99975,100,100053,100,99969,100,100059,100,99949,100,100069,100,99948,100,100076,200,99937,100
2019-06-28 09:34:20.000000000,99997,168,99987,168,100036,168,99986,368,100039,268,99982,168,100043,168,99981,168,100046,168,99975,168,100050,100,99969,100,100053,100,99949,100,100059,100,99948,100,100069,100,99937,100,100076,200,99908,100
2019-06-28 09:34:25.806801139,99997,168,99987,68,100036,168,99986,368,100039,268,99982,168,100043,168,99981,168,100046,168,99975,168,100050,100,99969,100,100053,100,99949,100,100059,100,99948,100,100069,100,99937,100,100076,100,99908,100
2019-06-28 09:34:30.000000000,99997,216,99986,416,100036,213,99982,213,100039,313,99981,213,100043,100,99975,100,100046,100,99969,100,100050,100,99949,100,100053,100,99948,100,100059,100,99937,100,100069,100,99908,100,100076,100,99901,100
2019-06-28 09:34:40.000000000,99997,271,99986,471,100036,271,99982,271,100039,200,99981,100,100043,100,99975,100,100046,100,99969,100,100050,100,99949,100,100053,100,99948,100,100059,100,99937,100,100069,100,99908,100,100076,100,99901,100
2019-06-28 09:34:50.000000000,99997,442,99986,642,100036,100,99982,100,100039,200,99981,100,100043,100,99975,100,100046,100,99969,100,100050,100,99949,100,100053,100,99948,100,100059,100,99937,100,100069,100,99908,100,100076,100,99901,100
2019-06-28 09:34:53.650747161,99997,442,99986,542,100036,100,99982,100,100039,200,99981,100,100043,100,99975,100,100046,100,99969,100,100050,100,99949,100,100053,100,99948,100,100059,100,99937,100,100069,100,99908,100,100076,100,99901,100
2019-06-28 09:34:54.007807742,99997,442,99986,442,100036,100,99982,100,100039,200,99981,100,100043,100,99975,100,100046,100,99969,100,100050,100,99949,100,100053,100,99948,100,100059,100,99937,100,100069,100,99908,100,100076,100,99901,100
2019-06-28 09:35:00.000000000,99997,216,99986,216,100036,213,99982,213,100039,313,99981,213,100043,100,99975,100,100046,100,99969,100,100050,100,99949,100,100053,100,99948,100,100059,100,99937,100,100069,100,99908,100,100076,100,99901,100
2019-06-28 09:35:02.454852673,99997,216,99986,116,100036,213,99982,213,100039,313,99981,213,100043,100,99975,100,100046,100,99969,100,100050,100,99949,100,100053,100,99948,100,100059,100,99937,100,100069,100,99908,100,100076,100,99901,100
2019-06-28 09:35:03.169732799,99997,216,99986,116,100036,213,99982,213,100039,313,99981,213,100043,100,99975,100,100046,100,99969,100,100050,100,99949,100,100053,100,99948,100,100059,100,99937,100,100069,100,99908,100,100076,100,99901,100
2019-06-28 09:35:10.000000000,99997,186,99982,186,100036,186,99981,186,100039,286,99975,186,100043,186,99969,186,100046,100,99949,100,100050,100,99948,100,100053,100,99937,100,100059,100,99908,100,100069,100,99901,100,100076,100,99898,100
2019-06-28 09:35:20.000000000,99997,271,99982,271,100036,271,99981,271,100039,200,99975,100,100043,100,99969,100,100046,100,99949,100,100050,100,99948,100,100053,100,99937,100,100059,100,99908,100,100069,100,99901,100,100076,100,99898,100
2019-06-28 09:35:30.000000000,99997,271,99982,271,100036,271,99981,271,100039,200,99975,100,100043,100,99969,100,100046,100,99949,100,100050,100,99948,100,100053,100,99937,100,100059,100,99908,100,100069,100,99901,100,100076,100,99898,100
2019-06-28 09:35:40.000000000,99997,271,99982,271,100036,271,99981,271,100039,200,99975,100,100043,100,99969,100,100046,100,99949,100,100050,100,99948,100,100053,100,99937,100,100059,100,99908,100,100069,100,99901,100,100076,100,99898,100
2019-06-28 09:35:50.000000000,99997,271,99982,271,100036,271,99981,271,100039,200,99975,100,100043,100,99969,100,100046,100,99949,100,100050,100,99948,100,100053,100,99937,100,100059,100,99908,100,100069,100,99901,100,100076,100,99898,100
2019-06-28 09:35:56.575874805,99997,271,99982,171,100036,271,99981,271,100039,200,99975,100,100043,100,99969,100,100046,100,99949,100,100050,100,99948,100,100053,100,99937,100,100059,100,99908,100,100069,100,99901,100,100076,100,99898,100
2019-06-28 09:36:00.000000000,99997,186,99981,186,100036,186,99975,186,100039,286,99969,186,100043,186,99949,186,100046,100,99948,100,100050,100,99937,100,100053,100,99908,100,100059,100,99901,100,100069,100,99898,100,100076,100,99884,100
2019-06-28 09:36:10.000000000,99997,168,99981,168,100036,168,99975,168,100039,268,99969,168,100043,168,99949,168,100046,168,99948,168,100050,100,99937,100,100053,100,99908,100,100059,100,99901,100,100069,100,99898,100,100076,100,99884,100
2019-06-28 09:36:17.123089202,99986,100,99981,168,99997,168,99975,168,100036,168,99969,168,100039,268,99949,168,100043,168,99948,168,100046,168,99937,100,100050,100,99908,100,100053,100,99901,100,100059,100,99898,100,100069,100,99884,100
2019-06-28 09:36:17.629359727,99986,100,99981,68,99997,168,99975,168,100036,168,99969,168,100039,268,99949,168,100043,168,99948,168,100046,168,99937,100,100050,100,99908,100,100053,100,99901,100,100059,100,99898,100,100069,100,99884,100
2019-06-28 09:36:20.000000000,99986,186,99975,186,99997,186,99969,186,100036,186,99949,186,100039,286,99948,186,100043,100,99937,100,100046,100,99908,100,100050,100,99901,100,100053,100,99898,100,100059,100,99884,100,100069,100,99878,100
2019-06-28 09:36:30.000000000,99986,186,99975,186,99997,186,99969,186,100036,186,99949,186,100039,286,99948,186,100043,100,99937,100,100046,100,99908,100,100050,100,99901,100,100053,100,99898,100,100059,100,99884,100,100069,100,99878,100
2019-06-28 09:36:40.000000000,99986,168,99975,168,99997,168,99969,168,100036,168,99949,168,100039,268,99948,168,100043,168,99937,168,100046,100,99908,100,100050,100,99901,100,100053,100,99898,100,100059,100,99884,100,100069,100,99878,100
2019-06-28 09:36:50.000000000,99986,271,99975,271,99997,271,99969,271,100036,100,99949,100,100039,200,99948,100,100043,100,99937,100,100046,100,99908,100,100050,100,99901,100,100053,100,99898,100,100059,100,99884,100,100069,100,99878,100
2019-06-28 09:37:00.000000000,99986,186,99975,186,99997,186,99969,186,100036,186,99949,186,100039,286,99948,186,100043,100,99937,100,100046,100,99908,100,100050,100,99901,100,100053,100,99898,100,100059,100,99884,100,100069,100,99878,100
2019-06-28 09:37:10.000000000,99986,168,99975,168,99997,168,99969,168,100036,168,99949,168,100039,268,99948,168,100043,168,99937,168,100046,100,99908,100,100050,100,99901,100,100053,100,99898,100,100059,100,99884,100,100069,100,99878,100
2019-06-28 09:37:20.000000000,99986,168,99975,168,99997,168,99969,168,100036,168,99949,168,100039,268,99948,168,100043,168,99937,168,100046,100,99908,100,100050,100,99901,100,100053,100,99898,100,100059,100,99884,100,100069,100,99878,100
2019-06-28 09:37:30.000000000,99986,271,99975,271,99997,271,99969,271,100036,100,99949,100,100039,200,99948,100,100043,100,99937,100,100046,100,99908,100,100050,100,99901,100,100053,100,99898,100,100059,100,99884,100,100069,100,99878,100
2019-06-28 09:37:40.000000000,99986,271,99975,271,99997,271,99969,271,100036,100,99949,100,100039,200,99948,100,100043,100,99937,100,100046,100,99908,100,100050,100,99901,100,100053,100,99898,100,100059,100,99884,100,100069,100,99878,100
2019-06-28 09:37:43.014583273,99986,271,99975,171,99997,271,99969,271,100036,100,99949,100,100039,200,99948,100,100043,100,99937,100,100046,100,99908,100,100050,100,99901,100,100053,100,99898,100,100059,100,99884,100,100069,100,99878,100
2019-06-28 09:37:50.000000000,99986,216,99969,216,99997,213,99949,213,100036,213,99948,213,100039,200,99937,100,100043,100,99908,100,100046,100,99901,100,100050,100,99898,100,100053,100,99884,100,100059,100,99878,100,100069,100,99851,100
2019-06-28 09:37:52.008137208,99986,216,99969,216,99997,213,99949,213,100036,213,99948,213,100039,200,99937,100,100043,100,99908,100,100046,100,99901,100,100050,100,99898,100,100053,100,99884,100,100059,100,99878,100,100069,100,99851,100
2019-06-28 09:38:00.000000000,99986,442,99969,442,99997,100,99949,100,100036,100,99948,100,100039,200,99937,100,100043,100,99908,100,100046,100,99901,100,100050,100,99898,100,100053,100,99884,100,100059,100,99878,100,100069,100,99851,100
2019-06-28 09:38:00.844462617,99986,442,99969,342,99997,100,99949,100,100036,100,99948,100,100039,200,99937,100,100043,100,99908,100,100046,100,99901,100,100053,100,99898,100,100059,100,99884,100,100069,100,99878,100,100076,100,99851,100
2019-06-28 09:38:10.000000000,99986,186,99949,186,99997,186,99948,186,100036,186,99937,186,100039,286,99908,186,100043,100,99901,100,100046,100,99898,100,100053,100,99884,100,100059,100,99878,100,100069,100,99851,100,100076,100,99850,100
2019-06-28 09:38:20.000000000,99986,168,99949,168,99997,168,99948,168,100036,168,99937,168,100039,268,99908,168,100043,168,99901,168,100046,100,99898,100,100053,100,99884,100,100059,100,99878,100,100069,100,99851,100,100076,100,99850,100
2019-06-28 09:38:30.000000000,99986,186,99949,186,99997,186,99948,186,100036,186,99937,186,100039,286,99908,186,100043,100,99901,100,100046,100,99898,100,100053,100,99884,100,100059,100,99878,100,100069,100,99851,100,100076,100,99850,100
2019-06-28 09:38:33.029593399,99986,186,99949,86,99997,186,99948,186,100036,186,99937,186,100039,286,99908,186,100043,100,99901,100,100046,100,99898,100,100053,100,99884,100,100059,100,99878,100,100069,100,99851,100,100076,100,99850,100
2019-06-28 09:38:37.068510151,99949,14,99948,186,99986,186,99937,186,99997,186,99908,186,100036,186,99901,100,100039,286,99898,100,100043,100,99884,100,100046,100,99878,100,100053,100,99851,100,100059,100,99850,100,100076,100,99838,100
2019-06-28 09:38:40.000000000,99949,130,99948,216,99986,213,99937,213,99997,213,99908,213,100036,100,99901,100,100039,200,99898,100,100043,100,99884,100,100046,100,99878,100,100053,100,99851,100,100059,100,99850,100,100076,100,99838,100
2019-06-28 09:38:50.000000000,99949,100,99948,186,99986,186,99937,186,99997,186,99908,186,100036,186,99901,186,100039,200,99898,100,100043,100,99884,100,100046,100,99878,100,100053,100,99851,100,100059,100,99850,100,100076,100,99838,100
2019-06-28 09:39:00.000000000,99949,356,99948,442,99986,100,99937,100,99997,100,99908,100,100036,100,99901,100,100039,200,99898,100,100043,100,99884,100,100046,100,99878,100,100053,100,99851,100,100059,100,99850,100,100076,100,99838,100
2019-06-28 09:39:10.000000000,99949,356,99948,442,99986,100,99937,100,99997,100,99908,100,100036,100,99901,100,100039,200,99898,100,100043,100,99884,100,100046,100,99878,100,100053,100,99851,100,100059,100,99850,100,100076,100,99838,100
2019-06-28 09:39:20.000000000,99949,130,99948,216,99986,213,99937,213,99997,213,99908,213,100036,100,99901,100,100039,200,99898,100,100043,100,99884,100,100046,100,99878,100,100053,100,99851,100,100059,100,99850,100,100076,100,99838,100
2019-06-28 09:39:30.000000000,99949,185,99948,271,99986,271,99937,271,99997,100,99908,100,100036,100,99901,100,100039,200,99898,100,100043,100,99884,100,100046,100,99878,100,100053,100,99851,100,100059,100,99850,100,100076,100,99838,100
2019-06-28 09:39:35.523773124,99949,285,99948,271,99986,271,99937,271,99997,100,99908,100,100036,100,99901,100,100039,200,99898,100,100043,100,99884,100,100046,100,99878,100,100053,100,99851,100,100059,100,99850,100,100076,100,99838,100
2019-06-28 09:39:40.000000000,99949,200,99948,186,99986,186,99937,186,99997,186,99908,186,100036,186,99901,186,100039,200,99898,100,100043,100,99884,100,100046,100,99878,100,100053,100,99851,100,100059,100,99850,100,100076,100,99838,100
2019-06-28 09:39:46.202603168,99949,200,99948,86,99986,186,99937,186,99997,186,99908,186,100036,186,99901,186,100039,200,99898,100,100043,100,99884,100,100046,100,99878,100,100053,100,99851,100,100059,100,99850,100,100076,100,99838,100
2019-06-28 09:39:50.000000000,99949,285,99937,271,99986,271,99908,271,99997,100,99901,100,100036,100,99898,100,100039,200,99884,100,100043,100,99878,100,100046,100,99851,100,100053,100,99850,100,100059,100,99838,100,100076,100,99809,100
2019-06-28 09:39:51.831762576,99948,100,99937,271,99949,285,99908,271,99986,271,99901,100,99997,100,99898,100,100036,100,99884,100,100039,200,99878,100,100043,100,99851,100,100046,100,99850,100,100053,100,99838,100,100059,100,99809,100
2019-06-28 09:40:00.000000000,99948,442,99937,442,99949,114,99908,100,99986,100,99901,100,99997,100,99898,100,100036,100,99884,100,100039,200,99878,100,100043,100,99851,100,100046,100,99850,100,100053,100,99838,100,100059,100,99809,100
2019-06-28 09:40:10.000000000,99948,186,99937,186,99949,200,99908,186,99986,186,99901,186,99997,186,99898,186,100036,100,99884,100,100039,200,99878,100,100043,100,99851,100,100046,100,99850,100,100053,100,99838,100,100059,100,99809,100
2019-06-28 09:40:20.000000000,99948,216,99937,216,99949,227,99908,213,99986,213,99901,213,99997,100,99898,100,100036,100,99884,100,100039,200,99878,100,100043,100,99851,100,100046,100,99850,100,100053,100,99838,100,100059,100,99809,100
2019-06-28 09:40:21.795684370,99948,216,99937,216,99949,227,99908,213,99986,213,99901,213,99997,100,99898,100,100036,100,99884,100,100039,200,99878,100,100043,100,99851,100,100046,100,99850,100,100053,100,99838,100,100059,100,99809,100
2019-06-28 09:40:24.234125849,99948,216,99937,116,99949,227,99908,213,99986,213,99901,213,99997,100,99898,100,100036,100,99884,100,100039,200,99878,100,100043,100,99851,100,100046,100,99850,100,100053,100,99838,100,100076,100,99809,100
2019-06-28 09:40:30.000000000,99948,271,99908,271,99949,285,99901,271,99986,100,99898,100,99997,100,99884,100,100036,100,99878,100,100039,200,99851,100,100043,100,99850,100,100046,100,99838,100,100053,100,99809,100,100076,100,99789,100
2019-06-28 09:40:32.741842502,99948,271,99908,171,99949,285,99901,271,99986,100,99898,100,99997,100,99884,100,100036,100,99878,100,100039,200,99851,100,100043,100,99850,100,100046,100,99838,100,100053,100,99809,100,100076,100,99789,100
2019-06-28 09:40:34.653885318,99948,271,99908,171,99949,285,99901,271,99986,100,99898,100,99997,100,99884,100,100036,100,99878,100,100039,100,99851,100,100043,100,99850,100,100046,100,99838,100,100053,100,99809,100,100076,100,99789,100
2019-06-28 09:40:40.000000000,99948,186,99901,186,99949,200,99898,186,99986,186,99884,186,99997,186,99878,186,100036,100,99851,100,100039,100,99850,100,100043,100,99838,100,100046,100,99809,100,100053,100,99789,100,100076,100,99312,100
2019-06-28 09:40:50.000000000,99948,168,99901,168,99949,182,99898,168,99986,168,99884,168,99997,168,99878,168,100036,168,99851,168,100039,100,99850,100,100043,100,99838,100,100046,100,99809,100,100053,100,99789,100,100076,100,99312,100
2019-06-28 09:41:00.000000000,99948,168,99901,168,99949,182,99898,168,99986,168,99884,168,99997,168,99878,168,100036,168,99851,168,100039,100,99850,100,100043,100,99838,100,100046,100,99809,100,100053,100,99789,100,100076,100,99312,100
2019-06-28 09:41:08.135891907,99948,168,99901,168,99949,182,99898,168,99986,168,99884,168,99997,168,99878,168,100036,168,99851,168,100039,100,99850,100,100043,100,99838,100,100053,100,99809,100,100076,100,99789,100,100085,100,99312,100
2019-06-28 09:41:10.000000000,99948,168,99901,168,99949,182,99898,168,99986,168,99884,168,99997,168,99878,168,100036,168,99851,168,100039,100,99850,100,100043,100,99838,100,100053,100,99809,100,100076,100,99789,100,100085,100,99312,100
2019-06-28 09:41:20.000000000,99948,442,99901,442,99949,114,99898,100,99986,100,99884,100,99997,100,99878,100,100036,100,99851,100,100039,100,99850,100,100043,100,99838,100,100053,100,99809,100,100076,100,99789,100,100085,100,99312,100
2019-06-28 09:41:30.000000000,99948,168,99901,168,99949,182,99898,168,99986,168,99884,168,99997,168,99878,168,100036,168,99851,168,100039,100,99850,100,100043,100,99838,100,100053,100,99809,100,100076,100,99789,100,100085,100,99312,100
2019-06-28 09:41:39.497326754,99948,168,99901,168,99949,182,99898,168,99986,168,99884,168,99997,68,99878,168,100036,168,99851,168,100039,100,99850,100,100043,100,99838,100,100053,100,99809,100,100076,100,99789,100,100085,100,99312,100
2019-06-28 09:41:40.000000000,99948,216,99901,216,99949,227,99898,213,99986,213,99884,213,100036,100,99878,100,100039,100,99851,100,100043,100,99850,100,100053,100,99838,100,100076,100,99809,100,100085,100,99789,100,100095,100,99312,100
2019-06-28 09:41:40.903675498,99948,216,99901,116,99949,227,99898,213,99986,213,99884,213,100036,100,99878,100,100043,100,99851,100,100053,100,99850,100,100076,100,99838,100,100085,100,99809,100,100095,100,99789,100,100129,100,99312,100
2019-06-28 09:41:43.200443559,99948,216,99901,116,99949,227,99898,213,99986,213,99884,213,100036,100,99878,100,100043,100,99851,100,100053,100,99850,100,100076,100,99838,100,100085,100,99809,100,100095,100,99789,100,100129,100,99312,100
2019-06-28 09:41:50.000000000,99948,271,99898,271,99949,285,99884,271,99986,100,99878,100,100036,100,99851,100,100043,100,99850,100,100053,100,99838,100,100076,100,99809,100,100085,100,99789,100,100095,100,99312,100,100129,100,99243,100
2019-06-28 09:42:00.000000000,99948,186,99898,186,99949,200,99884,186,99986,186,99878,186,100036,186,99851,186,100043,100,99850,100,100053,100,99838,100,100076,100,99809,100,100085,100,99789,100,100095,100,99312,100,100129,100,99243,100
2019-06-28 09:42:01.901900542,99948,186,99898,86,99949,186,99884,186,99986,186,99878,186,100036,186,99851,186,100043,100,99850,100,100053,100,99838,100,100076,100,99809,100,100085,100,99789,100,100095,100,99312,100,100129,100,99243,100
2019-06-28 09:42:10.000000000,99948,186,99884,186,99949,186,99878,186,99986,186,99851,186,100036,186,99850,186,100043,100,99838,100,100053,100,99809,100,100076,100,99789,100,100085,100,99312,100,100095,100,99243,100,100129,100,99203,100
2019-06-28 09:42:10.508494877,99948,186,99884,186,99949,186,99878,186,99986,186,99851,186,100036,186,99850,186,100043,100,99838,100,100053,100,99809,100,100076,100,99789,100,100085,100,99312,100,100095,100,99243,100,100129,100,99200,100
2019-06-28 09:42:20.000000000,99948,216,99884,216,99949,213,99878,213,99986,213,99851,213,100036,100,99850,100,100043,100,99838,100,100053,100,99809,100,100076,100,99789,100,100085,100,99312,100,100095,100,99243,100,100129,100,99200,100
2019-06-28 09:42:30.000000000,99948,442,99884,442,99949,100,99878,100,99986,100,99851,100,100036,100,99850,100,100043,100,99838,100,100053,100,99809,100,100076,100,99789,100,100085,100,99312,100,100095,100,99243,100,100129,100,99200,100
2019-06-28 09:42:37.225295472,99948,442,99884,342,99949,100,99878,100,99986,100,99851,100,100036,100,99850,100,100043,100,99838,100,100053,100,99809,100,100076,100,99789,100,100085,100,99312,100,100095,100,99243,100,100129,100,99200,100
2019-06-28 09:42:40.000000000,99948,186,99878,186,99949,186,99851,186,99986,186,99850,186,100036,186,99838,186,100043,100,99809,100,100053,100,99789,100,100076,100,99312,100,100085,100,99243,100,100095,100,99200,100,100129,100,99129,100
2019-06-28 09:42:50.000000000,99948,186,99878,186,99949,186,99851,186,99986,186,99850,186,100036,186,99838,186,100043,100,99809,100,100053,100,99789,100,100076,100,99312,100,100085,100,99243,100,100095,100,99200,100,100129,100,99129,100
2019-06-28 09:42:51.098597992,99948,186,99878,186,99949,186,99851,186,99986,186,99850,186,100036,186,99838,186,100043,100,99809,100,100053,100,99789,100,100076,100,99312,100,100085,100,99243,100,100095,100,99227,100,100129,100,99200,100
2019-06-28 09:42:52.395636411,99948,186,99878,186,99949,186,99851,186,99986,186,99850,186,100036,186,99838,186,100043,100,99809,100,100053,100,99789,100,100076,100,99312,100,100085,100,99243,100,100095,100,99227,100,100129,100,99200,100
2019-06-28 09:43:00.000000000,99948,442,99878,442,99949,100,99851,100,99986,100,99850,100,100036,100,99838,100,100043,100,99809,100,100053,100,99789,100,100076,100,99312,100,100085,100,99243,100,100095,100,99227,100,100129,100,99200,100
2019-06-28 09:43:10.000000000,99948,168,99878,168,99949,168,99851,168,99986,168,99850,168,100036,168,99838,168,100043,168,99809,168,100053,100,99789,100,100076,100,99312,100,100085,100,99243,100,100095,100,99227,100,100129,100,99200,100
2019-06-28 09:43:15.251293849,99948,168,99878,68,99949,168,99851,168,99986,168,99850,168,100036,168,99838,168,100043,168,99809,168,100053,100,99789,100,100085,100,99312,100,100095,100,99243,100,100129,100,99227,100,,,99200,100
2019-06-28 09:43:15.261501579,99878,32,99851,168,99948,168,99850,168,99949,168,99838,168,99986,168,99809,168,100036,168,99789,100,100043,168,99312,100,100053,100,99243,100,100085,100,99227,100,100095,100,99200,100,100129,100,99189,100
2019-06-28 09:43:19.703678438,99878,32,99851,168,99948,168,99850,168,99949,168,99838,168,99986,168,99809,168,100036,168,99789,100,100043,168,99312,100,100053,100,99271,100,100085,100,99243,100,100095,100,99227,100,100129,100,99200,100
2019-06-28 09:43:20.000000000,99878,203,99851,271,99948,271,99850,271,99949,100,99838,100,99986,100,99809,100,100036,100,99789,100,100043,100,99312,100,100053,100,99271,100,100085,100,99243,100,100095,100,99227,100,100129,100,99200,100
2019-06-28 09:43:20.934464765,99878,203,99851,271,99948,271,99850,271,99949,100,99838,100,99986,100,99809,100,100036,100,99789,100,100043,100,99420,100,100053,100,99312,100,100085,100,99271,100,100095,100,99243,100,100129,100,99200,100
2019-06-28 09:43:30.000000000,99878,374,99851,442,99948,100,99850,100,99949,100,99838,100,99986,100,99809,100,100036,100,99789,100,100043,100,99420,100,100053,100,99312,100,100085,100,99271,100,100095,100,99243,100,100129,100,99200,100
2019-06-28 09:43:40.000000000,99878,118,99851,186,99948,186,99850,186,99949,186,99838,186,99986,186,99809,186,100036,100,99789,100,100043,100,99420,100,100053,100,99312,100,100085,100,99271,100,100095,100,99243,100,100129,100,99200,100
2019-06-28 09:43:40.906389712,99878,118,99851,186,99948,186,99850,86,99949,186,99838,186,99986,186,99809,186,100036,100,99789,100,100043,100,99420,100,100053,100,99312,100,100085,100,99271,100,100095,100,99243,100,100129,100,99200,100
2019-06-28 09:43:50.000000000,99878,118,99851,186,99948,186,99838,186,99949,186,99809,186,99986,186,99789,186,100036,100,99420,100,100043,100,99312,100,100053,100,99271,100,100085,100,99243,100,100095,100,99200,100,100129,100,99189,100
2019-06-28 09:43:53.232238215,99878,118,99851,186,99948,186,99838,186,99949,186,99809,186,99986,186,99789,186,100036,100,99420,100,100043,100,99312,100,100053,100,99286,100,100085,100,99271,100,100095,100,99243,100,100129,100,99200,100
2019-06-28 09:44:00.000000000,99878,203,99851,271,99948,271,99838,271,99949,100,99809,100,99986,100,99789,100,100036,100,99420,100,100043,100,99312,100,100053,100,99286,100,100085,100,99271,100,100095,100,99243,100,100129,100,99200,100
2019-06-28 09:44:08.119167905,99878,203,99851,171,99948,271,99838,271,99949,100,99809,100,99986,100,99789,100,100036,100,99420,100,100043,100,99312,100,100053,100,99286,100,100085,100,99271,100,100095,100,99243,100,100129,100,99200,100
2019-06-28 09:44:10.000000000,99878,203,99838,271,99948,271,99809,271,99949,100,99789,100,99986,100,99420,100,100036,100,99312,100,100043,100,99286,100,100053,100,99271,100,100085,100,99243,100,100095,100,99200,100,100129,100,99189,100
2019-06-28 09:44:20.000000000,99878,100,99838,168,99948,168,99809,168,99949,168,99789,168,99986,168,99420,168,100036,168,99312,168,100043,100,99286,100,100053,100,99271,100,100085,100,99243,100,100095,100,99200,100,100129,100,99189,100
2019-06-28 09:44:30.000000000,99878,203,99838,271,99948,271,99809,271,99949,100,99789,100,99986,100,99420,100,100036,100,99312,100,100043,100,99286,100,100053,100,99271,100,100085,100,99243,100,100095,100,99200,100,100129,100,99189,100
2019-06-28 09:44:40.000000000,99878,148,99838,216,99948,213,99809,213,99949,213,99789,213,99986,100,99420,100,100036,100,99312,100,100043,100,99286,100,100053,100,99271,100,100085,100,99243,100,100095,100,99200,100,100129,100,99189,100
2019-06-28 09:44:50.000000000,99878,374,99838,442,99948,100,99809,100,99949,100,99789,100,99986,100,99420,100,100036,100,99312,100,100043,100,99286,100,100053,100,99271,100,100085,100,99243,100,100095,100,99200,100,100129,100,99189,100
2019-06-28 09:45:00.000000000,99878,203,99838,271,99948,271,99809,271,99949,100,99789,100,99986,100,99420,100,100036,100,99312,100,100043,100,99286,100,100053,100,99271,100,100085,100,99243,100,100095,100,99200,100,100129,100,99189,100
2019-06-28 09:45:10.000000000,99878,118,99838,186,99948,186,99809,186,99949,186,99789,186,99986,186,99420,186,100036,100,99312,100,100043,100,99286,100,100053,100,99271,100,100085,100,99243,100,100095,100,99200,100,100129,100,99189,100
2019-06-28 09:45:18.105944666,99878,118,99838,86,99948,186,99809,186,99949,186,99789,186,99986,186,99420,186,100036,100,99312,100,100043,100,99286,100,100053,100,99271,100,100085,100,99243,100,100095,100,99200,100,100129,100,99189,100
2019-06-28 09:45:20.000000000,99878,118,99809,186,99948,186,99789,186,99949,186,99420,186,99986,186,99312,186,100036,100,99286,100,100043,100,99271,100,100053,100,99243,100,100085,100,99200,100,100095,100,99189,100,100129,100,99159,100
2019-06-28 09:45:22.605921959,99878,118,99809,186,99948,186,99789,186,99949,186,99420,186,99986,186,99312,186,100024,100,99286,100,100036,100,99271,100,100043,100,99243,100,100053,100,99200,100,100085,100,99189,100,100095,100,99159,100
2019-06-28 09:45:30.000000000,99878,148,99809,216,99948,213,99789,213,99949,213,99420,213,99986,100,99312,100,100024,100,99286,100,100036,100,99271,100,100043,100,99243,100,100053,100,99200,100,100085,100,99189,100,100095,100,99159,100
2019-06-28 09:45:34.654871005,99878,148,99809,216,99948,213,99789,213,99949,213,99421,100,99986,100,99420,213,100024,100,99312,100,100036,100,99286,100,100043,100,99271,100,100053,100,99243,100,100085,100,99200,100,100095,100,99189,100
2019-06-28 09:45:40.000000000,99878,374,99809,442,99948,100,99789,100,99949,100,99421,100,99986,100,99420,100,100024,100,99312,100,100036,100,99286,100,100043,100,99271,100,100053,100,99243,100,100085,100,99200,100,100095,100,99189,100
2019-06-28 09:45:44.310735024,99851,100,99809,442,99878,374,99789,100,99948,100,99421,100,99949,100,99420,100,99986,100,99312,100,100024,100,99286,100,100036,100,99271,100,100043,100,99243,100,100053,100,99200,100,100085,100,99189,100
2019-06-28 09:45:47.006120809,99851,100,99809,442,99878,374,99789,100,99948,100,99500,100,99949,100,99421,100,99986,100,99420,100,100024,100,99286,100,100036,100,99271,100,100043,100,99243,100,100053,100,99200,100,100085,100,99189,100
2019-06-28 09:45:50.000000000,99851,216,99809,216,99878,145,99789,213,99948,213,99500,213,99949,100,99421,100,99986,100,99420,100,100024,100,99286,100,100036,100,99271,100,100043,100,99243,100,100053,100,99200,100,100085,100,99189,100
2019-06-28 09:46:00.000000000,99851,168,99809,168,99878,100,99789,168,99948,168,99500,168,99949,168,99421,168,99986,168,99420,168,100024,100,99286,100,100036,100,99271,100,100043,100,99243,100,100053,100,99200,100,100085,100,99189,100
2019-06-28 09:46:10.000000000,99851,271,99809,271,99878,203,99789,271,99948,100,99500,100,99949,100,99421,100,99986,100,99420,100,100024,100,99286,100,100036,100,99271,100,100043,100,99243,100,100053,100,99200,100,100085,100,99189,100
2019-06-28 09:46:16.231475982,99851,371,99809,271,99878,203,99789,271,99948,100,99500,100,99949,100,99421,100,99986,100,99420,100,100024,100,99286,100,100036,100,99271,100,100043,100,99243,100,100053,100,99200,100,100085,100,99189,100
2019-06-28 09:46:20.000000000,99851,542,99809,442,99878,32,99789,100,99948,100,99500,100,99949,100,99421,100,99986,100,99420,100,100024,100,99286,100,100036,100,99271,100,100043,100,99243,100,100053,100,99200,100,100085,100,99189,100
2019-06-28 09:46:20.056160836,99851,642,99809,442,99878,32,99789,100,99948,100,99500,100,99949,100,99421,100,99986,100,99420,100,100024,100,99286,100,100036,100,99271,100,100043,100,99243,100,100053,100,99200,100,100085,100,99189,100
2019-06-28 09:46:29.229125583,99851,642,99809,442,99878,32,99789,100,99948,100,99500,100,99949,100,99421,100,99986,100,99420,100,100024,100,99321,100,100036,100,99286,100,100043,100,99271,100,100053,100,99243,100,100095,100,99200,100
2019-06-28 09:46:30.000000000,99851,471,99809,271,99878,203,99789,271,99948,100,99500,100,99949,100,99421,100,99986,100,99420,100,100024,100,99321,100,100036,100,99286,100,100043,100,99271,100,100053,100,99243,100,100095,100,99200,100
2019-06-28 09:46:35.278491098,99851,471,99809,271,99878,203,99789,271,99948,100,99500,100,99949,100,99421,100,99986,100,99420,100,100024,100,99321,100,100036,100,99286,100,100043,100,99271,100,100053,100,99259,100,100095,100,99243,100
2019-06-28 09:46:40.000000000,99851,471,99809,271,99878,203,99789,271,99948,100,99500,100,99949,100,99421,100,99986,100,99420,100,100024,100,99321,100,100036,100,99286,100,100043,100,99271,100,100053,100,99259,100,100095,100,99243,100
2019-06-28 09:46:48.228352746,99851,471,99809,271,99878,203,99789,271,99948,100,99500,100,99986,100,99421,100,100024,100,99420,100,100036,100,99321,100,100043,100,99286,100,100053,100,99271,100,100095,100,99259,100,100129,100,99243,100
2019-06-28 09:46:50.000000000,99851,386,99809,186,99878,118,99789,186,99948,186,99500,186,99986,186,99421,186,100024,100,99420,100,100036,100,99321,100,100043,100,99286,100,100053,100,99271,100,100095,100,99259,100,100129,100,99243,100
2019-06-28 09:46:52.800650427,99851,386,99809,86,99878,118,99789,186,99948,186,99500,186,99986,186,99421,186,100024,100,99420,100,100036,100,99321,100,100043,100,99286,100,100053,100,99271,100,100095,100,99259,100,100129,100,99243,100
2019-06-28 09:47:00.000000000,99851,368,99789,168,99878,100,99500,168,99948,168,99421,168,99986,168,99420,168,100024,168,99321,168,100036,100,99286,100,100043,100,99271,100,100053,100,99259,100,100095,100,99243,100,100129,100,99200,100
2019-06-28 09:47:10.000000000,99851,642,99789,442,99878,32,99500,100,99948,100,99421,100,99986,100,99420,100,100024,100,99321,100,100036,100,99286,100,100043,100,99271,100,100053,100,99259,100,100095,100,99243,100,100129,100,99200,100
2019-06-28 09:47:20.000000000,99851,471,99789,271,99878,203,99500,271,99948,100,99421,100,99986,100,99420,100,100024,100,99321,100,100036,100,99286,100,100043,100,99271,100,100053,100,99259,100,100095,100,99243,100,100129,100,99200,100
2019-06-28 09:47:21.561743424,99851,471,99789,171,99878,203,99500,271,99948,100,99421,100,99986,100,99420,100,100024,100,99321,100,100036,100,99286,100,100043,100,99271,100,100053,100,99259,100,100095,100,99243,100,100129,100,99200,100
2019-06-28 09:47:26.790726332,99851,371,99789,171,99878,203,99500,271,99948,100,99421,100,99986,100,99420,100,100024,100,99321,100,100036,100,99286,100,100043,100,99271,100,100053,100,99259,100,100095,100,99243,100,100129,100,99200,100
2019-06-28 09:47:30.000000000,99851,286,99500,186,99878,118,99421,186,99948,186,99420,186,99986,186,99321,186,100024,100,99286,100,100036,100,99271,100,100043,100,99259,100,100053,100,99243,100,100095,100,99200,100,100129,100,99189,100
2019-06-28 09:47:40.000000000,99851,316,99500,216,99878,145,99421,213,99948,213,99420,213,99986,100,99321,100,100024,100,99286,100,100036,100,99271,100,100043,100,99259,100,100053,100,99243,100,100095,100,99200,100,100129,100,99189,100
2019-06-28 09:47:41.039611411,99809,100,99500,216,99851,316,99421,213,99878,145,99420,213,99948,213,99321,100,99986,100,99286,100,100024,100,99271,100,100036,100,99259,100,100043,100,99243,100,100053,100,99200,100,100095,100,99189,100
2019-06-28 09:47:50.000000000,99809,442,99500,442,99851,200,99421,100,99878,32,99420,100,99948,100,99321,100,99986,100,99286,100,100024,100,99271,100,100036,100,99259,100,100043,100,99243,100,100053,100,99200,100,100095,100,99189,100
2019-06-28 09:47:55.664976344,99809,442,99561,100,99851,200,99500,442,99878,32,99421,100,99948,100,99420,100,99986,100,99321,100,100024,100,99286,100,100036,100,99271,100,100043,100,99259,100,100053,100,99243,100,100095,100,99200,100
2019-06-28 09:48:00.000000000,99809,186,99561,186,99851,286,99500,186,99878,118,99421,186,99948,186,99420,186,99986,100,99321,100,100024,100,99286,100,100036,100,99271,100,100043,100,99259,100,100053,100,99243,100,100095,100,99200,100
2019-06-28 09:48:10.000000000,99809,442,99561,442,99851,200,99500,100,99878,32,99421,100,99948,100,99420,100,99986,100,99321,100,100024,100,99286,100,100036,100,99271,100,100043,100,99259,100,100053,100,99243,100,100095,100,99200,100
2019-06-28 09:48:10.108921800,99809,342,99561,442,99851,200,99500,100,99878,32,99421,100,99948,100,99420,100,99986,100,99321,100,100024,100,99286,100,100036,100,99271,100,100043,100,99259,100,100053,100,99243,100,100095,100,99200,100
2019-06-28 09:48:13.562367079,99809,342,99561,442,99851,200,99500,100,99878,32,99421,100,99948,100,99420,100,99986,100,99416,100,100024,100,99321,100,100036,100,99286,100,100043,100,99271,100,100053,100,99259,100,100095,100,99243,100
2019-06-28 09:48:16.296933756,99809,342,99561,342,99851,200,99500,100,99878,32,99421,100,99948,100,99420,100,99986,100,99416,100,100024,100,99321,100,100036,100,99286,100,100043,100,99271,100,100053,100,99259,100,100095,100,99243,100
2019-06-28 09:48:20.000000000,99851,268,99500,168,99878,100,99421,168,99948,168,99420,168,99986,168,99416,168,100024,168,99321,168,100036,100,99286,100,100043,100,99271,100,100053,100,99259,100,100095,100,99243,100,100129,100,99200,100
2019-06-28 09:48:20.619486635,99851,268,99518,100,99878,100,99500,168,99948,168,99421,168,99986,168,99420,168,100024,168,99416,168,100036,100,99321,168,100043,100,99286,100,100053,100,99271,100,100095,100,99259,100,100129,100,99243,100
2019-06-28 09:48:30.000000000,99851,286,99518,186,99878,118,99500,186,99948,186,99421,186,99986,186,99420,186,100024,100,99416,100,100036,100,99321,100,100043,100,99286,100,100053,100,99271,100,100095,100,99259,100,100129,100,99243,100
2019-06-28 09:48:40.000000000,99851,542,99518,442,99878,32,99500,100,99948,100,99421,100,99986,100,99420,100,100024,100,99416,100,100036,100,99321,100,100043,100,99286,100,100053,100,99271,100,100095,100,99259,100,100129,100,99243,100
2019-06-28 09:48:50.000000000,99851,371,99518,271,99878,203,99500,271,99948,100,99421,100,99986,100,99420,100,100024,100,99416,100,100036,100,99321,100,100043,100,99286,100,100053,100,99271,100,100095,100,99259,100,100129,100,99243,100
2019-06-28 09:48:59.709255628,99851,371,99562,100,99878,203,99518,271,99948,100,99500,271,99986,100,99421,100,100024,100,99420,100,100036,100,99416,100,100043,100,99321,100,100053,100,99286,100,100095,100,99271,100,100129,100,99259,100
2019-06-28 09:49:00.000000000,99851,542,99562,442,99878,32,99518,100,99948,100,99500,100,99986,100,99421,100,100024,100,99420,100,100036,100,99416,100,100043,100,99321,100,100053,100,99286,100,100095,100,99271,100,100129,100,99259,100
2019-06-28 09:49:04.532376674,99808,100,99562,442,99851,542,99518,100,99878,32,99500,100,99948,100,99421,100,99986,100,99420,100,100024,100,99416,100,100036,100,99321,100,100043,100,99286,100,100053,100,99271,100,100095,100,99259,100
2019-06-28 09:49:04.822668601,99808,100,99562,442,99851,542,99518,100,99878,32,99500,100,99948,100,99430,100,99986,100,99421,100,100024,100,99420,100,100036,100,99321,100,100043,100,99286,100,100053,100,99271,100,100095,100,99259,100
2019-06-28 09:49:10.000000000,99808,216,99562,216,99851,313,99518,213,99878,145,99500,213,99948,100,99430,100,99986,100,99421,100,100024,100,99420,100,100036,100,99321,100,100043,100,99286,100,100053,100,99271,100,100095,100,99259,100
2019-06-28 09:49:13.085597706,99756,100,99562,216,99808,216,99518,213,99851,313,99500,213,99878,145,99430,100,99948,100,99421,100,99986,100,99420,100,100024,100,99321,100,100036,100,99286,100,100043,100,99271,100,100053,100,99259,100
2019-06-28 09:49:20.000000000,99756,271,99562,271,99808,271,99518,271,99851,200,99500,100,99878,32,99430,100,99948,100,99421,100,99986,100,99420,100,100024,100,99321,100,100036,100,99286,100,100043,100,99271,100,100053,100,99259,100
2019-06-28 09:49:21.173514740,99756,271,99562,271,99808,271,99518,271,99851,200,99500,100,99878,32,99473,100,99948,100,99430,100,99986,100,99421,100,100024,100,99420,100,100036,100,99321,100,100043,100,99286,100,100053,100,99271,100
2019-06-28 09:49:25.076093894,99756,271,99562,171,99808,271,99518,271,99851,200,99500,100,99878,32,99473,100,99948,100,99430,100,99986,100,99421,100,100024,100,99420,100,100036,100,99321,100,100043,100,99286,100,100053,100,99271,100
2019-06-28 09:49:28.953498246,99756,271,99562,171,99808,271,99518,271,99851,200,99500,100,99878,32,99473,100,99948,100,99430,100,99986,100,99421,100,100024,100,99420,100,100036,100,99321,100,100043,100,99286,100,100053,100,99271,100
2019-06-28 09:49:30.000000000,99756,216,99518,216,99808,213,99500,213,99851,313,99473,213,99878,32,99430,100,99948,100,99421,100,99986,100,99420,100,100024,100,99321,100,100036,100,99286,100,100043,100,99271,100,100053,100,99259,100
2019-06-28 09:49:37.790348718,99756,216,99518,216,99808,213,99500,213,99851,213,99473,213,99878,32,99430,100,99948,100,99421,100,99986,100,99420,100,100024,100,99321,100,100036,100,99286,100,100043,100,99271,100,100053,100,99259,100
2019-06-28 09:49:40.000000000,99756,168,99518,168,99808,168,99500,168,99851,168,99473,168,99878,100,99430,168,99948,168,99421,168,99986,100,99420,100,100024,100,99321,100,100036,100,99286,100,100043,100,99271,100,100053,100,99259,100
2019-06-28 09:49:40.401471488,99756,168,99518,68,99808,168,99500,168,99851,168,99473,168,99878,100,99430,168,99948,168,99421,168,99986,100,99420,100,100024,100,99321,100,100036,100,99286,100,100043,100,99271,100,100053,100,99259,100
2019-06-28 09:49:50.000000000,99756,442,99500,442,99808,100,99473,100,99851,100,99430,100,99878,32,99421,100,99948,100,99420,100,99986,100,99321,100,100024,100,99286,100,100036,100,99271,100,100043,100,99259,100,100053,100,99243,100
2019-06-28 09:49:51.524747530,99562,100,99500,442,99756,442,99473,100,99808,100,99430,100,99851,100,99421,100,99878,32,99420,100,99948,100,99321,100,99986,100,99286,100,100024,100,99271,100,100036,100,99259,100,100043,100,99243,100
2019-06-28 09:50:00.000000000,99562,186,99500,186,99756,186,99473,186,99808,186,99430,186,99851,186,99421,186,99878,32,99420,100,99948,100,99321,100,99986,100,99286,100,100024,100,99271,100,100036,100,99259,100,100043,100,99243,100
2019-06-28 09:50:10.000000000,99562,216,99500,216,99756,213,99473,213,99808,213,99430,213,99851,100,99421,100,99878,32,99420,100,99948,100,99321,100,99986,100,99286,100,100024,100,99271,100,100036,100,99259,100,100043,100,99243,100
2019-06-28 09:50:11.667267600,99562,116,99500,216,99756,213,99473,213,99808,213,99430,213,99851,100,99421,100,99878,32,99420,100,99948,100,99321,100,100024,100,99286,100,100036,100,99271,100,100043,100,99259,100,100053,100,99243,100
2019-06-28 09:50:14.675069147,99562,116,99519,100,99756,213,99500,216,99808,213,99473,213,99851,100,99430,213,99878,32,99421,100,99948,100,99420,100,100024,100,99321,100,100036,100,99286,100,100043,100,99271,100,100053,100,99259,100
2019-06-28 09:50:20.000000000,99756,216,99519,216,99808,213,99500,213,99851,213,99473,213,99878,32,99430,100,99948,100,99421,100,100024,100,99420,100,100036,100,99321,100,100043,100,99286,100,100053,100,99271,100,100129,100,99259,100
2019-06-28 09:50:30.000000000,99756,186,99519,186,99808,186,99500,186,99851,186,99473,186,99878,118,99430,186,99948,100,99421,100,100024,100,99420,100,100036,100,99321,100,100043,100,99286,100,100053,100,99271,100,100129,100,99259,100
2019-06-28 09:50:40.000000000,99756,168,99519,168,99808,168,99500,168,99851,168,99473,168,99878,100,99430,168,99948,168,99421,168,100024,100,99420,100,100036,100,99321,100,100043,100,99286,100,100053,100,99271,100,100129,100,99259,100
2019-06-28 09:50:43.247431186,99756,168,99519,268,99808,168,99500,168,99851,168,99473,168,99878,100,99430,168,99948,168,99421,168,100024,100,99420,100,100036,100,99321,100,100043,100,99286,100,100053,100,99271,100,100129,100,99259,100
2019-06-28 09:50:48.300798430,99756,68,99519,268,99808,168,99500,168,99851,168,99473,168,99878,100,99430,168,99948,168,99421,168,100024,100,99420,100,100036,100,99321,100,100043,100,99286,100,100053,100,99271,100,100129,100,99259,100
2019-06-28 09:50:50.000000000,99808,168,99519,268,99851,168,99500,168,99878,100,99473,168,99948,168,99430,168,100024,168,99421,168,100036,100,99420,100,100043,100,99321,100,100053,100,99286,100,100129,100,99271,100,,,99259,100
2019-06-28 09:51:00.000000000,99808,186,99519,286,99851,186,99500,186,99878,118,99473,186,99948,186,99430,186,100024,100,99421,100,100036,100,99420,100,100043,100,99321,100,100053,100,99286,100,100129,100,99271,100,,,99259,100
2019-06-28 09:51:02.923240935,99808,186,99786,100,99851,186,99519,286,99878,118,99500,186,99948,186,99473,186,100024,100,99430,186,100036,100,99421,100,100043,100,99420,100,100053,100,99321,100,100129,100,99286,100,,,99271,100
2019-06-28 09:51:10.000000000,99808,271,99786,271,99851,271,99519,371,99878,32,99500,100,99948,100,99473,100,100024,100,99430,100,100036,100,99421,100,100043,100,99420,100,100053,100,99321,100,100129,100,99286,100,,,99271,100
2019-06-28 09:51:20.000000000,99808,442,99786,442,99851,100,99519,200,99878,32,99500,100,99948,100,99473,100,100024,100,99430,100,100036,100,99421,100,100043,100,99420,100,100053,100,99321,100,100129,100,99286,100,,,99271,100
2019-06-28 09:51:30.000000000,99808,216,99786,216,99851,213,99519,313,99878,145,99500,213,99948,100,99473,100,100024,100,99430,100,100036,100,99421,100,100043,100,99420,100,100053,100,99321,100,100129,100,99286,100,,,99271,100
2019-06-28 09:51:40.000000000,99808,271,99786,271,99851,271,99519,371,99878,32,99500,100,99948,100,99473,100,100024,100,99430,100,100036,100,99421,100,100043,100,99420,100,100053,100,99321,100,100129,100,99286,100,,,99271,100
2019-06-28 09:51:50.000000000,99808,271,99786,271,99851,271,99519,371,99878,32,99500,100,99948,100,99473,100,100024,100,99430,100,100036,100,99421,100,100043,100,99420,100,100053,100,99321,100,100129,100,99286,100,,,99271,100
2019-06-28 09:52:00.000000000,99808,186,99786,186,99851,186,99519,286,99878,118,99500,186,99948,186,99473,186,100024,100,99430,100,100036,100,99421,100,100043,100,99420,100,100053,100,99321,100,100129,100,99286,100,,,99271,100
2019-06-28 09:52:09.004619611,99808,186,99786,186,99851,186,99519,286,99878,118,99500,186,99948,186,99473,186,100024,100,99430,100,100036,100,99421,100,100043,100,99420,100,100053,100,99321,100,100129,100,99286,100,100235,100,99271,100
2019-06-28 09:52:10.000000000,99808,271,99786,271,99851,271,99519,371,99878,32,99500,100,99948,100,99473,100,100024,100,99430,100,100036,100,99421,100,100043,100,99420,100,100053,100,99321,100,100129,100,99286,100,100235,100,99271,100
2019-06-28 09:52:10.043335970,99808,271,99786,271,99851,271,99519,371,99878,32,99500,100,99948,100,99473,100,100024,100,99430,100,100036,100,99421,100,100043,100,99420,100,100053,100,99321,100,100129,100,99286,100,100235,100,99271,100
2019-06-28 09:52:20.000000000,99808,216,99786,216,99851,213,99519,313,99878,145,99500,213,99948,100,99473,100,100024,100,99430,100,100036,100,99421,100,100043,100,99420,100,100053,100,99321,100,100129,100,99286,100,100235,100,99271,100
2019-06-28 09:52:30.000000000,99808,168,99786,168,99851,168,99519,268,99878,100,99500,168,99948,168,99473,168,100024,168,99430,168,100036,100,99421,100,100043,100,99420,100,100053,100,99321,100,100129,100,99286,100,100235,100,99271,100
2019-06-28 09:52:36.793989947,99808,168,99786,168,99851,168,99562,100,99878,100,99519,268,99948,168,99500,168,100024,168,99473,168,100036,100,99430,168,100043,100,99421,100,100053,100,99420,100,100129,100,99321,100,100235,100,99286,100
2019-06-28 09:52:40.000000000,99808,216,99786,216,99851,213,99562,213,99878,145,99519,313,99948,100,99500,100,100024,100,99473,100,100036,100,99430,100,100043,100,99421,100,100053,100,99420,100,100129,100,99321,100,100235,100,99286,100
2019-06-28 09:52:50.000000000,99808,216,99786,216,99851,213,99562,213,99878,145,99519,313,99948,100,99500,100,100024,100,99473,100,100036,100,99430,100,100043,100,99421,100,100053,100,99420,100,100129,100,99321,100,100235,100,99286,100
2019-06-28 09:52:50.018101254,99808,216,99786,216,99851,213,99562,213,99878,145,99519,313,99948,100,99500,100,100024,100,99473,100,100036,100,99430,100,100043,100,99421,100,100053,100,99420,100,100127,100,99321,100,100129,100,99286,100
2019-06-28 09:53:00.000000000,99808,168,99786,168,99851,168,99562,168,99878,100,99519,268,99948,168,99500,168,100024,168,99473,168,100036,100,99430,100,100043,100,99421,100,100053,100,99420,100,100127,100,99321,100,100129,100,99286,100
2019-06-28 09:53:01.383323171,99808,168,99786,68,99851,168,99562,168,99878,100,99519,268,99948,168,99500,168,100024,168,99473,168,100036,100,99430,100,100043,100,99421,100,100053,100,99420,100,100127,100,99321,100,100129,100,99286,100
2019-06-28 09:53:09.948875947,99808,168,99786,68,99851,168,99763,100,99878,100,99562,168,99948,168,99519,268,100024,168,99500,168,100036,100,99473,168,100043,100,99430,100,100053,100,99421,100,100127,100,99420,100,100129,100,99321,100
2019-06-28 09:53:10.000000000,99808,216,99763,216,99851,213,99562,213,99878,145,99519,313,99948,100,99500,100,100024,100,99473,100,100036,100,99430,100,100043,100,99421,100,100053,100,99420,100,100127,100,99321,100,100129,100,99286,100
2019-06-28 09:53:18.277841590,99808,216,99763,216,99851,213,99562,213,99878,145,99519,313,99945,100,99500,100,99948,100,99473,100,100024,100,99430,100,100036,100,99420,100,100043,100,99321,100,100053,100,99286,100,100127,100,99271,100
2019-06-28 09:53:20.000000000,99808,168,99763,168,99851,168,99562,168,99878,100,99519,268,99945,168,99500,168,99948,168,99473,168,100024,100,99430,100,100036,100,99420,100,100043,100,99321,100,100053,100,99286,100,100127,100,99271,100
2019-06-28 09:53:24.894757457,99808,68,99763,168,99851,168,99562,168,99878,100,99519,268,99945,168,99500,168,99948,168,99473,168,100024,100,99430,100,100036,100,99420,100,100043,100,99286,100,100053,100,99271,100,100127,100,99259,100
2019-06-28 09:53:30.000000000,99851,271,99763,271,99878,203,99562,271,99945,100,99519,200,99948,100,99500,100,100024,100,99473,100,100036,100,99430,100,100043,100,99420,100,100053,100,99286,100,100127,100,99271,100,100129,100,99259,100
2019-06-28 09:53:31.736513992,99851,271,99763,271,99878,203,99646,100,99945,100,99562,271,99948,100,99519,200,100024,100,99500,100,100036,100,99473,100,100043,100,99430,100,100053,100,99420,100,100127,100,99286,100,100129,100,99271,100
2019-06-28 09:53:34.912578692,99851,171,99763,271,99878,203,99646,100,99945,100,99562,271,99948,100,99519,200,100024,100,99500,100,100036,100,99473,100,100043,100,99430,100,100053,100,99420,100,100127,100,99286,100,100129,100,99271,100
2019-06-28 09:53:40.000000000,99878,203,99763,271,99945,271,99646,271,99948,100,99562,100,100024,100,99519,200,100036,100,99500,100,100043,100,99473,100,100053,100,99430,100,100127,100,99420,100,100129,100,99286,100,100164,100,99271,100
2019-06-28 09:53:47.430945615,99878,103,99763,271,99945,271,99646,271,99948,100,99562,100,100024,100,99519,200,100036,100,99500,100,100043,100,99473,100,100053,100,99430,100,100127,100,99420,100,100129,100,99286,100,100164,100,99271,100
2019-06-28 09:53:49.145276920,99878,103,99876,100,99945,271,99763,271,99948,100,99646,271,100024,100,99562,100,100036,100,99519,200,100043,100,99500,100,100053,100,99473,100,100127,100,99430,100,100164,100,99420,100,100235,100,99286,100
2019-06-28 09:53:50.000000000,99945,442,99876,442,99948,100,99763,100,100024,100,99646,100,100036,100,99562,100,100043,100,99519,200,100053,100,99500,100,100127,100,99473,100,100164,100,99430,100,100235,100,99420,100,100271,100,99286,100
2019-06-28 09:53:54.346221029,99945,342,99876,342,99948,100,99763,100,100024,100,99646,100,100036,100,99562,100,100043,100,99519,200,100053,100,99500,100,100127,100,99473,100,100164,100,99430,100,100235,100,99420,100,100271,100,99286,100
2019-06-28 09:54:00.000000000,99948,186,99763,186,100024,186,99646,186,100036,186,99562,186,100043,186,99519,286,100053,100,99500,100,100127,100,99473,100,100164,100,99430,100,100235,100,99420,100,100271,100,99286,100,,,99271,100
2019-06-28 09:54:05.138083901,99948,186,99763,186,100024,186,99646,186,100036,186,99562,186,100043,186,99519,286,100053,100,99500,100,100063,100,99473,100,100127,100,99430,100,100164,100,99420,100,100235,100,99286,100,100271,100,99271,100
2019-06-28 09:54:10.000000000,99948,168,99763,168,100024,168,99646,168,100036,168,99562,168,100043,168,99519,268,100053,168,99500,168,100063,100,99473,100,100127,100,99430,100,100164,100,99420,100,100235,100,99286,100,100271,100,99271,100
2019-06-28 09:54:20.000000000,99948,168,99763,168,100024,168,99646,168,100036,168,99562,168,100043,168,99519,268,100053,168,99500,168,100063,100,99473,100,100127,100,99430,100,100164,100,99420,100,100235,100,99286,100,100271,100,99271,100
2019-06-28 09:54:24.016115768,99948,68,99763,168,100024,168,99646,68,100036,168,99562,168,100043,168,99519,268,100053,168,99500,168,100063,100,99473,100,100127,100,99430,100,100164,100,99420,100,100235,100,99286,100,100271,100,99271,100
2019-06-28 09:54:30.000000000,100024,216,99763,216,100036,213,99562,213,100043,213,99519,313,100053,100,99500,100,100063,100,99473,100,100127,100,99430,100,100164,100,99420,100,100235,100,99286,100,100271,100,99271,100,,,99259,100
2019-06-28 09:54:30.964864199,100024,216,99763,216,100036,213,99562,213,100043,213,99519,213,100053,100,99500,100,100063,100,99473,100,100127,100,99430,100,100164,100,99420,100,100235,100,99286,100,100271,100,99271,100,,,99259,100
2019-06-28 09:54:36.316876235,100024,216,99763,216,100026,100,99562,213,100036,213,99519,213,100043,213,99500,100,100053,100,99473,100,100063,100,99430,100,100127,100,99420,100,100164,100,99286,100,100235,100,99271,100,100271,100,99259,100
2019-06-28 09:54:40.000000000,100024,186,99763,186,100026,186,99562,186,100036,186,99519,186,100043,186,99500,186,100053,100,99473,100,100063,100,99430,100,100127,100,99420,100,100164,100,99286,100,100235,100,99271,100,100271,100,99259,100
2019-06-28 09:54:40.923228492,100024,186,99945,100,100026,186,99763,186,100036,186,99562,186,100043,186,99519,186,100053,100,99500,186,100063,100,99473,100,100127,100,99430,100,100164,100,99420,100,100235,100,99286,100,100271,100,99271,100
2019-06-28 09:54:50.000000000,100024,216,99945,216,100026,213,99763,213,100036,213,99562,213,100043,100,99519,100,100053,100,99500,100,100063,100,99473,100,100127,100,99430,100,100164,100,99420,100,100235,100,99286,100,100271,100,99271,100
2019-06-28 09:55:00.000000000,100024,216,99945,216,100026,213,99763,213,100036,213,99562,213,100043,100,99519,100,100053,100,99500,100,100063,100,99473,100,100127,100,99430,100,100164,100,99420,100,100235,100,99286,100,100271,100,99271,100
2019-06-28 09:55:10.000000000,100024,216,99945,216,100026,213,99763,213,100036,213,99562,213,100043,100,99519,100,100053,100,99500,100,100063,100,99473,100,100127,100,99430,100,100164,100,99420,100,100235,100,99286,100,100271,100,99271,100
2019-06-28 09:55:17.217653012,100024,216,99945,216,100026,213,99763,213,100036,213,99562,213,100043,100,99500,100,100053,100,99473,100,100063,100,99430,100,100127,100,99420,100,100164,100,99286,100,100235,100,99271,100,100271,100,99259,100
2019-06-28 09:55:20.000000000,100024,271,99945,271,100026,271,99763,271,100036,100,99562,100,100043,100,99500,100,100053,100,99473,100,100063,100,99430,100,100127,100,99420,100,100164,100,99286,100,100235,100,99271,100,100271,100,99259,100
2019-06-28 09:55:26.401511683,100024,271,99945,271,100026,271,99858,100,100036,100,99763,271,100043,100,99562,100,100063,100,99500,100,100127,100,99473,100,100164,100,99430,100,100235,100,99420,100,100271,100,99286,100,,,99271,100
2019-06-28 09:55:30.000000000,100024,216,99945,216,100026,213,99858,213,100036,213,99763,213,100043,100,99562,100,100063,100,99500,100,100127,100,99473,100,100164,100,99430,100,100235,100,99420,100,100271,100,99286,100,,,99271,100
2019-06-28 09:55:35.599791617,100024,216,99945,316,100026,213,99858,213,100036,213,99763,213,100043,100,99500,100,100063,100,99473,100,100127,100,99430,100,100164,100,99420,100,100235,100,99286,100,100271,100,99271,100,,,99259,100
2019-06-28 09:55:39.000649636,100024,216,99945,416,100026,213,99858,213,100036,213,99763,213,100043,100,99500,100,100063,100,99473,100,100127,100,99430,100,100164,100,99420,100,100235,100,99286,100,100271,100,99271,100,,,99259,100
2019-06-28 09:55:40.000000000,100024,271,99945,471,100026,271,99858,271,100036,100,99763,100,100043,100,99500,100,100063,100,99473,100,100127,100,99430,100,100164,100,99420,100,100235,100,99286,100,100271,100,99271,100,,,99259,100
2019-06-28 09:55:42.497305815,100024,271,99945,471,100026,271,99858,271,100036,100,99763,100,100043,100,99500,100,100063,100,99473,100,100127,100,99430,100,100164,100,99420,100,100235,100,99286,100,100271,100,99271,100,100340,100,99259,100
2019-06-28 09:55:50.000000000,100024,442,99945,642,100026,100,99858,100,100036,100,99763,100,100043,100,99500,100,100063,100,99473,100,100127,100,99430,100,100164,100,99420,100,100235,100,99286,100,100271,100,99271,100,100340,100,99259,100
2019-06-28 09:55:57.347404509,100024,342,99945,642,100026,100,99858,100,100036,100,99763,100,100043,100,99500,100,100063,100,99473,100,100164,100,99430,100,100235,100,99420,100,100271,100,99286,100,100340,100,99271,100,,,99259,100
2019-06-28 09:56:00.000000000,100026,442,99945,642,100036,100,99858,100,100043,100,99763,100,100063,100,99500,100,100164,100,99473,100,100235,100,99430,100,100271,100,99420,100,100340,100,99286,100,,,99271,100,,,99259,100
2019-06-28 09:56:07.751609080,100026,342,99945,642,100036,100,99858,100,100043,100,99763,100,100063,100,99473,100,100164,100,99430,100,100235,100,99420,100,100271,100,99286,100,100340,100,99271,100,,,99259,100,,,99200,100
2019-06-28 09:56:09.187472245,100026,342,99945,642,100036,100,99858,100,100043,100,99763,100,100056,100,99473,100,100063,100,99430,100,100164,100,99420,100,100235,100,99286,100,100271,100,99271,100,100340,100,99259,100,,,99200,100
2019-06-28 09:56:10.000000000,100036,271,99945,471,100043,271,99858,271,100056,100,99763,100,100063,100,99473,100,100164,100,99430,100,100235,100,99420,100,100271,100,99286,100,100340,100,99271,100,,,99259,100,,,99200,100
2019-06-28 09:56:20.000000000,100036,271,99945,471,100043,271,99858,271,100056,100,99763,100,100063,100,99473,100,100164,100,99430,100,100235,100,99420,100,100271,100,99286,100,100340,100,99271,100,,,99259,100,,,99200,100
2019-06-28 09:56:23.822013201,100036,271,99945,371,100043,271,99858,271,100056,100,99763,100,100063,100,99473,100,100164,100,99430,100,100235,100,99420,100,100271,100,99286,100,100340,100,99271,100,,,99259,100,,,99200,100
2019-06-28 09:56:30.000000000,100036,442,99945,542,100043,100,99858,100,100056,100,99763,100,100063,100,99473,100,100164,100,99430,100,100235,100,99420,100,100271,100,99286,100,100340,100,99271,100,,,99259,100,,,99200,100
2019-06-28 09:56:39.594192533,100036,442,99945,542,100056,100,99858,100,100063,100,99763,100,100164,100,99473,100,100235,100,99430,100,100271,100,99420,100,100289,100,99286,100,100340,100,99271,100,,,99259,100,,,99200,100
2019-06-28 09:56:40.000000000,100036,216,99945,316,100056,213,99858,213,100063,213,99763,213,100164,100,99473,100,100235,100,99430,100,100271,100,99420,100,100289,100,99286,100,100340,100,99271,100,,,99259,100,,,99200,100
2019-06-28 09:56:43.348143444,100036,216,99945,316,100056,213,99858,213,100063,213,99763,213,100164,100,99473,100,100235,100,99430,100,100240,100,99420,100,100271,100,99286,100,100289,100,99271,100,100340,100,99259,100,,,99200,100
2019-06-28 09:56:50.000000000,100036,186,99945,286,100056,186,99858,186,100063,186,99763,186,100164,186,99473,186,100235,100,99430,100,100240,100,99420,100,100271,100,99286,100,100289,100,99271,100,100340,100,99259,100,,,99200,100
2019-06-28 09:56:58.246872799,100036,186,100024,100,100056,186,99945,286,100063,186,99858,186,100164,186,99763,186,100235,100,99473,186,100240,100,99430,100,100271,100,99420,100,100289,100,99286,100,100340,100,99271,100,,,99259,100
2019-06-28 09:57:00.000000000,100036,271,100024,271,100056,271,99945,371,100063,100,99858,100,100164,100,99763,100,100235,100,99473,100,100240,100,99430,100,100271,100,99420,100,100289,100,99286,100,100340,100,99271,100,,,99259,100
2019-06-28 09:57:10.000000000,100036,442,100024,442,100056,100,99945,200,100063,100,99858,100,100164,100,99763,100,100235,100,99473,100,100240,100,99430,100,100271,100,99420,100,100289,100,99286,100,100340,100,99271,100,,,99259,100
2019-06-28 09:57:13.562854586,100036,442,100024,342,100056,100,99945,200,100063,100,99858,100,100164,100,99763,100,100235,100,99473,100,100240,100,99430,100,100271,100,99420,100,100289,100,99286,100,100340,100,99271,100,,,99259,100
2019-06-28 09:57:14.719409882,100036,442,100024,342,100056,100,99945,200,100063,100,99858,100,100164,100,99763,100,100203,100,99473,100,100235,100,99430,100,100240,100,99420,100,100271,100,99286,100,100289,100,99271,100,100340,100,99259,100
2019-06-28 09:57:20.000000000,100036,271,99945,371,100056,271,99858,271,100063,100,99763,100,100164,100,99473,100,100203,100,99430,100,100235,100,99420,100,100240,100,99286,100,100271,100,99271,100,100289,100,99259,100,100340,100,99200,100
2019-06-28 09:57:29.687768253,100036,171,99945,371,100056,271,99858,271,100063,100,99763,100,100164,100,99473,100,100203,100,99430,100,100235,100,99420,100,100240,100,99286,100,100271,100,99271,100,100289,100,99259,100,100340,100,99200,100
2019-06-28 09:57:30.000000000,100056,186,99945,286,100063,186,99858,186,100164,186,99763,186,100203,186,99473,186,100235,100,99430,100,100240,100,99420,100,100271,100,99286,100,100289,100,99271,100,100340,100,99259,100,,,99200,100
2019-06-28 09:57:40.000000000,100056,271,99945,371,100063,271,99858,271,100164,100,99763,100,100203,100,99473,100,100235,100,99430,100,100240,100,99420,100,100271,100,99286,100,100289,100,99271,100,100340,100,99259,100,,,99200,100
2019-06-28 09:57:48.597957405,100056,171,99945,371,100063,271,99858,271,100164,100,99763,100,100203,100,99473,100,100235,100,99430,100,100240,100,99420,100,100289,100,99286,100,100340,100,99271,100,,,99259,100,,,99200,100
2019-06-28 09:57:50.000000000,100063,271,99945,371,100164,271,99858,271,100203,100,99763,100,100235,100,99473,100,100240,100,99430,100,100289,100,99420,100,100340,100,99286,100,,,99271,100,,,99259,100,,,99200,100
2019-06-28 09:58:00.000000000,100063,186,99945,286,100164,186,99858,186,100203,186,99763,186,100235,186,99473,186,100240,100,99430,100,100289,100,99420,100,100340,100,99286,100,,,99271,100,,,99259,100,,,99200,100
2019-06-28 09:58:10.000000000,100063,442,99945,542,100164,100,99858,100,100203,100,99763,100,100235,100,99473,100,100240,100,99430,100,100289,100,99420,100,100340,100,99286,100,,,99271,100,,,99259,100,,,99200,100
2019-06-28 09:58:20.000000000,100063,216,99945,316,100164,213,99858,213,100203,213,99763,213,100235,100,99473,100,100240,100,99430,100,100289,100,99420,100,100340,100,99286,100,,,99271,100,,,99259,100,,,99200,100
2019-06-28 09:58:27.900227510,100063,116,99945,316,100164,213,99858,213,100203,213,99763,113,100235,100,99473,100,100240,100,99430,100,100289,100,99420,100,100340,100,99286,100,,,99271,100,,,99259,100,,,99200,100
2019-06-28 09:58:30.000000000,100164,442,99945,542,100203,100,99858,100,100235,100,99473,100,100240,100,99430,100,100289,100,99420,100,100340,100,99286,100,,,99271,100,,,99259,100,,,99200,100,,,99189,100
2019-06-28 09:58:40.000000000,100164,186,99945,286,100203,186,99858,186,100235,186,99473,186,100240,186,99430,186,100289,100,99420,100,100340,100,99286,100,,,99271,100,,,99259,100,,,99200,100,,,99189,100
2019-06-28 09:58:50.000000000,100164,442,99945,542,100203,100,99858,100,100235,100,99473,100,100240,100,99430,100,100289,100,99420,100,100340,100,99286,100,,,99271,100,,,99259,100,,,99200,100,,,99189,100
2019-06-28 09:58:56.430349872,100164,442,99945,542,100203,100,99858,100,100235,100,99473,100,100240,100,99430,100,100289,100,99420,100,100340,100,99286,100,100435,100,99271,100,,,99259,100,,,99200,100,,,99189,100
2019-06-28 09:59:00.000000000,100164,168,99945,268,100203,168,99858,168,100235,168,99473,168,100240,168,99430,168,100289,168,99420,168,100340,100,99286,100,100435,100,99271,100,,,99259,100,,,99200,100,,,99189,100
2019-06-28 09:59:10.000000000,100164,216,99945,316,100203,213,99858,213,100235,213,99473,213,100240,100,99430,100,100289,100,99420,100,100340,100,99286,100,100435,100,99271,100,,,99259,100,,,99200,100,,,99189,100
2019-06-28 09:59:20.000000000,100164,271,99945,371,100203,271,99858,271,100235,100,99473,100,100240,100,99430,100,100289,100,99420,100,100340,100,99286,100,100435,100,99271,100,,,99259,100,,,99200,100,,,99189,100
2019-06-28 09:59:25.731788416,100164,271,100137,100,100203,271,99945,371,100235,100,99858,271,100240,100,99473,100,100289,100,99430,100,100340,100,99420,100,100435,100,99286,100,,,99271,100,,,99259,100,,,99200,100
2019-06-28 09:59:30.000000000,100164,168,100137,168,100203,168,99945,268,100235,168,99858,168,100240,168,99473,168,100289,168,99430,168,100340,100,99420,100,100435,100,99286,100,,,99271,100,,,99259,100,,,99200,100
2019-06-28 09:59:40.000000000,100164,186,100137,186,100203,186,99945,286,100235,186,99858,186,100240,186,99473,186,100289,100,99430,100,100340,100,99420,100,100435,100,99286,100,,,99271,100,,,99259,100,,,99200,100
2019-06-28 09:59:46.453917853,100164,186,100137,186,100203,186,99945,286,100235,186,99858,186,100240,186,99473,186,100278,100,99430,100,100340,100,99420,100,100435,100,99286,100,,,99271,100,,,99259,100,,,99200,100
2019-06-28 09:59:50.000000000,100164,442,100137,442,100203,100,99945,200,100235,100,99858,100,100240,100,99473,100,100278,100,99430,100,100340,100,99420,100,100435,100,99286,100,,,99271,100,,,99259,100,,,99200,100
2019-06-28 10:00:00.000000000,100164,216,100137,216,100203,213,99945,313,100235,213,99858,213,100240,100,99473,100,100278,100,99430,100,100340,100,99420,100,100435,100,99286,100,,,99271,100,,,99259,100,,,99200,100
2019-06-28 10:00:01.078263667,100164,116,100137,216,100203,213,99945,313,100235,213,99858,213,100240,100,99473,100,100278,100,99430,100,100340,100,99420,100,100435,100,99286,100,,,99259,100,,,99200,100,,,99189,100
2019-06-28 10:00:10.000000000,100203,186,100137,186,100235,186,99945,286,100240,186,99858,186,100278,186,99473,186,100340,100,99430,100,100435,100,99420,100,,,99286,100,,,99259,100,,,99200,100,,,99189,100
2019-06-28 10:00:20.000000000,100203,442,100137,442,100235,100,99945,200,100240,100,99858,100,100278,100,99473,100,100340,100,99430,100,100435,100,99420,100,,,99286,100,,,99259,100,,,99200,100,,,99189,100
2019-06-28 10:00:30.000000000,100203,271,100137,271,100235,271,99945,371,100240,100,99858,100,100278,100,99473,100,100340,100,99430,100,100435,100,99420,100,,,99286,100,,,99259,100,,,99200,100,,,99189,100
2019-06-28 10:00:34.760546535,100203,271,100142,100,100235,271,100137,271,100240,100,99945,371,100278,100,99858,100,100340,100,99473,100,100435,100,99430,100,,,99420,100,,,99286,100,,,99259,100,,,99200,100
2019-06-28 10:00:39.340036370,100203,271,100137,271,100235,271,99945,371,100240,100,99858,100,100278,100,99473,100,100340,100,99430,100,100435,100,99420,100,,,99286,100,,,99259,100,,,99200,100,,,99189,100
2019-06-28 10:00:40.000000000,100203,442,100137,442,100235,100,99945,200,100240,100,99858,100,100278,100,99473,100,100340,100,99430,100,100435,100,99420,100,,,99286,100,,,99259,100,,,99200,100,,,99189,100
2019-06-28 10:00:43.574596563,100203,442,100137,342,100235,100,99945,200,100240,100,99858,100,100278,100,99473,100,100340,100,99430,100,100435,100,99420,100,,,99286,100,,,99259,100,,,99200,100,,,99189,100
2019-06-28 10:00:50.000000000,100203,442,99945,542,100235,100,99858,100,100240,100,99473,100,100278,100,99430,100,100340,100,99420,100,100435,100,99286,100,,,99259,100,,,99200,100,,,99189,100,,,99077,100
2019-06-28 10:00:52.246677515,100203,442,100138,100,100235,100,99945,542,100240,100,99858,100,100278,100,99473,100,100340,100,99430,100,100435,100,99420,100,,,99286,100,,,99259,100,,,99200,100,,,99189,100
2019-06-28 10:01:00.000000000,100203,442,100138,442,100235,100,99945,200,100240,100,99858,100,100278,100,99473,100,100340,100,99430,100,100435,100,99420,100,,,99286,100,,,99259,100,,,99200,100,,,99189,100
2019-06-28 10:01:10.000000000,100203,186,100138,186,100235,186,99945,286,100240,186,99858,186,100278,186,99473,186,100340,100,99430,100,100435,100,99420,100,,,99286,100,,,99259,100,,,99200,100,,,99189,100
2019-06-28 10:01:15.462095521,100203,186,100138,186,100235,186,100017,100,100240,186,99945,286,100278,186,99858,186,100340,100,99473,186,100435,100,99430,100,,,99420,100,,,99286,100,,,99259,100,,,99200,100
2019-06-28 10:01:20.000000000,100203,442,100138,442,100235,100,100017,100,100240,100,99945,200,100278,100,99858,100,100340,100,99473,100,100435,100,99430,100,,,99420,100,,,99286,100,,,99259,100,,,99200,100
2019-06-28 10:01:30.000000000,100203,216,100138,216,100235,213,100017,213,100240,213,99945,313,100278,100,99858,100,100340,100,99473,100,100435,100,99430,100,,,99420,100,,,99286,100,,,99259,100,,,99200,100
2019-06-28 10:01:40.000000000,100203,271,100138,271,100235,271,100017,271,100240,100,99945,200,100278,100,99858,100,100340,100,99473,100,100435,100,99430,100,,,99420,100,,,99286,100,,,99259,100,,,99200,100
2019-06-28 10:01:45.549895029,100203,271,100138,171,100235,271,100017,271,100240,100,99945,200,100278,100,99858,100,100340,100,99473,100,100435,100,99430,100,,,99420,100,,,99286,100,,,99259,100,,,99200,100
2019-06-28 10:01:46.201116234,100203,271,100138,171,100235,271,100017,271,100240,100,99945,200,100278,100,99869,100,100340,100,99858,100,100435,100,99473,100,,,99430,100,,,99420,100,,,99286,100,,,99259,100
2019-06-28 10:01:50.000000000,100203,442,100017,442,100235,100,99945,200,100240,100,99869,100,100278,100,99858,100,100340,100,99473,100,100435,100,99430,100,,,99420,100,,,99286,100,,,99259,100,,,99200,100
2019-06-28 10:01:52.359472981,100203,442,100017,442,100235,100,99990,100,100240,100,99945,200,100278,100,99869,100,100340,100,99858,100,100435,100,99473,100,,,99430,100,,,99420,100,,,99286,100,,,99259,100
2019-06-28 10:01:55.677072451,100203,442,100017,342,100235,100,99945,200,100240,100,99869,100,100278,100,99858,100,100340,100,99473,100,100435,100,99430,100,,,99420,100,,,99286,100,,,99259,100,,,99200,100
2019-06-28 10:01:59.602019719,100203,442,100018,100,100235,100,100017,342,100240,100,99945,200,100278,100,99869,100,100340,100,99858,100,100435,100,99473,100,,,99430,100,,,99420,100,,,99286,100,,,99259,100
2019-06-28 10:02:00.000000000,100203,271,100018,271,100235,271,99945,371,100240,100,99869,100,100278,100,99858,100,100340,100,99473,100,100435,100,99430,100,,,99420,100,,,99286,100,,,99259,100,,,99200,100
2019-06-28 10:02:07.342465858,100203,271,100018,171,100235,271,99945,371,100240,100,99869,100,100278,100,99858,100,100340,100,99473,100,100435,100,99430,100,,,99420,100,,,99286,100,,,99259,100,,,99200,100
2019-06-28 10:02:10.000000000,100203,271,99945,371,100235,271,99869,271,100240,100,99858,100,100278,100,99473,100,100340,100,99430,100,100435,100,99420,100,,,99286,100,,,99259,100,,,99200,100,,,99189,100
2019-06-28 10:02:20.000000000,100203,271,99945,371,100235,271,99869,271,100240,100,99858,100,100278,100,99473,100,100340,100,99430,100,100435,100,99420,100,,,99286,100,,,99259,100,,,99200,100,,,99189,100
2019-06-28 10:02:30.000000000,100203,168,99945,268,100235,168,99869,168,100240,168,99858,168,100278,168,99473,168,100340,168,99430,168,100435,100,99420,100,,,99286,100,,,99259,100,,,99200,100,,,99189,100
2019-06-28 10:02:33.461718496,100203,168,99945,268,100235,168,99869,168,100240,168,99858,168,100278,168,99473,168,100340,168,99430,168,,,99420,100,,,99288,100,,,99286,100,,,99259,100,,,99200,100
2019-06-28 10:02:40.000000000,100203,442,99945,542,100235,100,99869,100,100240,100,99858,100,100278,100,99473,100,100340,100,99430,100,,,99420,100,,,99288,100,,,99286,100,,,99259,100,,,99200,100
2019-06-28 10:02:50.000000000,100203,186,99945,286,100235,186,99869,186,100240,186,99858,186,100278,186,99473,186,100340,100,99430,100,,,99420,100,,,99288,100,,,99286,100,,,99259,100,,,99200,100
2019-06-28 10:03:00.000000000,100203,216,99945,316,100235,213,99869,213,100240,213,99858,213,100278,100,99473,100,100340,100,99430,100,,,99420,100,,,99288,100,,,99286,100,,,99259,100,,,99200,100
2019-06-28 10:03:10.000000000,100203,168,99945,268,100235,168,99869,168,100240,168,99858,168,100278,168,99473,168,100340,168,99430,168,,,99420,100,,,99288,100,,,99286,100,,,99259,100,,,99200,100
2019-06-28 10:03:18.798429707,100203,168,99945,168,100235,168,99869,168,100240,168,99858,168,100278,168,99473,168,100340,168,99430,168,,,99420,100,,,99288,100,,,99286,100,,,99259,100,,,99200,100
2019-06-28 10:03:20.000000000,100203,168,99945,168,100235,168,99869,168,100240,168,99858,168,100278,168,99473,168,100340,168,99430,168,,,99420,100,,,99288,100,,,99286,100,,,99259,100,,,99200,100
2019-06-28 10:03:26.183686058,100203,168,99985,100,100235,168,99945,168,100240,168,99869,168,100278,168,99858,168,100340,168,99473,168,,,99430,168,,,99420,100,,,99288,100,,,99286,100,,,99259,100
2019-06-28 10:03:28.115193854,100018,100,99985,100,100203,168,99945,168,100235,168,99869,168,100240,168,99858,168,100278,168,99473,168,100340,168,99430,168,,,99420,100,,,99288,100,,,99286,100,,,99259,100
2019-06-28 10:03:30.000000000,100018,168,99985,168,100203,168,99945,168,100235,168,99869,168,100240,168,99858,168,100278,168,99473,168,100340,100,99430,100,,,99420,100,,,99288,100,,,99286,100,,,99259,100
2019-06-28 10:03:39.499738896,100018,168,99985,168,100203,168,99945,168,100235,168,99869,168,100240,168,99858,168,100278,168,99855,100,100340,100,99473,168,,,99430,100,,,99420,100,,,99288,100,,,99286,100
2019-06-28 10:03:40.000000000,100018,186,99985,186,100203,186,99945,186,100235,186,99869,186,100240,186,99858,186,100278,100,99855,100,100340,100,99473,100,,,99430,100,,,99420,100,,,99288,100,,,99286,100
2019-06-28 10:03:46.641081929,100018,286,99985,186,100203,186,99945,186,100235,186,99869,186,100240,186,99858,186,100278,100,99855,100,100340,100,99473,100,,,99430,100,,,99420,100,,,99288,100,,,99286,100
2019-06-28 10:03:50.000000000,100018,371,99985,271,100203,271,99945,271,100235,100,99869,100,100240,100,99858,100,100278,100,99855,100,100340,100,99473,100,,,99430,100,,,99420,100,,,99288,100,,,99286,100
2019-06-28 10:04:00.000000000,100018,316,99985,216,100203,213,99945,213,100235,213,99869,213,100240,100,99858,100,100278,100,99855,100,100340,100,99473,100,,,99430,100,,,99420,100,,,99288,100,,,99286,100
2019-06-28 10:04:10.000000000,100018,286,99985,186,100203,186,99945,186,100235,186,99869,186,100240,186,99858,186,100278,100,99855,100,100340,100,99473,100,,,99430,100,,,99420,100,,,99288,100,,,99286,100
2019-06-28 10:04:11.668442218,100018,286,99985,86,100203,186,99945,186,100235,186,99869,186,100240,186,99858,186,100278,100,99855,100,100340,100,99473,100,,,99430,100,,,99420,100,,,99288,100,,,99286,100
2019-06-28 10:04:20.000000000,100018,286,99945,186,100203,186,99869,186,100235,186,99858,186,100240,186,99855,186,100278,100,99473,100,100340,100,99430,100,,,99420,100,,,99288,100,,,99286,100,,,99259,100
2019-06-28 10:04:30.000000000,100018,316,99945,216,100203,213,99869,213,100235,213,99858,213,100240,100,99855,100,100278,100,99473,100,100340,100,99430,100,,,99420,100,,,99288,100,,,99286,100,,,99259,100
2019-06-28 10:04:40.000000000,100018,542,99945,442,100203,100,99869,100,100235,100,99858,100,100240,100,99855,100,100278,100,99473,100,100340,100,99430,100,,,99420,100,,,99288,100,,,99286,100,,,99259,100
2019-06-28 10:04:50.000000000,100018,286,99945,186,100203,186,99869,186,100235,186,99858,186,100240,186,99855,186,100278,100,99473,100,100340,100,99430,100,,,99420,100,,,99288,100,,,99286,100,,,99259,100
2019-06-28 10:05:00.000000000,100018,316,99945,216,100203,213,99869,213,100235,213,99858,213,100240,100,99855,100,100278,100,99473,100,100340,100,99430,100,,,99420,100,,,99288,100,,,99286,100,,,99259,100
2019-06-28 10:05:01.569202721,99985,100,99945,216,100018,316,99869,213,100203,213,99858,213,100235,213,99855,100,100240,100,99473,100,100278,100,99430,100,100340,100,99420,100,,,99288,100,,,99286,100,,,99259,100
2019-06-28 10:05:10.000000000,99985,186,99945,186,100018,286,99869,186,100203,186,99858,186,100235,186,99855,186,100240,100,99473,100,100278,100,99430,100,100340,100,99420,100,,,99288,100,,,99286,100,,,99259,100
2019-06-28 10:05:20.000000000,99985,216,99945,216,100018,313,99869,213,100203,213,99858,213,100235,100,99855,100,100240,100,99473,100,100278,100,99430,100,100340,100,99420,100,,,99288,100,,,99286,100,,,99259,100
2019-06-28 10:05:30.000000000,99985,216,99945,216,100018,313,99869,213,100203,213,99858,213,100235,100,99855,100,100240,100,99473,100,100278,100,99430,100,100340,100,99420,100,,,99288,100,,,99286,100,,,99259,100
2019-06-28 10:05:32.999231376,99985,216,99945,216,100018,313,99869,213,100203,213,99858,213,100235,100,99855,100,100240,100,99854,100,100278,100,99473,100,100340,100,99430,100,,,99420,100,,,99288,100,,,99286,100
2019-06-28 10:05:37.589836383,99985,216,99946,100,100018,313,99945,216,100203,213,99869,213,100235,100,99858,213,100240,100,99855,100,100278,100,99854,100,100340,100,99473,100,,,99430,100,,,99420,100,,,99288,100
2019-06-28 10:05:38.954797496,99985,216,99946,100,100018,313,99945,216,100203,213,99869,213,100235,100,99858,213,100240,100,99855,100,100278,100,99854,100,100340,100,99498,100,,,99473,100,,,99430,100,,,99420,100
2019-06-28 10:05:40.000000000,99985,442,99946,442,100018,200,99945,100,100203,100,99869,100,100235,100,99858,100,100240,100,99855,100,100278,100,99854,100,100340,100,99498,100,,,99473,100,,,99430,100,,,99420,100
2019-06-28 10:05:44.747388600,99985,442,99946,442,100018,200,99945,100,100203,100,99869,100,100235,100,99858,100,100240,100,99855,100,100278,100,99854,100,100340,100,99498,100,,,99473,100,,,99430,100,,,99420,100
2019-06-28 10:05:45.428861265,99985,442,99946,442,100018,200,99945,100,100203,100,99869,100,100235,100,99858,100,100240,100,99855,100,100278,100,99854,100,100340,100,99695,100,,,99498,100,,,99473,100,,,99430,100
2019-06-28 10:05:50.000000000,99985,186,99946,186,100018,286,99945,186,100203,186,99869,186,100235,186,99858,186,100240,100,99855,100,100278,100,99854,100,100340,100,99695,100,,,99498,100,,,99473,100,,,99430,100
2019-06-28 10:06:00.000000000,99985,186,99946,186,100018,286,99945,186,100203,186,99869,186,100235,186,99858,186,100240,100,99855,100,100278,100,99854,100,100340,100,99695,100,,,99498,100,,,99473,100,,,99430,100
2019-06-28 10:06:02.639871803,99985,186,99946,186,100018,286,99945,186,100118,100,99869,186,100203,186,99858,186,100235,186,99855,100,100240,100,99854,100,100278,100,99695,100,100340,100,99498,100,,,99473,100,,,99430,100
2019-06-28 10:06:10.000000000,99985,216,99946,216,100018,313,99945,213,100118,213,99869,213,100203,100,99858,100,100235,100,99855,100,100240,100,99854,100,100278,100,99695,100,100340,100,99498,100,,,99473,100,,,99430,100
2019-06-28 10:06:16.121835060,99985,216,99946,216,100018,313,99945,213,100031,100,99869,213,100118,213,99858,100,100203,100,99855,100,100235,100,99695,100,100240,100,99498,100,100278,100,99473,100,100340,100,99430,100,,,99420,100
2019-06-28 10:06:16.431435291,99985,216,99946,216,100018,213,99945,213,100031,100,99869,213,100118,213,99858,100,100203,100,99855,100,100235,100,99695,100,100240,100,99498,100,100278,100,99473,100,100340,100,99430,100,,,99420,100
2019-06-28 10:06:19.118748973,99985,116,99946,216,100018,213,99945,213,100031,100,99869,213,100118,213,99858,100,100203,100,99855,100,100235,100,99695,100,100240,100,99498,100,100278,100,99473,100,100340,100,99430,100,,,99420,100
2019-06-28 10:06:20.000000000,100018,168,99946,168,100031,168,99945,168,100118,168,99869,168,100203,168,99858,168,100235,168,99855,168,100240,100,99695,100,100278,100,99498,100,100340,100,99473,100,,,99430,100,,,99420,100
2019-06-28 10:06:28.952393162,100018,168,99946,168,100031,168,99945,168,100118,168,99869,168,100203,168,99858,168,100227,100,99855,168,100235,168,99695,100,100240,100,99498,100,100278,100,99473,100,100340,100,99430,100,,,99420,100
2019-06-28 10:06:30.000000000,100018,168,99946,168,100031,168,99945,168,100118,168,99869,168,100203,168,99858,168,100227,168,99855,168,100235,100,99695,100,100240,100,99498,100,100278,100,99473,100,100340,100,99430,100,,,99420,100
2019-06-28 10:06:33.800381504,100018,168,99946,168,100031,168,99945,168,100118,168,99917,100,100203,168,99869,168,100227,168,99858,168,100235,100,99855,168,100240,100,99695,100,100278,100,99498,100,100340,100,99473,100,,,99430,100
2019-06-28 10:06:40.000000000,100018,442,99946,442,100031,100,99945,100,100118,100,99917,100,100203,100,99869,100,100227,100,99858,100,100235,100,99855,100,100240,100,99695,100,100278,100,99498,100,100340,100,99473,100,,,99430,100
2019-06-28 10:06:50.000000000,100018,186,99946,186,100031,186,99945,186,100118,186,99917,186,100203,186,99869,186,100227,100,99858,100,100235,100,99855,100,100240,100,99695,100,100278,100,99498,100,100340,100,99473,100,,,99430,100
2019-06-28 10:06:50.978649582,99984,100,99946,186,100018,186,99945,186,100031,186,99917,186,100118,186,99869,186,100203,186,99858,100,100227,100,99855,100,100235,100,99695,100,100240,100,99498,100,100278,100,99473,100,100340,100,99430,100
2019-06-28 10:07:00.000000000,99984,168,99946,168,100018,168,99945,168,100031,168,99917,168,100118,168,99869,168,100203,168,99858,168,100227,100,99855,100,100235,100,99695,100,100240,100,99498,100,100278,100,99473,100,100340,100,99430,100
2019-06-28 10:07:10.000000000,99984,271,99946,271,100018,271,99945,271,100031,100,99917,100,100118,100,99869,100,100203,100,99858,100,100227,100,99855,100,100235,100,99695,100,100240,100,99498,100,100278,100,99473,100,100340,100,99430,100
2019-06-28 10:07:20.000000000,99984,271,99946,271,100018,271,99945,271,100031,100,99917,100,100118,100,99869,100,100203,100,99858,100,100227,100,99855,100,100235,100,99695,100,100240,100,99498,100,100278,100,99473,100,100340,100,99430,100
2019-06-28 10:07:23.146708596,99984,371,99946,271,100018,271,99945,271,100031,100,99917,100,100118,100,99869,100,100203,100,99858,100,100227,100,99855,100,100235,100,99695,100,100240,100,99498,100,100278,100,99473,100,100340,100,99430,100
2019-06-28 10:07:28.139499463,99984,371,99959,100,100018,271,99946,271,100031,100,99945,271,100118,100,99917,100,100203,100,99869,100,100227,100,99858,100,100235,100,99855,100,100240,100,99695,100,100278,100,99498,100,100340,100,99473,100
2019-06-28 10:07:30.000000000,99984,316,99959,216,100018,213,99946,213,100031,213,99945,213,100118,100,99917,100,100203,100,99869,100,100227,100,99858,100,100235,100,99855,100,100240,100,99695,100,100278,100,99498,100,100340,100,99473,100
2019-06-28 10:07:31.172679537,99984,316,99959,216,99986,100,99946,213,100018,213,99945,213,100031,213,99917,100,100118,100,99869,100,100203,100,99858,100,100227,100,99855,100,100235,100,99695,100,100240,100,99498,100,100278,100,99473,100
2019-06-28 10:07:39.523371088,99984,316,99959,216,99986,100,99946,213,100018,213,99945,213,100031,213,99917,100,100118,100,99869,100,100123,100,99858,100,100203,100,99855,100,100227,100,99695,100,100235,100,99498,100,100240,100,99473,100
2019-06-28 10:07:40.000000000,99984,542,99959,442,99986,100,99946,100,100018,100,99945,100,100031,100,99917,100,100118,100,99869,100,100123,100,99858,100,100203,100,99855,100,100227,100,99695,100,100235,100,99498,100,100240,100,99473,100
2019-06-28 10:07:43.439560191,99984,442,99959,442,99986,100,99946,100,100018,100,99945,100,100031,100,99917,100,100118,100,99869,100,100123,100,99858,100,100203,100,99855,100,100235,100,99695,100,100240,100,99498,100,100278,100,99473,100
2019-06-28 10:07:50.000000000,99984,186,99959,186,99986,186,99946,186,100018,186,99945,186,100031,186,99917,186,100118,100,99869,100,100123,100,99858,100,100203,100,99855,100,100235,100,99695,100,100240,100,99498,100,100278,100,99473,100
2019-06-28 10:08:00.000000000,99984,168,99959,168,99986,168,99946,168,100018,168,99945,168,100031,168,99917,168,100118,168,99869,168,100123,100,99858,100,100203,100,99855,100,100235,100,99695,100,100240,100,99498,100,100278,100,99473,100
2019-06-28 10:08:10.000000000,99984,442,99959,442,99986,100,99946,100,100018,100,99945,100,100031,100,99917,100,100118,100,99869,100,100123,100,99858,100,100203,100,99855,100,100235,100,99695,100,100240,100,99498,100,100278,100,99473,100
2019-06-28 10:08:20.000000000,99984,216,99959,216,99986,213,99946,213,100018,213,99945,213,100031,100,99917,100,100118,100,99869,100,100123,100,99858,100,100203,100,99855,100,100235,100,99695,100,100240,100,99498,100,100278,100,99473,100
2019-06-28 10:08:25.690620413,99984,116,99959,216,99986,213,99946,213,100018,213,99945,213,100031,100,99917,100,100118,100,99869,100,100123,100,99858,100,100203,100,99855,100,100235,100,99695,100,100240,100,99498,100,100278,100,99473,100
2019-06-28 10:08:28.833255245,99984,16,99959,216,99986,113,99946,213,100018,213,99945,213,100031,100,99917,100,100118,100,99869,100,100123,100,99858,100,100203,100,99855,100,100235,100,99695,100,100240,100,99498,100,100278,100,99473,100
2019-06-28 10:08:30.000000000,100018,216,99959,216,100031,213,99946,213,100118,213,99945,213,100123,100,99917,100,100203,100,99869,100,100235,100,99858,100,100240,100,99855,100,100278,100,99695,100,100340,100,99498,100,,,99473,100
2019-06-28 10:08:32.804433663,100018,216,99959,116,100031,213,99946,213,100118,213,99945,213,100123,100,99917,100,100203,100,99869,100,100235,100,99858,100,100240,100,99855,100,100278,100,99695,100,100340,100,99498,100,100497,100,99473,100
2019-06-28 10:08:40.000000000,100018,168,99946,168,100031,168,99945,168,100118,168,99917,168,100123,168,99869,168,100203,168,99858,168,100235,100,99855,100,100240,100,99695,100,100278,100,99498,100,100340,100,99473,100,100497,100,99430,100
2019-06-28 10:08:50.000000000,100018,216,99946,216,100031,213,99945,213,100118,213,99917,213,100123,100,99869,100,100203,100,99858,100,100235,100,99855,100,100240,100,99695,100,100278,100,99498,100,100340,100,99473,100,100497,100,99430,100
2019-06-28 10:08:54.805367554,100018,216,99946,216,100031,213,99945,213,100118,213,99917,213,100123,100,99869,100,100173,100,99858,100,100203,100,99855,100,100235,100,99695,100,100240,100,99498,100,100278,100,99473,100,100340,100,99430,100
