,ask_price_1,ask_size_1,bid_price_1,bid_size_1,ask_price_2,ask_size_2,bid_price_2,bid_size_2,ask_price_3,ask_size_3,bid_price_3,bid_size_3,ask_price_4,ask_size_4,bid_price_4,bid_size_4,ask_price_5,ask_size_5,bid_price_5,bid_size_5,ask_price_6,ask_size_6,bid_price_6,bid_size_6,ask_price_7,ask_size_7,bid_price_7,bid_size_7,ask_price_8,ask_size_8,bid_price_8,bid_size_8,ask_price_9,ask_size_9,bid_price_9,bid_size_9,ask_price_10,ask_size_10,bid_price_10,bid_size_10
2019-06-28 09:30:00.000000000,100101,100,,,,,,,,,,,,,,,,,,,,,,,,,,,,,,,,,,,,,,
2019-06-28 09:30:00.000000001,100073,100,,,100101,100,,,100151,100,,,,,,,,,,,,,,,,,,,,,,,,,,,,,,
2019-06-28 09:30:00.000000003,100014,100,99948,100,100073,100,,,100101,100,,,100151,100,,,,,,,,,,,,,,,,,,,,,,,,,,
2019-06-28 09:30:00.000000005,100014,100,99948,100,100073,100,99894,100,100101,100,,,100151,100,,,,,,,,,,,,,,,,,,,,,,,,,,
2019-06-28 09:30:00.000000006,100014,100,99948,100,100073,100,99920,100,100101,100,99894,100,100151,100,,,,,,,,,,,,,,,,,,,,,,,,,,
2019-06-28 09:30:00.000000008,100073,100,99948,100,100101,100,99920,100,100151,100,99894,100,,,,,,,,,,,,,,,,,,,,,,,,,,,,
2019-06-28 09:30:00.000000010,100073,100,99981,100,100101,100,99948,100,100151,100,99937,100,,,99920,100,,,99894,100,,,,,,,,,,,,,,,,,,,,
2019-06-28 09:30:00.000000011,100044,100,99981,100,100073,100,99948,100,100101,100,99937,100,100151,100,99920,100,100157,100,99894,100,,,,,,,,,,,,,,,,,,,,
2019-06-28 09:30:00.000000013,100001,100,99981,100,100044,100,99948,100,100073,100,99937,100,100101,100,99920,100,100151,100,99894,100,100157,100,,,,,,,,,,,,,,,,,,
2019-06-28 09:30:00.000000014,100001,100,99981,100,100038,100,99948,100,100044,100,99937,100,100073,100,99930,100,100101,100,99920,100,100151,100,99894,100,100157,100,,,,,,,,,,,,,,
2019-06-28 09:30:00.000000016,100038,100,99981,100,100044,100,99948,100,100073,100,99937,100,100101,100,99930,100,100151,100,99920,100,100157,100,99894,100,,,,,,,,,,,,,,,,
2019-06-28 09:30:00.000000020,100014,100,99981,100,100038,100,99948,100,100044,100,99937,100,100073,100,99930,100,100101,100,99920,100,100151,100,99894,100,100157,100,,,,,,,,,,,,,,
2019-06-28 09:30:00.000000021,100014,100,99981,100,100030,100,99948,100,100038,100,99937,100,100044,100,99930,100,100073,100,99920,100,100101,100,99894,100,100151,100,,,100157,100,,,,,,,,,,
2019-06-28 09:30:00.000000023,100014,200,99981,100,100030,100,99948,100,100038,100,99937,100,100044,100,99930,100,100073,100,99920,100,100101,100,99894,100,100151,100,,,100157,100,,,,,,,,,,
2019-06-28 09:30:00.000000025,100014,200,99981,100,100030,100,99948,100,100038,100,99937,100,100044,100,99930,100,100073,100,99920,100,100101,100,99894,100,100151,100,99877,100,100153,100,,,100157,100,,,,,,
2019-06-28 09:30:00.000000027,100014,200,99981,100,100030,100,99956,100,100038,100,99948,100,100044,100,99937,100,100073,100,99930,100,100101,100,99920,100,100151,100,99894,100,100153,100,99877,100,100157,100,,,,,,
2019-06-28 09:30:00.000000028,100014,200,99981,100,100030,100,99956,100,100038,100,99948,100,100044,100,99937,100,100073,100,99930,100,100101,100,99920,100,100151,100,99894,100,100153,100,99877,100,100157,100,99859,100,,,,
2019-06-28 09:30:00.000000029,100014,200,99981,100,100030,100,99977,100,100038,100,99956,100,100044,100,99948,100,100073,100,99937,100,100101,100,99930,100,100151,100,99920,100,100153,100,99894,100,100157,100,99877,100,,,99859,100
2019-06-28 09:30:00.000000033,100014,100,99981,100,100030,100,99977,100,100038,100,99956,100,100044,100,99948,100,100073,100,99937,100,100074,100,99930,100,100101,100,99920,100,100151,100,99894,100,100153,100,99877,100,100157,100,99859,100
2019-06-28 09:30:00.000000034,100014,100,99981,100,100030,100,99977,100,100038,100,99956,100,100044,100,99948,100,100073,100,99937,100,100074,100,99930,100,100101,100,99920,100,100151,100,99894,100,100153,100,99877,100,100157,100,99859,100
2019-06-28 09:30:00.000000038,100014,100,99981,100,100030,100,99977,100,100038,100,99956,100,100044,100,99948,100,100073,100,99937,100,100074,100,99930,100,100101,100,99922,100,100151,100,99920,100,100153,100,99894,100,100157,100,99877,100
2019-06-28 09:30:00.000000042,100009,100,99981,100,100014,100,99977,100,100030,100,99956,100,100038,100,99948,100,100044,100,99937,100,100073,100,99930,100,100074,100,99922,100,100101,100,99920,100,100151,100,99894,100,100153,100,99877,100
2019-06-28 09:30:00.000000045,100009,100,99981,100,100014,100,99977,100,100030,100,99956,100,100038,100,99948,100,100044,100,99937,100,100073,100,99930,100,100074,100,99922,100,100101,100,99920,100,100151,100,99915,100,100153,100,99894,100
2019-06-28 09:30:00.000000047,100009,100,99981,100,100014,100,99977,100,100030,100,99956,100,100038,100,99948,100,100044,100,99937,100,100073,100,99930,100,100074,100,99922,100,100101,100,99920,100,100112,100,99915,100,100151,100,99894,100
2019-06-28 09:30:00.000000049,100009,100,99981,100,100014,100,99977,100,100030,100,99956,100,100038,100,99948,100,100044,100,99937,100,100073,100,99934,100,100074,100,99930,100,100101,100,99922,100,100112,100,99920,100,100151,100,99915,100
2019-06-28 09:30:00.000000054,100009,100,99981,100,100014,100,99977,100,100030,100,99956,100,100038,100,99948,100,100044,100,99937,100,100073,100,99934,100,100074,100,99930,100,100101,100,99922,100,100112,100,99920,100,100151,100,99915,100
2019-06-28 09:30:00.000000057,100009,100,100007,100,100014,100,100005,100,100030,100,99981,100,100038,100,99977,100,100044,100,99956,200,100073,100,99948,100,100074,100,99937,100,100101,100,99934,100,100112,100,99930,100,100151,100,99922,100
2019-06-28 09:30:00.000000058,100014,100,100007,100,100030,100,100005,100,100038,100,99981,100,100044,100,99977,100,100073,100,99956,200,100074,100,99948,100,100101,100,99942,100,100112,100,99937,100,100151,100,99934,100,100153,100,99930,100
2019-06-28 09:30:00.000000065,100014,100,100007,100,100030,100,100005,100,100038,100,99981,100,100044,100,99977,100,100073,100,99956,200,100074,100,99948,100,100101,100,99942,100,100112,100,99937,100,100151,100,99934,100,100153,100,99930,100
2019-06-28 09:30:00.000000066,100014,100,100007,100,100030,100,100005,100,100038,100,99981,100,100044,100,99977,100,100073,100,99956,200,100074,100,99948,100,100101,100,99942,100,100112,100,99937,100,100144,100,99934,100,100151,100,99930,100
2019-06-28 09:30:00.000000067,100014,100,100005,100,100030,100,99981,100,100038,100,99977,100,100044,100,99956,200,100073,100,99948,100,100074,100,99942,100,100101,100,99937,100,100112,100,99934,100,100144,100,99930,100,100151,100,99922,100
2019-06-28 09:30:00.000000068,100014,100,100005,100,100030,100,99981,100,100038,100,99977,100,100040,100,99956,200,100044,100,99948,100,100073,100,99942,100,100074,100,99937,100,100101,100,99934,100,100112,100,99930,100,100144,100,99922,100
2019-06-28 09:30:00.000000069,100014,100,99981,100,100030,100,99977,100,100038,100,99956,200,100040,100,99948,100,100044,100,99942,100,100073,100,99937,100,100074,100,99934,100,100101,100,99930,100,100112,100,99922,100,100144,100,99920,100
2019-06-28 09:30:00.000000073,100014,100,100004,100,100030,100,99981,100,100038,100,99977,100,100040,100,99956,200,100044,100,99948,100,100073,100,99942,100,100074,100,99937,100,100101,100,99934,100,100112,100,99930,100,100144,100,99922,100
2019-06-28 09:30:00.000000078,100014,100,100004,100,100030,100,99981,100,100031,100,99977,100,100038,100,99956,200,100040,100,99948,100,100044,100,99942,100,100073,100,99937,100,100074,100,99934,100,100101,100,99930,100,100112,100,99922,100
2019-06-28 09:30:00.000000080,100030,100,100004,100,100031,100,99981,100,100038,100,99977,100,100040,100,99956,200,100044,100,99948,100,100073,100,99942,100,100074,100,99937,100,100101,100,99934,100,100112,100,99930,100,100144,100,99922,100
2019-06-28 09:30:00.000000082,100030,100,100004,100,100031,100,99981,100,100038,100,99977,100,100040,100,99956,200,100044,100,99948,100,100073,100,99942,100,100074,100,99937,100,100101,100,99934,100,100112,100,99930,100,100123,100,99922,100
2019-06-28 09:30:00.000000083,100025,100,100004,100,100030,100,99981,100,100031,100,99977,100,100038,100,99956,200,100040,100,99948,100,100044,100,99942,100,100073,100,99937,100,100074,100,99934,100,100081,100,99930,100,100101,100,99922,100
2019-06-28 09:30:00.000000084,100025,100,100004,100,100030,100,99981,100,100031,100,99980,100,100038,100,99977,100,100040,100,99956,200,100044,100,99948,100,100073,100,99942,100,100074,100,99937,100,100081,100,99934,100,100101,100,99930,100
2019-06-28 09:30:00.000000085,100018,100,100004,100,100025,100,99981,100,100030,100,99980,100,100031,100,99977,100,100038,100,99956,200,100040,100,99948,100,100044,100,99942,100,100073,100,99937,100,100074,100,99934,100,100081,100,99930,100
2019-06-28 09:30:00.000000089,100018,100,100004,100,100025,100,99981,100,100030,100,99980,100,100031,100,99977,100,100038,100,99956,200,100040,100,99948,100,100044,100,99942,100,100073,100,99937,100,100074,100,99934,100,100078,100,99930,100
2019-06-28 09:30:00.000000092,100018,100,99981,100,100025,100,99980,100,100030,100,99977,100,100031,100,99956,200,100038,100,99948,100,100040,100,99942,100,100044,100,99937,100,100073,100,99934,100,100074,100,99930,100,100078,100,99922,100
2019-06-28 09:30:00.000000094,100018,100,99981,100,100025,100,99980,100,100030,100,99977,100,100031,100,99963,100,100038,100,99956,200,100040,100,99955,100,100044,100,99948,100,100073,100,99942,100,100074,100,99937,100,100078,100,99934,100
2019-06-28 09:30:00.000000095,100025,100,99981,100,100030,100,99980,100,100031,100,99977,100,100038,100,99963,100,100040,100,99956,200,100044,100,99955,100,100073,100,99948,100,100074,100,99942,100,100078,100,99937,100,100081,100,99934,100
2019-06-28 09:30:00.000000099,100025,100,99981,100,100030,100,99980,100,100031,100,99977,100,100038,100,99963,100,100040,100,99956,200,100044,100,99955,100,100050,100,99948,100,100073,100,99942,100,100074,100,99937,100,100078,100,99934,100
2019-06-28 09:30:01.838782319,100025,100,99981,100,100027,100,99980,100,100030,100,99977,100,100031,100,99963,100,100038,100,99956,200,100040,100,99955,100,100044,100,99948,100,100050,100,99942,100,100073,100,99937,100,100074,100,99934,100
2019-06-28 09:30:10.000000000,100025,538,99981,538,100027,100,99980,100,100030,100,99977,100,100031,100,99963,100,100038,100,99956,200,100040,100,99955,100,100044,100,99948,100,100050,100,99942,100,100073,100,99937,100,100074,100,99934,100
2019-06-28 09:30:11.193949374,100025,538,99981,438,100027,100,99980,100,100030,100,99977,100,100031,100,99963,100,100038,100,99956,200,100040,100,99955,100,100044,100,99948,100,100050,100,99942,100,100074,100,99937,100,100078,100,99934,100
2019-06-28 09:30:20.000000000,100025,188,99980,188,100027,188,99977,188,100030,188,99963,188,100031,188,99956,288,100038,188,99955,188,100040,100,99948,100,100044,100,99942,100,100050,100,99937,100,100074,100,99934,100,100078,100,99930,100
2019-06-28 09:30:20.540954835,100025,188,99980,188,100027,188,99977,188,100030,188,99963,188,100031,188,99956,288,100038,188,99955,188,100040,100,99948,100,100044,100,99942,100,100050,100,99937,100,100074,100,99934,100,100078,100,99930,100
2019-06-28 09:30:22.592567055,100025,188,99980,188,100027,188,99977,188,100030,188,99963,188,100031,188,99956,288,100038,188,99955,188,100040,100,99948,100,100044,100,99942,100,100050,100,99937,100,100078,100,99934,100,100081,100,99930,100
2019-06-28 09:30:22.842676889,100025,188,99980,188,100027,188,99977,188,100030,188,99963,188,100031,188,99956,288,100038,188,99955,188,100040,100,99948,100,100044,100,99942,100,100050,100,99937,100,100078,100,99934,100,100081,100,99930,100
2019-06-28 09:30:30.000000000,100025,210,99980,210,100027,210,99977,210,100030,210,99963,210,100031,210,99956,310,100038,100,99955,100,100040,100,99948,100,100044,100,99942,100,100050,100,99937,100,100078,100,99934,100,100081,100,99930,100
2019-06-28 09:30:40.000000000,100025,319,99980,319,100027,319,99977,319,100030,100,99963,100,100031,100,99956,200,100038,100,99955,100,100040,100,99948,100,100044,100,99942,100,100050,100,99937,100,100078,100,99934,100,100081,100,99930,100
2019-06-28 09:30:50.000000000,100025,249,99980,249,100027,245,99977,245,100030,245,99963,245,100031,100,99956,200,100038,100,99955,100,100040,100,99948,100,100044,100,99942,100,100050,100,99937,100,100078,100,99934,100,100081,100,99930,100
2019-06-28 09:31:00.000000000,100025,249,99980,249,100027,245,99977,245,100030,245,99963,245,100031,100,99956,200,100038,100,99955,100,100040,100,99948,100,100044,100,99942,100,100050,100,99937,100,100078,100,99934,100,100081,100,99930,100
2019-06-28 09:31:09.663375982,100025,149,99980,249,100027,245,99977,245,100030,245,99963,245,100031,100,99956,200,100038,100,99955,100,100040,100,99948,100,100044,100,99942,100,100050,100,99937,100,100078,100,99934,100,100081,100,99930,100
2019-06-28 09:31:10.000000000,100027,319,99980,319,100030,319,99977,319,100031,100,99963,100,100038,100,99956,200,100040,100,99955,100,100044,100,99948,100,100050,100,99942,100,100078,100,99937,100,100081,100,99934,100,100101,100,99930,100
2019-06-28 09:31:20.000000000,100027,538,99980,538,100030,100,99977,100,100031,100,99963,100,100038,100,99956,200,100040,100,99955,100,100044,100,99948,100,100050,100,99942,100,100078,100,99937,100,100081,100,99934,100,100101,100,99930,100
2019-06-28 09:31:30.000000000,100027,538,99980,538,100030,100,99977,100,100031,100,99963,100,100038,100,99956,200,100040,100,99955,100,100044,100,99948,100,100050,100,99942,100,100078,100,99937,100,100081,100,99934,100,100101,100,99930,100
2019-06-28 09:31:36.397561004,100027,438,99980,438,100030,100,99977,100,100031,100,99963,100,100038,100,99956,200,100040,100,99955,100,100044,100,99948,100,100050,100,99942,100,100078,100,99937,100,100081,100,99934,100,100101,100,99930,100
2019-06-28 09:31:40.000000000,100030,249,99977,249,100031,245,99963,245,100038,245,99956,345,100040,100,99955,100,100044,100,99948,100,100050,100,99942,100,100078,100,99937,100,100081,100,99934,100,100101,100,99930,100,100112,100,99925,100
2019-06-28 09:31:50.000000000,100030,319,99977,319,100031,319,99963,319,100038,100,99956,200,100040,100,99955,100,100044,100,99948,100,100050,100,99942,100,100078,100,99937,100,100081,100,99934,100,100101,100,99930,100,100112,100,99925,100
2019-06-28 09:32:00.000000000,100030,538,99977,538,100031,100,99963,100,100038,100,99956,200,100040,100,99955,100,100044,100,99948,100,100050,100,99942,100,100078,100,99937,100,100081,100,99934,100,100101,100,99930,100,100112,100,99925,100
2019-06-28 09:32:10.000000000,100030,210,99977,210,100031,210,99963,210,100038,210,99956,310,100040,210,99955,210,100044,100,99948,100,100050,100,99942,100,100078,100,99937,100,100081,100,99934,100,100101,100,99930,100,100112,100,99925,100
2019-06-28 09:32:20.000000000,100030,538,99977,538,100031,100,99963,100,100038,100,99956,200,100040,100,99955,100,100044,100,99948,100,100050,100,99942,100,100078,100,99937,100,100081,100,99934,100,100101,100,99930,100,100112,100,99925,100
2019-06-28 09:32:30.000000000,100030,188,99977,188,100031,188,99963,188,100038,188,99956,288,100040,188,99955,188,100044,188,99948,188,100050,100,99942,100,100078,100,99937,100,100081,100,99934,100,100101,100,99930,100,100112,100,99925,100
2019-06-28 09:32:40.000000000,100030,188,99977,188,100031,188,99963,188,100038,188,99956,288,100040,188,99955,188,100044,188,99948,188,100050,100,99942,100,100078,100,99937,100,100081,100,99934,100,100101,100,99930,100,100112,100,99925,100
2019-06-28 09:32:50.000000000,100030,319,99977,319,100031,319,99963,319,100038,100,99956,200,100040,100,99955,100,100044,100,99948,100,100050,100,99942,100,100078,100,99937,100,100081,100,99934,100,100101,100,99930,100,100112,100,99925,100
2019-06-28 09:33:00.000000000,100030,249,99977,249,100031,245,99963,245,100038,245,99956,345,100040,100,99955,100,100044,100,99948,100,100050,100,99942,100,100078,100,99937,100,100081,100,99934,100,100101,100,99930,100,100112,100,99925,100
2019-06-28 09:33:10.000000000,100030,319,99977,319,100031,319,99963,319,100038,100,99956,200,100040,100,99955,100,100044,100,99948,100,100050,100,99942,100,100078,100,99937,100,100081,100,99934,100,100101,100,99930,100,100112,100,99925,100
2019-06-28 09:33:20.000000000,100030,319,99977,319,100031,319,99963,319,100038,100,99956,200,100040,100,99955,100,100044,100,99948,100,100050,100,99942,100,100078,100,99937,100,100081,100,99934,100,100101,100,99930,100,100112,100,99925,100
2019-06-28 09:33:27.447464900,100030,319,99977,319,100031,319,99963,319,100038,100,99956,200,100040,100,99955,100,100044,100,99948,100,100050,100,99942,100,100078,100,99937,100,100081,100,99934,100,100101,100,99930,100,100112,100,99925,100
2019-06-28 09:33:29.296809906,100030,219,99977,319,100031,319,99963,319,100038,100,99956,200,100040,100,99955,100,100044,100,99948,100,100050,100,99942,100,100078,100,99937,100,100081,100,99934,100,100101,100,99930,100,100112,100,99925,100
2019-06-28 09:33:30.000000000,100031,538,99977,538,100038,100,99963,100,100040,100,99956,200,100044,100,99955,100,100050,100,99948,100,100078,100,99942,100,100081,100,99937,100,100101,100,99934,100,100112,100,99930,100,100123,100,99925,100
2019-06-28 09:33:40.000000000,100031,210,99977,210,100038,210,99963,210,100040,210,99956,310,100044,210,99955,210,100050,100,99948,100,100078,100,99942,100,100081,100,99937,100,100101,100,99934,100,100112,100,99930,100,100123,100,99925,100
2019-06-28 09:33:50.000000000,100031,210,99977,210,100038,210,99963,210,100040,210,99956,310,100044,210,99955,210,100050,100,99948,100,100078,100,99942,100,100081,100,99937,100,100101,100,99934,100,100112,100,99930,100,100123,100,99925,100
2019-06-28 09:33:54.761215856,100031,210,99977,210,100038,210,99963,210,100040,210,99956,310,100044,210,99955,210,100050,100,99948,100,100078,100,99942,100,100081,100,99937,100,100101,100,99934,100,100112,100,99930,100,100123,100,99925,100
2019-06-28 09:34:00.000000000,100031,188,99977,188,100038,188,99963,188,100040,188,99956,288,100044,188,99955,188,100050,188,99948,188,100078,100,99942,100,100081,100,99937,100,100101,100,99934,100,100112,100,99930,100,100123,100,99925,100
2019-06-28 09:34:10.000000000,100031,188,99977,188,100038,188,99963,188,100040,188,99956,288,100044,188,99955,188,100050,188,99948,188,100078,100,99942,100,100081,100,99937,100,100101,100,99934,100,100112,100,99930,100,100123,100,99925,100
2019-06-28 09:34:20.000000000,100031,249,99977,249,100038,245,99963,245,100040,245,99956,345,100044,100,99955,100,100050,100,99948,100,100078,100,99942,100,100081,100,99937,100,100101,100,99934,100,100112,100,99930,100,100123,100,99925,100
2019-06-28 09:34:26.780259235,100031,249,99977,249,100038,245,99963,245,100040,245,99956,345,100044,100,99955,100,100050,100,99948,100,100078,100,99942,100,100081,100,99937,100,100101,100,99934,100,100112,100,99930,100,100123,100,99925,100
2019-06-28 09:34:30.000000000,100031,210,99977,210,100038,210,99963,210,100040,210,99956,310,100044,210,99955,210,100050,100,99948,100,100078,100,99942,100,100081,100,99937,100,100101,100,99934,100,100112,100,99930,100,100123,100,99925,100
2019-06-28 09:34:37.204134494,100031,110,99977,210,100038,210,99963,210,100040,210,99956,310,100044,210,99955,210,100050,100,99948,100,100078,100,99942,100,100081,100,99937,100,100101,100,99934,100,100112,100,99930,100,100123,100,99925,100
2019-06-28 09:34:40.000000000,100038,538,99977,538,100040,100,99963,100,100044,100,99956,200,100050,100,99955,100,100078,100,99948,100,100081,100,99942,100,100101,100,99937,100,100112,100,99934,100,100123,100,99930,100,100144,100,99925,100
2019-06-28 09:34:49.589376255,100038,538,100030,100,100040,100,99977,538,100044,100,99963,100,100050,100,99956,200,100078,100,99955,100,100081,100,99948,100,100101,100,99942,100,100112,100,99937,100,100123,100,99934,100,100144,100,99930,100
2019-06-28 09:34:50.000000000,100038,249,100030,249,100040,245,99977,245,100044,245,99963,245,100050,100,99956,200,100078,100,99955,100,100081,100,99948,100,100101,100,99942,100,100112,100,99937,100,100123,100,99934,100,100144,100,99930,100
2019-06-28 09:35:00.000000000,100038,188,100030,188,100040,188,99977,188,100044,188,99963,188,100050,188,99956,288,100078,188,99955,188,100081,100,99948,100,100101,100,99942,100,100112,100,99937,100,100123,100,99934,100,100144,100,99930,100
2019-06-28 09:35:01.102454532,100038,188,100030,188,100040,188,99977,188,100044,188,99963,188,100050,188,99956,288,100078,188,99955,188,100081,100,99948,100,100101,100,99942,100,100112,100,99937,100,100123,100,99930,100,100144,100,99925,100
2019-06-28 09:35:10.000000000,100038,210,100030,210,100040,210,99977,210,100044,210,99963,210,100050,210,99956,310,100078,100,99955,100,100081,100,99948,100,100101,100,99942,100,100112,100,99937,100,100123,100,99930,100,100144,100,99925,100
2019-06-28 09:35:18.988165749,100038,210,100030,210,100040,210,99977,210,100044,210,99963,210,100050,210,99956,310,100078,100,99955,100,100081,100,99948,100,100101,100,99942,100,100112,100,99937,100,100123,100,99930,100,100144,100,99925,100
2019-06-28 09:35:20.000000000,100038,188,100030,188,100040,188,99977,188,100044,188,99963,188,100050,188,99956,288,100078,188,99955,188,100081,100,99948,100,100101,100,99942,100,100112,100,99937,100,100123,100,99930,100,100144,100,99925,100
2019-06-28 09:35:20.949005772,100038,188,100030,188,100040,188,99977,188,100044,188,99963,188,100050,188,99956,188,100078,188,99955,188,100081,100,99948,100,100101,100,99942,100,100112,100,99937,100,100123,100,99930,100,100144,100,99925,100
2019-06-28 09:35:28.168058099,100038,188,100030,188,100040,188,99977,188,100044,188,99963,188,100050,188,99956,188,100078,188,99955,188,100081,100,99948,100,100101,100,99942,100,100112,100,99937,100,100144,100,99930,100,100151,100,99925,100
2019-06-28 09:35:30.000000000,100038,249,100030,249,100040,245,99977,245,100044,245,99963,245,100050,100,99956,100,100078,100,99955,100,100081,100,99948,100,100101,100,99942,100,100112,100,99937,100,100144,100,99930,100,100151,100,99925,100
2019-06-28 09:35:35.184306030,100038,149,100030,249,100040,245,99977,245,100044,245,99963,245,100050,100,99956,100,100078,100,99955,100,100081,100,99948,100,100101,100,99942,100,100112,100,99937,100,100144,100,99930,100,100151,100,99925,100
2019-06-28 09:35:38.543247391,100038,149,100030,249,100040,245,99977,245,100044,245,99963,245,100050,100,99956,100,100078,100,99955,100,100081,100,99948,100,100101,100,99942,100,100144,100,99937,100,100151,100,99930,100,100153,100,99925,100
2019-06-28 09:35:39.004477639,100038,49,100030,249,100040,245,99977,245,100044,245,99963,245,100050,100,99956,100,100078,100,99955,100,100081,100,99942,100,100101,100,99937,100,100144,100,99930,100,100151,100,99925,100,100153,100,99922,100
2019-06-28 09:35:39.112476175,100038,49,100030,249,100040,245,99977,245,100044,245,99963,245,100050,100,99956,100,100078,100,99955,100,100081,100,99942,100,100101,100,99937,100,100144,100,99930,100,100151,100,99925,100,100153,100,99922,100
2019-06-28 09:35:40.000000000,100040,538,100030,538,100044,100,99977,100,100050,100,99963,100,100078,100,99956,100,100081,100,99955,100,100101,100,99942,100,100144,100,99937,100,100151,100,99930,100,100153,100,99925,100,100157,100,99922,100
2019-06-28 09:35:45.992038407,100040,538,100038,100,100044,100,100030,538,100050,100,99977,100,100078,100,99963,100,100081,100,99956,100,100101,100,99955,100,100144,100,99942,100,100151,100,99937,100,100153,100,99930,100,100157,100,99925,100
2019-06-28 09:35:50.000000000,100040,249,100038,249,100044,245,100030,245,100050,245,99977,245,100078,100,99963,100,100081,100,99956,100,100101,100,99955,100,100144,100,99942,100,100151,100,99937,100,100153,100,99930,100,100157,100,99925,100
2019-06-28 09:36:00.000000000,100040,249,100038,249,100044,245,100030,245,100050,245,99977,245,100078,100,99963,100,100081,100,99956,100,100101,100,99955,100,100144,100,99942,100,100151,100,99937,100,100153,100,99930,100,100157,100,99925,100
2019-06-28 09:36:10.000000000,100040,210,100038,210,100044,210,100030,210,100050,210,99977,210,100078,210,99963,210,100081,100,99956,100,100101,100,99955,100,100144,100,99942,100,100151,100,99937,100,100153,100,99930,100,100157,100,99925,100
2019-06-28 09:36:18.827606936,100040,210,100038,310,100044,210,100030,210,100050,210,99977,210,100078,210,99963,210,100081,100,99956,100,100101,100,99955,100,100144,100,99942,100,100151,100,99937,100,100153,100,99930,100,100157,100,99925,100
2019-06-28 09:36:20.000000000,100040,538,100038,638,100044,100,100030,100,100050,100,99977,100,100078,100,99963,100,100081,100,99956,100,100101,100,99955,100,100144,100,99942,100,100151,100,99937,100,100153,100,99930,100,100157,100,99925,100
2019-06-28 09:36:22.696616821,100040,438,100038,638,100044,100,100030,100,100050,100,99977,100,100078,100,99963,100,100081,100,99956,100,100101,100,99955,100,100144,100,99942,100,100151,100,99937,100,100157,100,99930,100,100960,100,99925,100
2019-06-28 09:36:25.576639359,100040,438,100038,638,100044,100,100030,100,100050,100,99977,100,100078,100,99963,100,100081,100,99956,100,100101,100,99955,100,100144,100,99942,100,100151,100,99937,100,100960,100,99930,100,101230,100,99925,100
2019-06-28 09:36:30.000000000,100044,249,100038,349,100050,245,100030,245,100078,245,99977,245,100081,100,99963,100,100101,100,99956,100,100144,100,99955,100,100151,100,99942,100,100960,100,99937,100,101230,100,99930,100,101390,100,99925,100
2019-06-28 09:36:40.000000000,100044,188,100038,288,100050,188,100030,188,100078,188,99977,188,100081,188,99963,188,100101,188,99956,188,100144,100,99955,100,100151,100,99942,100,100960,100,99937,100,101230,100,99930,100,101390,100,99925,100
2019-06-28 09:36:47.785025877,100044,88,100038,288,100050,188,100030,188,100078,188,99977,188,100081,188,99963,188,100101,188,99956,188,100144,100,99955,100,100151,100,99942,100,100960,100,99937,100,101230,100,99930,100,101390,100,99925,100
2019-06-28 09:36:49.184892002,100044,88,100038,288,100050,188,100030,188,100078,188,99977,188,100081,188,99963,188,100101,188,99956,188,100144,100,99955,100,100151,100,99942,100,100960,100,99937,100,101193,100,99930,100,101230,100,99925,100
2019-06-28 09:36:50.000000000,100050,249,100038,349,100078,245,100030,245,100081,245,99977,245,100101,100,99963,100,100144,100,99956,100,100151,100,99955,100,100960,100,99942,100,101193,100,99937,100,101230,100,99930,100,101390,100,99925,100
2019-06-28 09:36:53.491377198,100050,149,100038,349,100078,245,100030,245,100081,245,99977,245,100101,100,99963,100,100144,100,99956,100,100151,100,99955,100,100960,100,99942,100,101193,100,99937,100,101230,100,99930,100,101390,100,99925,100
2019-06-28 09:36:53.749235966,100050,49,100038,349,100078,245,100030,245,100081,245,99977,245,100101,100,99963,100,100144,100,99956,100,100151,100,99955,100,100960,100,99942,100,101193,100,99937,100,101230,100,99930,100,101390,100,99925,100
2019-06-28 09:37:00.000000000,100078,249,100038,349,100081,245,100030,245,100101,245,99977,245,100144,100,99963,100,100151,100,99956,100,100960,100,99955,100,101193,100,99942,100,101230,100,99937,100,101390,100,99930,100,101415,100,99925,100
2019-06-28 09:37:05.422152358,100078,249,100038,349,100081,245,100030,245,100101,245,99977,245,100144,100,99963,100,100151,100,99956,100,100960,100,99955,100,100969,100,99942,100,101193,100,99937,100,101230,100,99930,100,101390,100,99925,100
2019-06-28 09:37:10.000000000,100078,319,100038,419,100081,319,100030,319,100101,100,99977,100,100144,100,99963,100,100151,100,99956,100,100960,100,99955,100,100969,100,99942,100,101193,100,99937,100,101230,100,99930,100,101390,100,99925,100
2019-06-28 09:37:20.000000000,100078,319,100038,419,100081,319,100030,319,100101,100,99977,100,100144,100,99963,100,100151,100,99956,100,100960,100,99955,100,100969,100,99942,100,101193,100,99937,100,101230,100,99930,100,101390,100,99925,100
2019-06-28 09:37:30.000000000,100078,249,100038,349,100081,245,100030,245,100101,245,99977,245,100144,100,99963,100,100151,100,99956,100,100960,100,99955,100,100969,100,99942,100,101193,100,99937,100,101230,100,99930,100,101390,100,99925,100
2019-06-28 09:37:40.000000000,100078,210,100038,310,100081,210,100030,210,100101,210,99977,210,100144,210,99963,210,100151,100,99956,100,100960,100,99955,100,100969,100,99942,100,101193,100,99937,100,101230,100,99930,100,101390,100,99925,100
2019-06-28 09:37:50.000000000,100078,188,100038,288,100081,188,100030,188,100101,188,99977,188,100144,188,99963,188,100151,188,99956,188,100960,100,99955,100,100969,100,99942,100,101193,100,99937,100,101230,100,99930,100,101390,100,99925,100
2019-06-28 09:37:53.835917184,100078,188,100050,100,100081,188,100038,288,100101,188,100030,188,100144,188,99977,188,100151,188,99963,188,100960,100,99956,188,100969,100,99955,100,101193,100,99942,100,101230,100,99937,100,101390,100,99930,100
2019-06-28 09:38:00.000000000,100078,210,100050,210,100081,210,100038,310,100101,210,100030,210,100144,210,99977,210,100151,100,99963,100,100960,100,99956,100,100969,100,99955,100,101193,100,99942,100,101230,100,99937,100,101390,100,99930,100
2019-06-28 09:38:10.000000000,100078,249,100050,249,100081,245,100038,345,100101,245,100030,245,100144,100,99977,100,100151,100,99963,100,100960,100,99956,100,100969,100,99955,100,101193,100,99942,100,101230,100,99937,100,101390,100,99930,100
2019-06-28 09:38:20.000000000,100078,249,100050,249,100081,245,100038,345,100101,245,100030,245,100144,100,99977,100,100151,100,99963,100,100960,100,99956,100,100969,100,99955,100,101193,100,99942,100,101230,100,99937,100,101390,100,99930,100
2019-06-28 09:38:30.000000000,100078,188,100050,188,100081,188,100038,288,100101,188,100030,188,100144,188,99977,188,100151,188,99963,188,100960,100,99956,100,100969,100,99955,100,101193,100,99942,100,101230,100,99937,100,101390,100,99930,100
2019-06-28 09:38:40.000000000,100078,210,100050,210,100081,210,100038,310,100101,210,100030,210,100144,210,99977,210,100151,100,99963,100,100960,100,99956,100,100969,100,99955,100,101193,100,99942,100,101230,100,99937,100,101390,100,99930,100
2019-06-28 09:38:45.851022658,100078,110,100050,210,100081,210,100038,310,100101,210,100030,210,100144,210,99977,210,100151,100,99963,100,100960,100,99956,100,100969,100,99955,100,101193,100,99942,100,101230,100,99937,100,101390,100,99930,100
2019-06-28 09:38:48.329899783,100078,10,100050,210,100081,210,100038,310,100101,210,100030,210,100144,210,99977,210,100151,100,99963,100,100960,100,99956,100,100969,100,99955,100,101193,100,99942,100,101230,100,99937,100,101390,100,99930,100
2019-06-28 09:38:50.000000000,100081,210,100050,210,100101,210,100038,310,100144,210,100030,210,100151,210,99977,210,100960,100,99963,100,100969,100,99956,100,101193,100,99955,100,101230,100,99942,100,101390,100,99937,100,101415,100,99930,100
2019-06-28 09:38:52.047977744,100081,210,100050,210,100101,210,100038,310,100144,210,100030,210,100151,210,99977,210,100960,100,99963,100,100969,100,99956,100,101147,100,99955,100,101230,100,99942,100,101390,100,99937,100,101415,100,99930,100
2019-06-28 09:39:00.000000000,100081,538,100050,538,100101,100,100038,200,100144,100,100030,100,100151,100,99977,100,100960,100,99963,100,100969,100,99956,100,101147,100,99955,100,101230,100,99942,100,101390,100,99937,100,101415,100,99930,100
2019-06-28 09:39:09.034199742,100081,538,100050,538,100101,100,100038,200,100144,100,100030,100,100151,100,99977,100,100895,100,99963,100,100960,100,99956,100,100969,100,99955,100,101147,100,99942,100,101230,100,99937,100,101390,100,99930,100
2019-06-28 09:39:10.000000000,100081,538,100050,538,100101,100,100038,200,100144,100,100030,100,100151,100,99977,100,100895,100,99963,100,100960,100,99956,100,100969,100,99955,100,101147,100,99942,100,101230,100,99937,100,101390,100,99930,100
2019-06-28 09:39:20.000000000,100081,188,100050,188,100101,188,100038,288,100144,188,100030,188,100151,188,99977,188,100895,188,99963,188,100960,100,99956,100,100969,100,99955,100,101147,100,99942,100,101230,100,99937,100,101390,100,99930,100
2019-06-28 09:39:26.551683985,100081,188,100050,188,100101,188,100038,288,100144,188,100030,188,100151,188,99977,188,100861,100,99963,188,100895,188,99956,100,100960,100,99955,100,100969,100,99937,100,101147,100,99930,100,101230,100,99925,100
2019-06-28 09:39:27.292568480,100081,88,100050,188,100101,188,100038,288,100144,188,100030,188,100151,188,99977,188,100861,100,99963,188,100895,188,99956,100,100960,100,99955,100,100969,100,99937,100,101147,100,99930,100,101230,100,99925,100
2019-06-28 09:39:30.000000000,100101,210,100050,210,100144,210,100038,310,100151,210,100030,210,100861,210,99977,210,100895,100,99963,100,100960,100,99956,100,100969,100,99955,100,101147,100,99937,100,101230,100,99930,100,101390,100,99925,100
2019-06-28 09:39:40.000000000,100101,538,100050,538,100144,100,100038,200,100151,100,100030,100,100861,100,99977,100,100895,100,99963,100,100960,100,99956,100,100969,100,99955,100,101147,100,99937,100,101230,100,99930,100,101390,100,99925,100
2019-06-28 09:39:48.156494256,100101,438,100050,538,100144,100,100038,200,100151,100,100030,100,100895,100,99977,100,100960,100,99963,100,100969,100,99956,100,101147,100,99955,100,101230,100,99937,100,101390,100,99930,100,101415,100,99925,100
2019-06-28 09:39:50.000000000,100144,249,100050,249,100151,245,100038,345,100895,245,100030,245,100960,100,99977,100,100969,100,99963,100,101147,100,99956,100,101230,100,99955,100,101390,100,99937,100,101415,100,99930,100,101532,100,99925,100
2019-06-28 09:39:56.187320543,100144,249,100050,249,100151,245,100038,345,100419,100,100030,245,100895,245,99977,100,100960,100,99963,100,100969,100,99956,100,101147,100,99955,100,101230,100,99937,100,101390,100,99930,100,101415,100,99925,100
2019-06-28 09:40:00.000000000,100144,319,100050,319,100151,319,100038,419,100419,100,100030,100,100895,100,99977,100,100960,100,99963,100,100969,100,99956,100,101147,100,99955,100,101230,100,99937,100,101390,100,99930,100,101415,100,99925,100
2019-06-28 09:40:10.000000000,100144,249,100050,249,100151,245,100038,345,100419,245,100030,245,100895,100,99977,100,100960,100,99963,100,100969,100,99956,100,101147,100,99955,100,101230,100,99937,100,101390,100,99930,100,101415,100,99925,100
2019-06-28 09:40:15.037317772,100144,149,100050,249,100151,245,100038,345,100419,245,100030,245,100895,100,99977,100,100960,100,99963,100,100969,100,99956,100,101147,100,99955,100,101230,100,99937,100,101390,100,99930,100,101415,100,99925,100
2019-06-28 09:40:20.000000000,100151,319,100050,319,100419,319,100038,419,100895,100,100030,100,100960,100,99977,100,100969,100,99963,100,101147,100,99956,100,101230,100,99955,100,101390,100,99937,100,101415,100,99930,100,101532,100,99925,100
2019-06-28 09:40:30.000000000,100151,210,100050,210,100419,210,100038,310,100895,210,100030,210,100960,210,99977,210,100969,100,99963,100,101147,100,99956,100,101230,100,99955,100,101390,100,99937,100,101415,100,99930,100,101532,100,99925,100
2019-06-28 09:40:35.682329543,100151,210,100050,210,100387,100,100038,310,100419,210,100030,210,100895,210,99977,210,100960,210,99963,100,101147,100,99956,100,101230,100,99955,100,101390,100,99937,100,101415,100,99930,100,101532,100,99925,100
2019-06-28 09:40:40.000000000,100151,188,100050,188,100387,188,100038,288,100419,188,100030,188,100895,188,99977,188,100960,188,99963,188,101147,100,99956,100,101230,100,99955,100,101390,100,99937,100,101415,100,99930,100,101532,100,99925,100
2019-06-28 09:40:42.777838010,100151,188,100050,188,100371,100,100038,288,100387,188,100030,188,100419,188,99977,188,100895,188,99963,188,100960,188,99956,100,101147,100,99955,100,101230,100,99937,100,101390,100,99930,100,101415,100,99925,100
2019-06-28 09:40:50.000000000,100151,249,100050,249,100371,245,100038,345,100387,245,100030,245,100419,100,99977,100,100895,100,99963,100,100960,100,99956,100,101147,100,99955,100,101230,100,99937,100,101390,100,99930,100,101415,100,99925,100
2019-06-28 09:41:00.000000000,100151,249,100050,249,100371,245,100038,345,100387,245,100030,245,100419,100,99977,100,100895,100,99963,100,100960,100,99956,100,101147,100,99955,100,101230,100,99937,100,101390,100,99930,100,101415,100,99925,100
2019-06-28 09:41:01.026775329,100151,149,100050,249,100371,245,100038,345,100387,245,100030,245,100419,100,99977,100,100895,100,99963,100,100960,100,99956,100,101147,100,99955,100,101230,100,99937,100,101390,100,99930,100,101415,100,99925,100
2019-06-28 09:41:10.000000000,100371,188,100050,188,100387,188,100038,288,100419,188,100030,188,100895,188,99977,188,100960,188,99963,188,101147,100,99956,100,101230,100,99955,100,101390,100,99937,100,101415,100,99930,100,101532,100,99925,100
2019-06-28 09:41:19.094495429,100371,188,100050,188,100387,188,100038,288,100419,188,100030,188,100824,100,99977,188,100895,188,99963,188,100960,188,99956,100,101147,100,99955,100,101230,100,99937,100,101390,100,99930,100,101415,100,99925,100
2019-06-28 09:41:20.000000000,100371,188,100050,188,100387,188,100038,288,100419,188,100030,188,100824,188,99977,188,100895,188,99963,188,100960,100,99956,100,101147,100,99955,100,101230,100,99937,100,101390,100,99930,100,101415,100,99925,100
2019-06-28 09:41:30.000000000,100371,538,100050,538,100387,100,100038,200,100419,100,100030,100,100824,100,99977,100,100895,100,99963,100,100960,100,99956,100,101147,100,99955,100,101230,100,99937,100,101390,100,99930,100,101415,100,99925,100
2019-06-28 09:41:40.000000000,100371,188,100050,188,100387,188,100038,288,100419,188,100030,188,100824,188,99977,188,100895,188,99963,188,100960,100,99956,100,101147,100,99955,100,101230,100,99937,100,101390,100,99930,100,101415,100,99925,100
2019-06-28 09:41:50.000000000,100371,249,100050,249,100387,245,100038,345,100419,245,100030,245,100824,100,99977,100,100895,100,99963,100,100960,100,99956,100,101147,100,99955,100,101230,100,99937,100,101390,100,99930,100,101415,100,99925,100
2019-06-28 09:41:54.661623067,100371,249,100144,100,100387,245,100050,249,100419,245,100038,345,100824,100,100030,245,100895,100,99977,100,100960,100,99963,100,101147,100,99956,100,101230,100,99955,100,101390,100,99937,100,101415,100,99930,100
2019-06-28 09:41:56.644128698,100371,149,100144,100,100387,245,100050,249,100419,245,100038,345,100824,100,100030,245,100895,100,99977,100,100960,100,99963,100,101147,100,99956,100,101230,100,99955,100,101390,100,99937,100,101415,100,99930,100
2019-06-28 09:42:00.000000000,100387,538,100144,538,100419,100,100050,100,100824,100,100038,200,100895,100,100030,100,100960,100,99977,100,101147,100,99963,100,101230,100,99956,100,101390,100,99955,100,101415,100,99937,100,101532,100,99930,100
2019-06-28 09:42:00.334526478,100387,538,100144,538,100419,100,100050,100,100783,100,100038,200,100824,100,100030,100,100895,100,99977,100,100960,100,99963,100,101230,100,99956,100,101390,100,99955,100,101415,100,99937,100,101532,100,99930,100
2019-06-28 09:42:10.000000000,100387,249,100144,249,100419,245,100050,245,100783,245,100038,345,100824,100,100030,100,100895,100,99977,100,100960,100,99963,100,101230,100,99956,100,101390,100,99955,100,101415,100,99937,100,101532,100,99930,100
2019-06-28 09:42:10.847432263,100387,249,100151,100,100419,245,100144,249,100783,245,100050,245,100824,100,100038,345,100895,100,100030,100,100960,100,99977,100,101230,100,99963,100,101390,100,99956,100,101415,100,99955,100,101532,100,99937,100
2019-06-28 09:42:11.506628305,100387,249,100151,100,100419,245,100144,249,100783,245,100050,245,100824,100,100038,345,100895,100,100030,100,100960,100,99977,100,101179,100,99963,100,101230,100,99956,100,101390,100,99955,100,101415,100,99937,100
2019-06-28 09:42:19.959783423,100387,149,100151,100,100419,245,100144,249,100783,145,100050,245,100824,100,100038,345,100895,100,100030,100,100960,100,99977,100,101179,100,99963,100,101230,100,99956,100,101390,100,99955,100,101415,100,99937,100
2019-06-28 09:42:20.000000000,100419,319,100151,319,100824,319,100144,319,100895,100,100050,100,100960,100,100038,200,101179,100,100030,100,101230,100,99977,100,101390,100,99963,100,101415,100,99956,100,101532,100,99955,100,101539,100,99937,100
2019-06-28 09:42:24.768342431,100419,319,100371,100,100824,319,100151,319,100895,100,100144,319,100960,100,100050,100,101179,100,100038,200,101230,100,100030,100,101390,100,99977,100,101415,100,99963,100,101532,100,99956,100,101539,100,99955,100
2019-06-28 09:42:30.000000000,100419,319,100371,319,100824,319,100151,319,100895,100,100144,100,100960,100,100050,100,101179,100,100038,200,101230,100,100030,100,101390,100,99977,100,101415,100,99963,100,101532,100,99956,100,101539,100,99955,100
2019-06-28 09:42:40.000000000,100419,188,100371,188,100824,188,100151,188,100895,188,100144,188,100960,188,100050,188,101179,188,100038,288,101230,100,100030,100,101390,100,99977,100,101415,100,99963,100,101532,100,99956,100,101539,100,99955,100
2019-06-28 09:42:50.000000000,100419,319,100371,319,100824,319,100151,319,100895,100,100144,100,100960,100,100050,100,101179,100,100038,200,101230,100,100030,100,101390,100,99977,100,101415,100,99963,100,101532,100,99956,100,101539,100,99955,100
2019-06-28 09:43:00.000000000,100419,319,100371,319,100824,319,100151,319,100895,100,100144,100,100960,100,100050,100,101179,100,100038,200,101230,100,100030,100,101390,100,99977,100,101415,100,99963,100,101532,100,99956,100,101539,100,99955,100
2019-06-28 09:43:04.151533040,100419,319,100371,319,100824,319,100151,319,100895,100,100144,100,100960,100,100050,100,101096,100,100038,200,101179,100,100030,100,101230,100,99977,100,101390,100,99963,100,101415,100,99956,100,101532,100,99955,100
2019-06-28 09:43:06.946334210,100419,219,100371,319,100824,319,100151,319,100895,100,100144,100,100960,100,100050,100,101096,100,100038,200,101179,100,100030,100,101230,100,99977,100,101390,100,99963,100,101415,100,99956,100,101532,100,99955,100
2019-06-28 09:43:10.000000000,100824,319,100371,319,100895,319,100151,319,100960,100,100144,100,101096,100,100050,100,101179,100,100038,200,101230,100,100030,100,101390,100,99977,100,101415,100,99963,100,101532,100,99956,100,101539,100,99955,100
2019-06-28 09:43:17.830673849,100824,319,100371,319,100895,319,100151,319,100960,100,100144,100,101096,100,100050,100,101179,100,100038,200,101230,100,100030,100,101254,100,99977,100,101390,100,99963,100,101415,100,99956,100,101532,100,99937,100
2019-06-28 09:43:20.000000000,100824,188,100371,188,100895,188,100151,188,100960,188,100144,188,101096,188,100050,188,101179,188,100038,288,101230,100,100030,100,101254,100,99977,100,101390,100,99963,100,101415,100,99956,100,101532,100,99937,100
2019-06-28 09:43:22.343131212,100824,188,100387,100,100895,188,100371,188,100960,188,100151,188,101096,188,100144,188,101179,188,100050,188,101230,100,100038,288,101254,100,100030,100,101390,100,99977,100,101415,100,99963,100,101532,100,99956,100
2019-06-28 09:43:30.000000000,100824,538,100387,538,100895,100,100371,100,100960,100,100151,100,101096,100,100144,100,101179,100,100050,100,101230,100,100038,200,101254,100,100030,100,101390,100,99977,100,101415,100,99963,100,101532,100,99956,100
2019-06-28 09:43:40.000000000,100824,538,100387,538,100895,100,100371,100,100960,100,100151,100,101096,100,100144,100,101179,100,100050,100,101230,100,100038,200,101254,100,100030,100,101390,100,99977,100,101415,100,99963,100,101532,100,99956,100
2019-06-28 09:43:50.000000000,100824,249,100387,249,100895,245,100371,245,100960,245,100151,245,101096,100,100144,100,101179,100,100050,100,101230,100,100038,200,101254,100,100030,100,101390,100,99977,100,101415,100,99963,100,101532,100,99956,100
2019-06-28 09:43:57.667900483,100824,249,100508,100,100895,245,100387,249,100960,245,100371,245,101096,100,100151,245,101179,100,100144,100,101230,100,100050,100,101254,100,100038,200,101390,100,100030,100,101415,100,99977,100,101532,100,99963,100
2019-06-28 09:44:00.000000000,100824,188,100508,188,100895,188,100387,188,100960,188,100371,188,101096,188,100151,188,101179,188,100144,188,101230,100,100050,100,101254,100,100038,200,101390,100,100030,100,101415,100,99977,100,101532,100,99963,100
2019-06-28 09:44:09.938882110,100824,188,100508,188,100847,100,100387,188,100895,188,100371,188,100960,188,100151,188,101096,188,100144,188,101179,188,100050,100,101230,100,100038,200,101254,100,100030,100,101390,100,99977,100,101415,100,99963,100
2019-06-28 09:44:10.000000000,100824,249,100508,249,100847,245,100387,245,100895,245,100371,245,100960,100,100151,100,101096,100,100144,100,101179,100,100050,100,101230,100,100038,200,101254,100,100030,100,101390,100,99977,100,101415,100,99963,100
2019-06-28 09:44:20.000000000,100824,319,100508,319,100847,319,100387,319,100895,100,100371,100,100960,100,100151,100,101096,100,100144,100,101179,100,100050,100,101230,100,100038,200,101254,100,100030,100,101390,100,99977,100,101415,100,99963,100
2019-06-28 09:44:30.000000000,100824,249,100508,249,100847,245,100387,245,100895,245,100371,245,100960,100,100151,100,101096,100,100144,100,101179,100,100050,100,101230,100,100038,200,101254,100,100030,100,101390,100,99977,100,101415,100,99963,100
2019-06-28 09:44:35.653033287,100824,249,100816,100,100847,245,100508,249,100895,245,100387,245,100960,100,100371,245,101096,100,100151,100,101179,100,100144,100,101230,100,100050,100,101254,100,100038,200,101390,100,100030,100,101415,100,99977,100
2019-06-28 09:44:40.000000000,100824,188,100816,188,100847,188,100508,188,100895,188,100387,188,100960,188,100371,188,101096,188,100151,188,101179,100,100144,100,101230,100,100050,100,101254,100,100038,200,101390,100,100030,100,101415,100,99977,100
2019-06-28 09:44:46.933450049,100824,188,100816,188,100847,188,100508,188,100895,188,100387,288,100960,188,100371,188,101096,188,100151,188,101179,100,100144,100,101230,100,100050,100,101254,100,100038,200,101390,100,100030,100,101415,100,99977,100
2019-06-28 09:44:50.000000000,100824,188,100816,188,100847,188,100508,188,100895,188,100387,288,100960,188,100371,188,101096,188,100151,188,101179,100,100144,100,101230,100,100050,100,101254,100,100038,200,101390,100,100030,100,101415,100,99977,100
2019-06-28 09:45:00.000000000,100824,188,100816,188,100847,188,100508,188,100895,188,100387,288,100960,188,100371,188,101096,188,100151,188,101179,100,100144,100,101230,100,100050,100,101254,100,100038,200,101390,100,100030,100,101415,100,99977,100
2019-06-28 09:45:00.569120284,100824,188,100816,188,100847,188,100508,188,100895,188,100387,288,100918,100,100371,188,100960,188,100151,188,101096,188,100144,100,101179,100,100050,100,101230,100,100038,200,101254,100,100030,100,101390,100,99977,100
2019-06-28 09:45:10.000000000,100824,210,100816,210,100847,210,100508,210,100895,210,100387,310,100918,210,100371,210,100960,100,100151,100,101096,100,100144,100,101179,100,100050,100,101230,100,100038,200,101254,100,100030,100,101390,100,99977,100
2019-06-28 09:45:18.945224256,100824,210,100816,110,100847,210,100508,210,100895,210,100387,310,100918,210,100371,210,100960,100,100151,100,101096,100,100144,100,101179,100,100050,100,101230,100,100038,200,101254,100,100030,100,101390,100,99977,100
2019-06-28 09:45:20.000000000,100824,538,100508,538,100847,100,100387,200,100895,100,100371,100,100918,100,100151,100,100960,100,100144,100,101096,100,100050,100,101179,100,100038,200,101230,100,100030,100,101254,100,99977,100,101390,100,99963,100
2019-06-28 09:45:27.472768039,100824,538,100508,538,100847,100,100417,100,100895,100,100387,200,100918,100,100371,100,100960,100,100151,100,101096,100,100144,100,101179,100,100050,100,101230,100,100038,200,101254,100,100030,100,101390,100,99977,100
2019-06-28 09:45:30.000000000,100824,249,100508,249,100847,245,100417,245,100895,245,100387,345,100918,100,100371,100,100960,100,100151,100,101096,100,100144,100,101179,100,100050,100,101230,100,100038,200,101254,100,100030,100,101390,100,99977,100
2019-06-28 09:45:40.000000000,100824,249,100508,249,100847,245,100417,245,100895,245,100387,345,100918,100,100371,100,100960,100,100151,100,101096,100,100144,100,101179,100,100050,100,101230,100,100038,200,101254,100,100030,100,101390,100,99977,100
2019-06-28 09:45:42.256757020,100824,149,100559,100,100847,245,100508,249,100895,245,100417,245,100918,100,100387,345,100960,100,100371,100,101096,100,100151,100,101179,100,100144,100,101230,100,100050,100,101254,100,100038,200,101390,100,100030,100
2019-06-28 09:45:49.206761002,100824,149,100765,100,100847,245,100559,100,100895,245,100508,249,100918,100,100417,245,100960,100,100387,345,101096,100,100371,100,101179,100,100151,100,101230,100,100144,100,101254,100,100050,100,101390,100,100038,200
2019-06-28 09:45:50.000000000,100847,538,100765,538,100895,100,100559,100,100918,100,100508,100,100960,100,100417,100,101096,100,100387,200,101179,100,100371,100,101230,100,100151,100,101254,100,100144,100,101390,100,100050,100,101415,100,100038,200
2019-06-28 09:45:52.820444641,100816,100,100765,538,100847,538,100559,100,100895,100,100508,100,100918,100,100417,100,100960,100,100387,200,101096,100,100371,100,101179,100,100151,100,101230,100,100144,100,101254,100,100050,100,101390,100,100038,200
2019-06-28 09:45:59.621239177,100816,100,100765,538,100847,538,100559,100,100866,100,100508,100,100895,100,100417,100,100918,100,100387,200,100960,100,100371,100,101096,100,100151,100,101179,100,100144,100,101230,100,100050,100,101254,100,100038,200
2019-06-28 09:46:00.000000000,100816,538,100765,538,100847,100,100559,100,100866,100,100508,100,100895,100,100417,100,100918,100,100387,200,100960,100,100371,100,101096,100,100151,100,101179,100,100144,100,101230,100,100050,100,101254,100,100038,200
2019-06-28 09:46:00.230655983,100816,538,100765,538,100847,100,100687,100,100866,100,100559,100,100895,100,100508,100,100918,100,100417,100,100960,100,100387,200,101096,100,100371,100,101179,100,100151,100,101230,100,100144,100,101254,100,100050,100
2019-06-28 09:46:10.000000000,100816,210,100765,210,100847,210,100687,210,100866,210,100559,210,100895,210,100508,210,100918,100,100417,100,100960,100,100387,200,101096,100,100371,100,101179,100,100151,100,101230,100,100144,100,101254,100,100050,100
2019-06-28 09:46:11.621986850,100816,210,100765,210,100847,210,100687,210,100866,210,100559,210,100895,210,100528,100,100918,100,100508,210,100960,100,100417,100,101096,100,100387,200,101179,100,100371,100,101230,100,100151,100,101254,100,100144,100
2019-06-28 09:46:20.000000000,100816,319,100765,319,100847,319,100687,319,100866,100,100559,100,100895,100,100528,100,100918,100,100508,100,100960,100,100417,100,101096,100,100387,200,101179,100,100371,100,101230,100,100151,100,101254,100,100144,100
2019-06-28 09:46:30.000000000,100816,319,100765,319,100847,319,100687,319,100866,100,100559,100,100895,100,100528,100,100918,100,100508,100,100960,100,100417,100,101096,100,100387,200,101179,100,100371,100,101230,100,100151,100,101254,100,100144,100
2019-06-28 09:46:37.270423841,100816,319,100765,319,100847,319,100687,319,100866,100,100559,100,100895,100,100528,100,100918,100,100508,100,100960,100,100419,100,101096,100,100417,100,101179,100,100387,200,101230,100,100371,100,101254,100,100151,100
2019-06-28 09:46:40.000000000,100816,210,100765,210,100847,210,100687,210,100866,210,100559,210,100895,210,100528,210,100918,100,100508,100,100960,100,100419,100,101096,100,100417,100,101179,100,100387,200,101230,100,100371,100,101254,100,100151,100
2019-06-28 09:46:41.713292793,100816,210,100765,210,100847,210,100687,210,100866,210,100559,210,100895,210,100532,100,100918,100,100528,210,100960,100,100508,100,101096,100,100419,100,101179,100,100417,100,101230,100,100387,200,101254,100,100371,100
2019-06-28 09:46:44.279179061,100816,210,100765,210,100847,210,100687,210,100866,210,100559,210,100895,210,100532,100,100918,100,100528,210,100960,100,100508,100,101096,100,100419,100,101179,100,100417,100,101230,100,100403,100,101254,100,100387,200
2019-06-28 09:46:50.000000000,100816,210,100765,210,100847,210,100687,210,100866,210,100559,210,100895,210,100532,210,100918,100,100528,100,100960,100,100508,100,101096,100,100419,100,101179,100,100417,100,101230,100,100403,100,101254,100,100387,200
2019-06-28 09:46:50.858190605,100816,210,100765,210,100847,210,100687,210,100866,210,100559,210,100895,210,100532,210,100918,100,100528,100,100931,100,100508,100,100960,100,100419,100,101096,100,100417,100,101179,100,100403,100,101230,100,100387,200
2019-06-28 09:46:57.801072388,100816,210,100765,210,100847,210,100687,210,100866,210,100559,210,100895,210,100532,210,100918,100,100528,100,100931,100,100509,100,100960,100,100508,100,101096,100,100419,100,101179,100,100417,100,101230,100,100403,100
2019-06-28 09:47:00.000000000,100816,538,100765,538,100847,100,100687,100,100866,100,100559,100,100895,100,100532,100,100918,100,100528,100,100931,100,100509,100,100960,100,100508,100,101096,100,100419,100,101179,100,100417,100,101230,100,100403,100
2019-06-28 09:47:10.000000000,100816,210,100765,210,100847,210,100687,210,100866,210,100559,210,100895,210,100532,210,100918,100,100528,100,100931,100,100509,100,100960,100,100508,100,101096,100,100419,100,101179,100,100417,100,101230,100,100403,100
2019-06-28 09:47:20.000000000,100816,319,100765,319,100847,319,100687,319,100866,100,100559,100,100895,100,100532,100,100918,100,100528,100,100931,100,100509,100,100960,100,100508,100,101096,100,100419,100,101179,100,100417,100,101230,100,100403,100
2019-06-28 09:47:30.000000000,100816,210,100765,210,100847,210,100687,210,100866,210,100559,210,100895,210,100532,210,100918,100,100528,100,100931,100,100509,100,100960,100,100508,100,101096,100,100419,100,101179,100,100417,100,101230,100,100403,100
2019-06-28 09:47:32.026753577,100816,210,100765,210,100847,210,100687,210,100866,210,100559,210,100895,210,100532,210,100918,100,100528,100,100929,100,100509,100,100931,100,100508,100,100960,100,100419,100,101096,100,100417,100,101230,100,100403,100
2019-06-28 09:47:40.000000000,100816,188,100765,188,100847,188,100687,188,100866,188,100559,188,100895,188,100532,188,100918,188,100528,188,100929,100,100509,100,100931,100,100508,100,100960,100,100419,100,101096,100,100417,100,101230,100,100403,100
2019-06-28 09:47:50.000000000,100816,188,100765,188,100847,188,100687,188,100866,188,100559,188,100895,188,100532,188,100918,188,100528,188,100929,100,100509,100,100931,100,100508,100,100960,100,100419,100,101096,100,100417,100,101230,100,100403,100
2019-06-28 09:47:56.846889526,100794,100,100765,188,100816,188,100687,188,100847,188,100559,188,100866,188,100532,188,100895,188,100528,188,100918,188,100509,100,100929,100,100508,100,100931,100,100419,100,100960,100,100417,100,101096,100,100403,100
2019-06-28 09:47:59.112680509,100794,100,100765,188,100816,188,100687,188,100847,188,100559,188,100866,188,100532,188,100895,188,100528,188,100918,188,100509,200,100929,100,100508,100,100931,100,100419,100,100960,100,100417,100,101096,100,100403,100
2019-06-28 09:48:00.000000000,100794,210,100765,210,100816,210,100687,210,100847,210,100559,210,100866,210,100532,210,100895,100,100528,100,100918,100,100509,200,100929,100,100508,100,100931,100,100419,100,100960,100,100417,100,101096,100,100403,100
2019-06-28 09:48:10.000000000,100794,188,100765,188,100816,188,100687,188,100847,188,100559,188,100866,188,100532,188,100895,188,100528,188,100918,100,100509,200,100929,100,100508,100,100931,100,100419,100,100960,100,100417,100,101096,100,100403,100
2019-06-28 09:48:17.639769707,100794,188,100765,188,100816,188,100687,188,100847,188,100559,188,100866,188,100532,188,100895,188,100528,188,100918,100,100509,200,100929,100,100508,100,100931,100,100419,100,100960,100,100417,100,101096,100,100403,100
2019-06-28 09:48:17.793485334,100794,188,100765,188,100816,288,100687,188,100847,188,100559,188,100866,188,100532,188,100895,188,100528,188,100918,100,100509,200,100929,100,100508,100,100931,100,100419,100,100960,100,100417,100,101096,100,100403,100
2019-06-28 09:48:18.463689279,100794,188,100765,188,100816,288,100687,188,100847,188,100559,188,100866,188,100532,188,100895,188,100528,188,100918,100,100509,200,100929,100,100508,100,100931,100,100419,100,100960,100,100417,100,101230,100,100403,100
2019-06-28 09:48:18.735270318,100794,188,100765,188,100816,288,100687,188,100847,188,100559,188,100866,188,100532,188,100895,188,100528,188,100918,100,100509,200,100929,100,100508,100,100931,100,100419,100,100960,100,100417,100,101254,100,100403,100
2019-06-28 09:48:20.000000000,100794,188,100765,188,100816,288,100687,188,100847,188,100559,188,100866,188,100532,188,100895,188,100528,188,100918,100,100509,200,100929,100,100508,100,100931,100,100419,100,100960,100,100417,100,101254,100,100403,100
2019-06-28 09:48:30.000000000,100794,249,100765,249,100816,345,100687,245,100847,245,100559,245,100866,100,100532,100,100895,100,100528,100,100918,100,100509,200,100929,100,100508,100,100931,100,100419,100,100960,100,100417,100,101254,100,100403,100
2019-06-28 09:48:40.000000000,100794,319,100765,319,100816,419,100687,319,100847,100,100559,100,100866,100,100532,100,100895,100,100528,100,100918,100,100509,200,100929,100,100508,100,100931,100,100419,100,100960,100,100417,100,101254,100,100403,100
2019-06-28 09:48:50.000000000,100794,538,100765,538,100816,200,100687,100,100847,100,100559,100,100866,100,100532,100,100895,100,100528,100,100918,100,100509,200,100929,100,100508,100,100931,100,100419,100,100960,100,100417,100,101254,100,100403,100
2019-06-28 09:48:56.618883934,100794,538,100792,100,100816,200,100765,538,100866,100,100687,100,100895,100,100559,100,100918,100,100532,100,100929,100,100528,100,100931,100,100509,200,100960,100,100508,100,101254,100,100419,100,101390,100,100417,100
2019-06-28 09:48:58.236235737,100794,538,100792,100,100816,200,100765,538,100859,100,100559,100,100866,100,100532,100,100895,100,100528,100,100918,100,100509,200,100929,100,100508,100,100931,100,100419,100,100960,100,100417,100,101254,100,100403,100
2019-06-28 09:49:00.000000000,100794,538,100792,538,100816,200,100765,100,100859,100,100559,100,100866,100,100532,100,100895,100,100528,100,100918,100,100509,200,100929,100,100508,100,100931,100,100419,100,100960,100,100417,100,101254,100,100403,100
2019-06-28 09:49:08.419126741,100794,538,100792,438,100816,200,100765,100,100859,100,100559,100,100866,100,100532,100,100895,100,100528,100,100918,100,100509,200,100929,100,100508,100,100931,100,100419,100,100960,100,100417,100,101254,100,100403,100
2019-06-28 09:49:10.000000000,100794,319,100765,319,100816,419,100559,319,100859,100,100532,100,100866,100,100528,100,100895,100,100509,200,100918,100,100508,100,100929,100,100419,100,100931,100,100417,100,100960,100,100403,100,101254,100,100387,200
2019-06-28 09:49:16.968605593,100794,319,100765,319,100816,419,100612,100,100859,100,100559,319,100866,100,100532,100,100918,100,100528,100,100929,100,100509,200,100931,100,100508,100,100960,100,100419,100,101254,100,100417,100,101390,100,100403,100
2019-06-28 09:49:20.000000000,100794,188,100765,188,100816,288,100612,188,100859,188,100559,188,100866,188,100532,188,100918,188,100528,188,100929,100,100509,200,100931,100,100508,100,100960,100,100419,100,101254,100,100417,100,101390,100,100403,100
2019-06-28 09:49:30.000000000,100794,210,100765,210,100816,310,100612,210,100859,210,100559,210,100866,210,100532,210,100918,100,100528,100,100929,100,100509,200,100931,100,100508,100,100960,100,100419,100,101254,100,100417,100,101390,100,100403,100
2019-06-28 09:49:40.000000000,100794,188,100765,188,100816,288,100612,188,100859,188,100559,188,100866,188,100532,188,100918,188,100528,188,100929,100,100509,200,100931,100,100508,100,100960,100,100419,100,101254,100,100417,100,101390,100,100403,100
2019-06-28 09:49:50.000000000,100794,538,100765,538,100816,200,100612,100,100859,100,100559,100,100866,100,100532,100,100918,100,100528,100,100929,100,100509,200,100931,100,100508,100,100960,100,100419,100,101254,100,100417,100,101390,100,100403,100
2019-06-28 09:50:00.000000000,100794,210,100765,210,100816,310,100612,210,100859,210,100559,210,100866,210,100532,210,100918,100,100528,100,100929,100,100509,200,100931,100,100508,100,100960,100,100419,100,101254,100,100417,100,101390,100,100403,100
2019-06-28 09:50:09.115186350,100794,210,100765,210,100816,310,100612,210,100859,210,100559,210,100866,210,100532,210,100918,100,100528,100,100929,100,100509,200,100931,100,100508,100,100960,100,100419,100,101254,100,100417,100,101390,100,100403,100
2019-06-28 09:50:10.000000000,100794,319,100765,319,100816,419,100612,319,100859,100,100559,100,100866,100,100532,100,100918,100,100528,100,100929,100,100509,200,100931,100,100508,100,100960,100,100419,100,101254,100,100417,100,101390,100,100403,100
2019-06-28 09:50:20.000000000,100794,319,100765,319,100816,419,100612,319,100859,100,100559,100,100866,100,100532,100,100918,100,100528,100,100929,100,100509,200,100931,100,100508,100,100960,100,100419,100,101254,100,100417,100,101390,100,100403,100
2019-06-28 09:50:20.947927146,100794,319,100765,319,100816,419,100612,319,100859,100,100559,100,100866,100,100532,100,100918,100,100528,100,100929,100,100509,200,100931,100,100508,100,100960,100,100419,100,101254,100,100417,100,101390,100,100407,100
2019-06-28 09:50:24.235882861,100794,319,100765,219,100816,419,100612,319,100859,100,100559,100,100866,100,100532,100,100918,100,100528,100,100929,100,100509,200,100931,100,100508,100,100960,100,100419,100,101254,100,100417,100,101390,100,100407,100
2019-06-28 09:50:29.319290031,100794,319,100765,119,100816,419,100612,319,100866,100,100559,100,100918,100,100532,100,100929,100,100528,100,100931,100,100509,200,100960,100,100508,100,101254,100,100419,100,101390,100,100417,100,101415,100,100407,100
2019-06-28 09:50:29.782207318,100794,319,100765,119,100816,419,100753,100,100866,100,100612,319,100918,100,100559,100,100929,100,100532,100,100931,100,100528,100,100960,100,100509,200,101254,100,100508,100,101390,100,100419,100,101415,100,100417,100
2019-06-28 09:50:30.000000000,100794,319,100753,319,100816,419,100612,319,100866,100,100559,100,100918,100,100532,100,100929,100,100528,100,100931,100,100509,200,100960,100,100508,100,101254,100,100419,100,101390,100,100417,100,101415,100,100407,100
2019-06-28 09:50:37.044421567,100765,100,100753,319,100794,319,100612,319,100816,419,100559,100,100866,100,100532,100,100918,100,100528,100,100929,100,100509,200,100931,100,100508,100,100960,100,100419,100,101254,100,100417,100,101390,100,100407,100
2019-06-28 09:50:40.000000000,100765,210,100753,210,100794,210,100612,210,100816,310,100559,210,100866,210,100532,210,100918,100,100528,100,100929,100,100509,200,100931,100,100508,100,100960,100,100419,100,101254,100,100417,100,101390,100,100407,100
2019-06-28 09:50:43.568223127,100765,210,100753,110,100794,210,100612,210,100816,310,100559,210,100866,210,100532,210,100918,100,100528,100,100929,100,100509,200,100931,100,100508,100,100960,100,100419,100,101254,100,100417,100,101390,100,100407,100
2019-06-28 09:50:50.000000000,100765,188,100612,188,100794,188,100559,188,100816,288,100532,188,100866,188,100528,188,100918,188,100509,288,100929,100,100508,100,100931,100,100419,100,100960,100,100417,100,101254,100,100407,100,101390,100,100403,100
2019-06-28 09:50:52.233403314,100765,188,100612,188,100794,188,100559,188,100816,288,100532,188,100866,188,100528,88,100918,188,100509,288,100929,100,100508,100,100931,100,100419,100,100960,100,100417,100,101254,100,100407,100,101390,100,100403,100
2019-06-28 09:51:00.000000000,100765,210,100612,210,100794,210,100559,210,100816,310,100532,210,100866,210,100509,310,100918,100,100508,100,100929,100,100419,100,100931,100,100417,100,100960,100,100407,100,101254,100,100403,100,101390,100,100387,200
2019-06-28 09:51:10.000000000,100765,538,100612,538,100794,100,100559,100,100816,200,100532,100,100866,100,100509,200,100918,100,100508,100,100929,100,100419,100,100931,100,100417,100,100960,100,100407,100,101254,100,100403,100,101390,100,100387,200
2019-06-28 09:51:10.788773885,100765,538,100612,538,100769,100,100559,100,100794,100,100532,100,100816,200,100509,200,100866,100,100508,100,100918,100,100419,100,100929,100,100417,100,100931,100,100407,100,100960,100,100403,100,101254,100,100387,200
2019-06-28 09:51:14.114888952,100765,538,100612,538,100769,100,100559,100,100794,100,100532,100,100816,200,100509,200,100866,100,100508,100,100918,100,100471,100,100929,100,100419,100,100931,100,100417,100,100960,100,100407,100,101254,100,100403,100
2019-06-28 09:51:14.811415012,100706,100,100612,538,100765,538,100559,100,100769,100,100532,100,100794,100,100509,200,100816,200,100508,100,100866,100,100471,100,100918,100,100419,100,100929,100,100417,100,100931,100,100407,100,100960,100,100403,100
2019-06-28 09:51:20.000000000,100706,249,100612,249,100765,245,100559,245,100769,245,100532,245,100794,100,100509,200,100816,200,100508,100,100866,100,100471,100,100918,100,100419,100,100929,100,100417,100,100931,100,100407,100,100960,100,100403,100
2019-06-28 09:51:22.044234186,100706,149,100612,249,100765,245,100598,100,100769,245,100559,245,100794,100,100532,245,100816,200,100509,200,100866,100,100508,100,100918,100,100471,100,100929,100,100419,100,100931,100,100417,100,100960,100,100407,100
2019-06-28 09:51:30.000000000,100765,210,100612,210,100769,210,100598,210,100794,210,100559,210,100816,310,100532,210,100866,100,100509,200,100918,100,100508,100,100929,100,100471,100,100931,100,100419,100,100960,100,100417,100,101254,100,100407,100
2019-06-28 09:51:32.162807819,100765,210,100612,210,100769,210,100598,210,100794,210,100559,210,100816,310,100532,210,100866,100,100509,200,100918,100,100508,100,100929,100,100471,100,100931,100,100446,100,100960,100,100419,100,101254,100,100417,100
2019-06-28 09:51:40.000000000,100765,249,100612,249,100769,245,100598,245,100794,245,100559,245,100816,200,100532,100,100866,100,100509,200,100918,100,100508,100,100929,100,100471,100,100931,100,100446,100,100960,100,100419,100,101254,100,100417,100
2019-06-28 09:51:50.000000000,100765,188,100612,188,100769,188,100598,188,100794,188,100559,188,100816,288,100532,188,100866,188,100509,288,100918,100,100508,100,100929,100,100471,100,100931,100,100446,100,100960,100,100419,100,101254,100,100417,100
2019-06-28 09:52:00.000000000,100765,188,100612,188,100769,188,100598,188,100794,188,100559,188,100816,288,100532,188,100866,188,100509,288,100918,100,100508,100,100929,100,100471,100,100931,100,100446,100,100960,100,100419,100,101254,100,100417,100
2019-06-28 09:52:09.411749558,100765,188,100612,188,100769,188,100598,188,100794,188,100559,188,100816,288,100532,188,100866,188,100509,188,100918,100,100508,100,100929,100,100471,100,100931,100,100446,100,100960,100,100419,100,101254,100,100417,100
2019-06-28 09:52:10.000000000,100765,188,100612,188,100769,188,100598,188,100794,188,100559,188,100816,288,100532,188,100866,188,100509,188,100918,100,100508,100,100929,100,100471,100,100931,100,100446,100,100960,100,100419,100,101254,100,100417,100
2019-06-28 09:52:20.000000000,100765,538,100612,538,100769,100,100598,100,100794,100,100559,100,100816,200,100532,100,100866,100,100509,100,100918,100,100508,100,100929,100,100471,100,100931,100,100446,100,100960,100,100419,100,101254,100,100417,100
2019-06-28 09:52:30.000000000,100765,210,100612,210,100769,210,100598,210,100794,210,100559,210,100816,310,100532,210,100866,100,100509,100,100918,100,100508,100,100929,100,100471,100,100931,100,100446,100,100960,100,100419,100,101254,100,100417,100
2019-06-28 09:52:37.134535627,100765,210,100612,210,100769,210,100598,210,100794,210,100559,210,100816,310,100532,210,100866,100,100509,100,100918,100,100508,100,100929,100,100471,100,100931,100,100454,100,100960,100,100446,100,101254,100,100419,100
2019-06-28 09:52:40.000000000,100765,538,100612,538,100769,100,100598,100,100794,100,100559,100,100816,200,100532,100,100866,100,100509,100,100918,100,100508,100,100929,100,100471,100,100931,100,100454,100,100960,100,100446,100,101254,100,100419,100
2019-06-28 09:52:50.000000000,100765,319,100612,319,100769,319,100598,319,100794,100,100559,100,100816,200,100532,100,100866,100,100509,100,100918,100,100508,100,100929,100,100471,100,100931,100,100454,100,100960,100,100446,100,101254,100,100419,100
2019-06-28 09:53:00.000000000,100765,188,100612,188,100769,188,100598,188,100794,188,100559,188,100816,288,100532,188,100866,188,100509,188,100918,100,100508,100,100929,100,100471,100,100931,100,100454,100,100960,100,100446,100,101254,100,100419,100
2019-06-28 09:53:02.461179945,100765,188,100612,188,100769,188,100598,188,100794,188,100559,188,100816,288,100532,188,100866,188,100509,188,100918,100,100508,100,100929,100,100471,100,100931,100,100446,100,100960,100,100424,100,101254,100,100419,100
2019-06-28 09:53:07.134655709,100764,100,100612,188,100765,188,100598,188,100769,188,100559,188,100794,188,100532,188,100816,288,100509,188,100866,188,100508,100,100918,100,100471,100,100929,100,100446,100,100931,100,100424,100,100960,100,100419,100
2019-06-28 09:53:07.513433960,100721,100,100612,188,100764,100,100598,188,100765,188,100559,188,100769,188,100532,188,100794,188,100509,188,100816,288,100508,100,100866,188,100471,100,100918,100,100446,100,100929,100,100419,100,100931,100,100417,100
2019-06-28 09:53:10.000000000,100721,249,100612,249,100764,245,100598,245,100765,245,100559,245,100769,100,100532,100,100794,100,100509,100,100816,200,100508,100,100866,100,100471,100,100918,100,100446,100,100929,100,100419,100,100931,100,100417,100
2019-06-28 09:53:12.081996440,100721,249,100612,249,100764,245,100598,245,100765,245,100559,245,100769,100,100532,100,100816,200,100509,100,100862,100,100508,100,100866,100,100471,100,100918,100,100446,100,100929,100,100419,100,100931,100,100417,100
2019-06-28 09:53:13.682064626,100721,249,100612,249,100764,245,100598,245,100765,245,100559,245,100769,100,100532,100,100816,200,100509,100,100862,100,100508,100,100866,100,100471,100,100918,100,100446,100,100929,100,100419,100,100931,100,100417,100
2019-06-28 09:53:20.000000000,100721,249,100612,249,100764,245,100598,245,100765,245,100559,245,100769,100,100532,100,100816,200,100509,100,100862,100,100508,100,100866,100,100471,100,100918,100,100446,100,100929,100,100419,100,100931,100,100417,100
2019-06-28 09:53:23.344885897,100721,249,100623,100,100764,245,100612,249,100765,245,100598,245,100769,100,100559,245,100816,200,100532,100,100862,100,100509,100,100866,100,100508,100,100918,100,100471,100,100929,100,100446,100,100931,100,100419,100
2019-06-28 09:53:23.700938293,100721,249,100623,100,100764,245,100612,249,100765,245,100598,245,100769,100,100559,245,100816,200,100532,100,100862,100,100509,100,100866,100,100508,100,100918,100,100471,100,100929,100,100446,100,100931,100,100419,100
2019-06-28 09:53:26.300501309,100721,249,100623,100,100764,245,100612,249,100765,245,100598,245,100769,100,100559,245,100816,200,100550,100,100862,100,100532,100,100866,100,100509,100,100918,100,100508,100,100929,100,100471,100,100931,100,100446,100
2019-06-28 09:53:30.000000000,100721,188,100623,188,100764,188,100612,188,100765,188,100598,188,100769,188,100559,188,100816,288,100550,188,100862,100,100532,100,100866,100,100509,100,100918,100,100508,100,100929,100,100471,100,100931,100,100446,100
2019-06-28 09:53:38.950857215,100721,188,100623,188,100764,188,100612,188,100765,188,100598,188,100769,188,100559,188,100795,100,100550,188,100816,288,100532,100,100862,100,100509,100,100866,100,100508,100,100918,100,100471,100,100929,100,100446,100
2019-06-28 09:53:40.000000000,100721,538,100623,538,100764,100,100612,100,100765,100,100598,100,100769,100,100559,100,100795,100,100550,100,100816,200,100532,100,100862,100,100509,100,100866,100,100508,100,100918,100,100471,100,100929,100,100446,100
2019-06-28 09:53:50.000000000,100721,249,100623,249,100764,245,100612,245,100765,245,100598,245,100769,100,100559,100,100795,100,100550,100,100816,200,100532,100,100862,100,100509,100,100866,100,100508,100,100918,100,100471,100,100929,100,100446,100
2019-06-28 09:54:00.000000000,100721,188,100623,188,100764,188,100612,188,100765,188,100598,188,100769,188,100559,188,100795,188,100550,188,100816,200,100532,100,100862,100,100509,100,100866,100,100508,100,100918,100,100471,100,100929,100,100446,100
2019-06-28 09:54:00.589965514,100721,188,100623,188,100764,188,100612,188,100765,188,100598,188,100769,188,100559,188,100795,188,100550,188,100816,200,100532,100,100862,100,100508,100,100866,100,100471,100,100918,100,100446,100,100929,100,100419,100
2019-06-28 09:54:10.000000000,100721,319,100623,319,100764,319,100612,319,100765,100,100598,100,100769,100,100559,100,100795,100,100550,100,100816,200,100532,100,100862,100,100508,100,100866,100,100471,100,100918,100,100446,100,100929,100,100419,100
2019-06-28 09:54:14.877617766,100721,319,100623,319,100764,319,100612,319,100765,100,100598,100,100769,100,100559,100,100795,200,100550,100,100816,200,100532,100,100862,100,100508,100,100918,100,100471,100,100929,100,100446,100,100931,100,100419,100
2019-06-28 09:54:20.000000000,100721,249,100623,249,100764,245,100612,245,100765,245,100598,245,100769,100,100559,100,100795,200,100550,100,100816,200,100532,100,100862,100,100508,100,100918,100,100471,100,100929,100,100446,100,100931,100,100419,100
2019-06-28 09:54:30.000000000,100721,249,100623,249,100764,245,100612,245,100765,245,100598,245,100769,100,100559,100,100795,200,100550,100,100816,200,100532,100,100862,100,100508,100,100918,100,100471,100,100929,100,100446,100,100931,100,100419,100
2019-06-28 09:54:40.000000000,100721,210,100623,210,100764,210,100612,210,100765,210,100598,210,100769,210,100559,210,100795,200,100550,100,100816,200,100532,100,100862,100,100508,100,100918,100,100471,100,100929,100,100446,100,100931,100,100419,100
2019-06-28 09:54:50.000000000,100721,319,100623,319,100764,319,100612,319,100765,100,100598,100,100769,100,100559,100,100795,200,100550,100,100816,200,100532,100,100862,100,100508,100,100918,100,100471,100,100929,100,100446,100,100931,100,100419,100
2019-06-28 09:54:50.520470197,100721,319,100623,319,100764,319,100612,319,100765,100,100598,100,100769,100,100559,100,100795,200,100550,100,100816,200,100532,100,100862,100,100508,100,100918,100,100471,100,100929,100,100446,100,100931,100,100419,100
2019-06-28 09:55:00.000000000,100721,249,100623,249,100764,245,100612,245,100765,245,100598,245,100769,100,100559,100,100795,200,100550,100,100816,200,100532,100,100862,100,100508,100,100918,100,100471,100,100929,100,100446,100,100931,100,100419,100
2019-06-28 09:55:10.000000000,100721,319,100623,319,100764,319,100612,319,100765,100,100598,100,100769,100,100559,100,100795,200,100550,100,100816,200,100532,100,100862,100,100508,100,100918,100,100471,100,100929,100,100446,100,100931,100,100419,100
2019-06-28 09:55:10.025630191,100721,319,100623,319,100764,319,100612,319,100765,100,100598,100,100769,100,100559,100,100795,200,100550,100,100816,200,100532,100,100862,100,100508,100,100906,100,100471,100,100918,100,100446,100,100929,100,100419,100
2019-06-28 09:55:16.631473047,100721,319,100623,319,100764,319,100612,319,100765,100,100598,100,100769,100,100559,100,100795,200,100550,100,100816,200,100532,100,100862,100,100508,100,100872,100,100471,100,100906,100,100446,100,100918,100,100419,100
2019-06-28 09:55:20.000000000,100721,538,100623,538,100764,100,100612,100,100765,100,100598,100,100769,100,100559,100,100795,200,100550,100,100816,200,100532,100,100862,100,100508,100,100872,100,100471,100,100906,100,100446,100,100918,100,100419,100
2019-06-28 09:55:30.000000000,100721,210,100623,210,100764,210,100612,210,100765,210,100598,210,100769,210,100559,210,100795,200,100550,100,100816,200,100532,100,100862,100,100508,100,100872,100,100471,100,100906,100,100446,100,100918,100,100419,100
2019-06-28 09:55:35.908047957,100721,210,100623,210,100752,100,100612,210,100764,210,100598,210,100765,210,100559,210,100769,210,100550,100,100795,200,100532,100,100816,200,100508,100,100862,100,100471,100,100872,100,100446,100,100906,100,100419,100
2019-06-28 09:55:40.000000000,100721,319,100623,319,100752,319,100612,319,100764,100,100598,100,100765,100,100559,100,100769,100,100550,100,100795,200,100532,100,100816,200,100508,100,100862,100,100471,100,100872,100,100446,100,100906,100,100419,100
2019-06-28 09:55:50.000000000,100721,249,100623,249,100752,245,100612,245,100764,245,100598,245,100765,100,100559,100,100769,100,100550,100,100795,200,100532,100,100816,200,100508,100,100862,100,100471,100,100872,100,100446,100,100906,100,100419,100
2019-06-28 09:56:00.000000000,100721,319,100623,319,100752,319,100612,319,100764,100,100598,100,100765,100,100559,100,100769,100,100550,100,100795,200,100532,100,100816,200,100508,100,100862,100,100471,100,100872,100,100446,100,100906,100,100419,100
2019-06-28 09:56:00.951073572,100715,100,100623,319,100721,319,100612,319,100752,319,100598,100,100764,100,100559,100,100765,100,100550,100,100769,100,100532,100,100795,200,100508,100,100816,200,100471,100,100862,100,100446,100,100872,100,100419,100
2019-06-28 09:56:10.000000000,100715,319,100623,319,100721,319,100612,319,100752,100,100598,100,100764,100,100559,100,100765,100,100550,100,100769,100,100532,100,100795,200,100508,100,100816,200,100471,100,100862,100,100446,100,100872,100,100419,100
2019-06-28 09:56:20.000000000,100715,210,100623,210,100721,210,100612,210,100752,210,100598,210,100764,210,100559,210,100765,100,100550,100,100769,100,100532,100,100795,200,100508,100,100816,200,100471,100,100862,100,100446,100,100872,100,100419,100
2019-06-28 09:56:30.000000000,100715,249,100623,249,100721,245,100612,245,100752,245,100598,245,100764,100,100559,100,100765,100,100550,100,100769,100,100532,100,100795,200,100508,100,100816,200,100471,100,100862,100,100446,100,100872,100,100419,100
2019-06-28 09:56:40.000000000,100715,188,100623,188,100721,188,100612,188,100752,188,100598,188,100764,188,100559,188,100765,188,100550,188,100769,100,100532,100,100795,200,100508,100,100816,200,100471,100,100862,100,100446,100,100872,100,100419,100
2019-06-28 09:56:50.000000000,100715,319,100623,319,100721,319,100612,319,100752,100,100598,100,100764,100,100559,100,100765,100,100550,100,100769,100,100532,100,100795,200,100508,100,100816,200,100471,100,100862,100,100446,100,100872,100,100419,100
2019-06-28 09:56:57.571399521,100715,319,100623,319,100721,319,100612,319,100752,100,100598,100,100764,200,100559,100,100765,100,100550,100,100769,100,100532,100,100795,200,100508,100,100816,200,100471,100,100862,100,100446,100,100872,100,100419,100
2019-06-28 09:57:00.000000000,100715,188,100623,188,100721,188,100612,188,100752,188,100598,188,100764,288,100559,188,100765,188,100550,188,100769,100,100532,100,100795,200,100508,100,100816,200,100471,100,100862,100,100446,100,100872,100,100419,100
2019-06-28 09:57:10.000000000,100715,210,100623,210,100721,210,100612,210,100752,210,100598,210,100764,310,100559,210,100765,100,100550,100,100769,100,100532,100,100795,200,100508,100,100816,200,100471,100,100862,100,100446,100,100872,100,100419,100
2019-06-28 09:57:20.000000000,100715,538,100623,538,100721,100,100612,100,100752,100,100598,100,100764,200,100559,100,100765,100,100550,100,100769,100,100532,100,100795,200,100508,100,100816,200,100471,100,100862,100,100446,100,100872,100,100419,100
2019-06-28 09:57:30.000000000,100715,249,100623,249,100721,245,100612,245,100752,245,100598,245,100764,200,100559,100,100765,100,100550,100,100769,100,100532,100,100795,200,100508,100,100816,200,100471,100,100862,100,100446,100,100872,100,100419,100
2019-06-28 09:57:40.000000000,100715,188,100623,188,100721,188,100612,188,100752,188,100598,188,100764,288,100559,188,100765,188,100550,188,100769,100,100532,100,100795,200,100508,100,100816,200,100471,100,100862,100,100446,100,100872,100,100419,100
2019-06-28 09:57:50.000000000,100715,319,100623,319,100721,319,100612,319,100752,100,100598,100,100764,200,100559,100,100765,100,100550,100,100769,100,100532,100,100795,200,100508,100,100816,200,100471,100,100862,100,100446,100,100872,100,100419,100
2019-06-28 09:58:00.000000000,100715,188,100623,188,100721,188,100612,188,100752,188,100598,188,100764,288,100559,188,100765,188,100550,188,100769,100,100532,100,100795,200,100508,100,100816,200,100471,100,100862,100,100446,100,100872,100,100419,100
2019-06-28 09:58:02.580506430,100715,188,100623,188,100721,188,100612,188,100752,188,100598,188,100764,288,100559,188,100765,188,100550,88,100769,100,100532,100,100795,200,100508,100,100803,100,100471,100,100816,200,100446,100,100862,100,100419,100
2019-06-28 09:58:10.000000000,100715,538,100623,538,100721,100,100612,100,100752,100,100598,100,100764,200,100559,100,100765,100,100532,100,100769,100,100508,100,100795,200,100471,100,100803,100,100446,100,100816,200,100419,100,100862,100,100417,100
2019-06-28 09:58:11.528403193,100715,538,100623,538,100721,100,100612,100,100752,100,100598,100,100764,200,100559,100,100765,100,100532,100,100769,100,100508,100,100795,200,100471,100,100803,100,100446,100,100816,200,100419,100,100862,100,100417,100
2019-06-28 09:58:13.935628047,100715,538,100623,538,100721,100,100612,100,100752,100,100598,100,100764,200,100559,100,100765,100,100532,100,100769,100,100508,100,100795,200,100471,100,100803,100,100446,100,100816,200,100419,100,100862,100,100417,100
2019-06-28 09:58:14.430817536,100715,538,100623,538,100721,100,100612,100,100752,100,100598,100,100764,300,100559,100,100765,100,100532,100,100769,100,100508,100,100795,200,100471,100,100803,100,100446,100,100816,200,100419,100,100862,100,100417,100
2019-06-28 09:58:20.000000000,100715,319,100623,319,100721,319,100612,319,100752,100,100598,100,100764,300,100559,100,100765,100,100532,100,100769,100,100508,100,100795,200,100471,100,100803,100,100446,100,100816,200,100419,100,100862,100,100417,100
2019-06-28 09:58:30.000000000,100715,319,100623,319,100721,319,100612,319,100752,100,100598,100,100764,300,100559,100,100765,100,100532,100,100769,100,100508,100,100795,200,100471,100,100803,100,100446,100,100816,200,100419,100,100862,100,100417,100
2019-06-28 09:58:40.000000000,100715,210,100623,210,100721,210,100612,210,100752,210,100598,210,100764,410,100559,210,100765,100,100532,100,100769,100,100508,100,100795,200,100471,100,100803,100,100446,100,100816,200,100419,100,100862,100,100417,100
2019-06-28 09:58:50.000000000,100715,188,100623,188,100721,188,100612,188,100752,188,100598,188,100764,388,100559,188,100765,188,100532,188,100769,100,100508,100,100795,200,100471,100,100803,100,100446,100,100816,200,100419,100,100862,100,100417,100
2019-06-28 09:58:55.246617842,100670,100,100623,188,100715,188,100612,188,100721,188,100598,188,100752,188,100559,188,100764,388,100532,188,100765,188,100508,100,100795,200,100471,100,100803,100,100446,100,100816,200,100419,100,100862,100,100417,100
2019-06-28 09:58:55.299003958,100670,100,100623,188,100715,188,100612,188,100721,188,100598,188,100752,188,100559,188,100764,388,100532,188,100765,188,100508,100,100795,200,100471,100,100803,100,100446,100,100816,200,100419,100,100862,100,100417,100
2019-06-28 09:59:00.000000000,100670,319,100623,319,100715,319,100612,319,100721,100,100598,100,100752,100,100559,100,100764,300,100532,100,100765,100,100508,100,100795,200,100471,100,100803,100,100446,100,100816,200,100419,100,100862,100,100417,100
2019-06-28 09:59:03.490903941,100670,319,100623,319,100715,319,100612,319,100721,100,100598,100,100752,100,100559,100,100764,300,100532,100,100765,100,100508,100,100782,100,100471,100,100795,200,100446,100,100803,100,100419,100,100816,200,100417,100
2019-06-28 09:59:10.000000000,100670,319,100623,319,100715,319,100612,319,100721,100,100598,100,100752,100,100559,100,100764,300,100532,100,100765,100,100508,100,100782,100,100471,100,100795,200,100446,100,100803,100,100419,100,100816,200,100417,100
2019-06-28 09:59:20.000000000,100670,319,100623,319,100715,319,100612,319,100721,100,100598,100,100752,100,100559,100,100764,300,100532,100,100765,100,100508,100,100782,100,100471,100,100795,200,100446,100,100803,100,100419,100,100816,200,100417,100
2019-06-28 09:59:25.628847145,100670,219,100623,319,100715,319,100612,319,100721,100,100598,100,100752,100,100559,100,100764,300,100532,100,100765,100,100508,100,100782,100,100471,100,100795,200,100446,100,100803,100,100419,100,100816,200,100417,100
2019-06-28 09:59:30.000000000,100715,319,100623,319,100721,319,100612,319,100752,100,100598,100,100764,300,100559,100,100765,100,100532,100,100782,100,100508,100,100795,200,100471,100,100803,100,100446,100,100816,200,100419,100,100862,100,100417,100
2019-06-28 09:59:37.343734386,100715,219,100623,319,100721,319,100612,319,100752,100,100598,100,100764,300,100559,100,100765,100,100532,100,100782,100,100508,100,100795,200,100471,100,100803,100,100446,100,100816,200,100419,100,100862,100,100417,100
2019-06-28 09:59:40.000000000,100721,249,100623,249,100752,245,100612,245,100764,445,100598,245,100765,100,100559,100,100782,100,100532,100,100795,200,100508,100,100803,100,100471,100,100816,200,100446,100,100862,100,100419,100,100872,100,100417,100
2019-06-28 09:59:50.000000000,100721,319,100623,319,100752,319,100612,319,100764,300,100598,100,100765,100,100559,100,100782,100,100532,100,100795,200,100508,100,100803,100,100471,100,100816,200,100446,100,100862,100,100419,100,100872,100,100417,100
2019-06-28 10:00:00.000000000,100721,210,100623,210,100752,210,100612,210,100764,410,100598,210,100765,210,100559,210,100782,100,100532,100,100795,200,100508,100,100803,100,100471,100,100816,200,100446,100,100862,100,100419,100,100872,100,100417,100
2019-06-28 10:00:10.000000000,100721,249,100623,249,100752,245,100612,245,100764,445,100598,245,100765,100,100559,100,100782,100,100532,100,100795,200,100508,100,100803,100,100471,100,100816,200,100446,100,100862,100,100419,100,100872,100,100417,100
2019-06-28 10:00:20.000000000,100721,188,100623,188,100752,188,100612,188,100764,388,100598,188,100765,188,100559,188,100782,188,100532,188,100795,200,100508,100,100803,100,100471,100,100816,200,100446,100,100862,100,100419,100,100872,100,100417,100
2019-06-28 10:00:29.026813721,100721,88,100623,188,100752,188,100612,188,100764,388,100598,188,100765,188,100559,188,100782,188,100532,188,100795,200,100508,100,100803,100,100471,100,100816,200,100446,100,100862,100,100419,100,100872,100,100417,100
2019-06-28 10:00:30.000000000,100752,188,100623,188,100764,388,100612,188,100765,188,100598,188,100782,188,100559,188,100795,288,100532,188,100803,100,100508,100,100816,200,100471,100,100862,100,100446,100,100872,100,100419,100,100906,100,100417,100
2019-06-28 10:00:40.000000000,100752,210,100623,210,100764,410,100612,210,100765,210,100598,210,100782,210,100559,210,100795,200,100532,100,100803,100,100508,100,100816,200,100471,100,100862,100,100446,100,100872,100,100419,100,100906,100,100417,100
2019-06-28 10:00:42.949023067,100752,210,100623,210,100764,410,100612,210,100765,210,100598,210,100782,210,100559,210,100795,200,100532,100,100803,100,100508,100,100816,200,100471,100,100862,100,100446,100,100872,100,100419,100,100906,100,100417,100
2019-06-28 10:00:50.000000000,100752,319,100623,319,100764,519,100612,319,100765,100,100598,100,100782,100,100559,100,100795,200,100532,100,100803,100,100508,100,100816,200,100471,100,100862,100,100446,100,100872,100,100419,100,100906,100,100417,100
2019-06-28 10:01:00.000000000,100752,210,100623,210,100764,410,100612,210,100765,210,100598,210,100782,210,100559,210,100795,200,100532,100,100803,100,100508,100,100816,200,100471,100,100862,100,100446,100,100872,100,100419,100,100906,100,100417,100
2019-06-28 10:01:01.844484204,100752,210,100623,210,100764,410,100612,210,100765,210,100598,210,100782,210,100559,210,100795,200,100532,100,100803,100,100508,100,100816,200,100471,100,100862,100,100446,100,100872,100,100419,100,100906,100,100407,100
2019-06-28 10:01:07.248411326,100752,110,100623,210,100764,410,100612,210,100765,210,100598,210,100782,210,100559,210,100795,200,100532,100,100803,100,100508,100,100816,200,100471,100,100862,100,100446,100,100872,100,100419,100,100906,100,100407,100
2019-06-28 10:01:10.000000000,100764,519,100623,319,100765,319,100612,319,100782,100,100598,100,100795,200,100559,100,100803,100,100532,100,100816,200,100508,100,100862,100,100471,100,100872,100,100446,100,100906,100,100419,100,100929,100,100407,100
2019-06-28 10:01:15.062750054,100764,519,100623,319,100765,319,100612,319,100782,100,100559,100,100795,200,100532,100,100803,100,100508,100,100816,200,100471,100,100862,100,100446,100,100872,100,100419,100,100906,100,100407,100,100929,100,100387,100
2019-06-28 10:01:20.000000000,100764,449,100623,249,100765,245,100612,245,100782,245,100559,245,100795,200,100532,100,100803,100,100508,100,100816,200,100471,100,100862,100,100446,100,100872,100,100419,100,100906,100,100407,100,100929,100,100387,100
2019-06-28 10:01:30.000000000,100764,388,100623,188,100765,188,100612,188,100782,188,100559,188,100795,288,100532,188,100803,188,100508,188,100816,200,100471,100,100862,100,100446,100,100872,100,100419,100,100906,100,100407,100,100929,100,100387,100
2019-06-28 10:01:40.000000000,100764,738,100623,538,100765,100,100612,100,100782,100,100559,100,100795,200,100532,100,100803,100,100508,100,100816,200,100471,100,100862,100,100446,100,100872,100,100419,100,100906,100,100407,100,100929,100,100387,100
2019-06-28 10:01:50.000000000,100764,519,100623,319,100765,319,100612,319,100782,100,100559,100,100795,200,100532,100,100803,100,100508,100,100816,200,100471,100,100862,100,100446,100,100872,100,100419,100,100906,100,100407,100,100929,100,100387,100
2019-06-28 10:01:56.845125186,100720,100,100623,319,100764,519,100612,319,100765,319,100559,100,100782,100,100532,100,100795,200,100508,100,100803,100,100471,100,100816,200,100446,100,100862,100,100419,100,100872,100,100407,100,100906,100,100387,100
2019-06-28 10:02:00.000000000,100720,249,100623,249,100764,445,100612,245,100765,245,100559,245,100782,100,100532,100,100795,200,100508,100,100803,100,100471,100,100816,200,100446,100,100862,100,100419,100,100872,100,100407,100,100906,100,100387,100
2019-06-28 10:02:09.058761734,100720,249,100623,149,100764,445,100612,245,100765,245,100559,245,100782,100,100532,100,100795,200,100508,100,100803,100,100471,100,100816,200,100446,100,100862,100,100419,100,100866,100,100407,100,100872,100,100387,100
2019-06-28 10:02:10.000000000,100720,319,100612,319,100764,519,100559,319,100765,100,100532,100,100782,100,100508,100,100795,200,100471,100,100803,100,100446,100,100816,200,100419,100,100862,100,100407,100,100866,100,100387,100,100872,100,100365,100
2019-06-28 10:02:20.000000000,100720,319,100612,319,100764,519,100559,319,100765,100,100532,100,100782,100,100508,100,100795,200,100471,100,100803,100,100446,100,100816,200,100419,100,100862,100,100407,100,100866,100,100387,100,100872,100,100365,100
2019-06-28 10:02:25.410130636,100720,319,100612,319,100764,519,100559,319,100765,100,100532,100,100782,100,100508,100,100795,200,100471,100,100803,100,100446,100,100816,200,100419,100,100862,100,100407,100,100866,100,100387,100,100906,100,100365,100
2019-06-28 10:02:26.839381015,100720,319,100612,319,100764,519,100559,319,100765,100,100532,100,100782,100,100508,100,100795,200,100471,100,100798,100,100446,100,100803,100,100419,100,100816,200,100407,100,100862,100,100387,100,100866,100,100365,100
2019-06-28 10:02:30.000000000,100720,538,100612,538,100764,300,100559,100,100765,100,100532,100,100782,100,100508,100,100795,200,100471,100,100798,100,100446,100,100803,100,100419,100,100816,200,100407,100,100862,100,100387,100,100866,100,100365,100
2019-06-28 10:02:39.784523273,100720,538,100612,538,100764,300,100559,100,100765,100,100532,100,100782,100,100508,100,100795,200,100471,100,100798,100,100446,100,100803,100,100419,100,100816,200,100407,100,100862,100,100387,100,100866,100,100365,100
2019-06-28 10:02:40.000000000,100720,538,100612,538,100764,300,100559,100,100765,100,100532,100,100782,100,100508,100,100795,200,100471,100,100798,100,100446,100,100803,100,100419,100,100816,200,100407,100,100862,100,100387,100,100866,100,100365,100
2019-06-28 10:02:50.000000000,100720,249,100612,249,100764,445,100559,245,100765,245,100532,245,100782,100,100508,100,100795,200,100471,100,100798,100,100446,100,100803,100,100419,100,100816,200,100407,100,100862,100,100387,100,100866,100,100365,100
2019-06-28 10:03:00.000000000,100720,210,100612,210,100764,410,100559,210,100765,210,100532,210,100782,210,100508,210,100795,200,100471,100,100798,100,100446,100,100803,100,100419,100,100816,200,100407,100,100862,100,100387,100,100866,100,100365,100
2019-06-28 10:03:10.000000000,100720,319,100612,319,100764,519,100559,319,100765,100,100532,100,100782,100,100508,100,100795,200,100471,100,100798,100,100446,100,100803,100,100419,100,100816,200,100407,100,100862,100,100387,100,100866,100,100365,100
2019-06-28 10:03:20.000000000,100720,249,100612,249,100764,445,100559,245,100765,245,100532,245,100782,100,100508,100,100795,200,100471,100,100798,100,100446,100,100803,100,100419,100,100816,200,100407,100,100862,100,100387,100,100866,100,100365,100
2019-06-28 10:03:23.515649267,100720,149,100612,249,100764,445,100559,245,100765,245,100532,245,100782,100,100508,100,100795,200,100471,100,100798,100,100446,100,100803,100,100419,100,100816,200,100407,100,100862,100,100387,100,100866,100,100365,100
2019-06-28 10:03:27.255437831,100720,149,100612,249,100764,445,100559,245,100765,245,100532,145,100782,100,100508,100,100795,200,100471,100,100798,100,100446,100,100803,100,100419,100,100816,200,100407,100,100862,100,100387,100,100866,100,100365,100
2019-06-28 10:03:30.000000000,100764,519,100612,319,100765,319,100559,319,100782,100,100508,100,100795,200,100471,100,100798,100,100446,100,100803,100,100419,100,100816,200,100407,100,100862,100,100387,100,100866,100,100365,100,100881,100,100304,100
2019-06-28 10:03:40.000000000,100764,738,100612,538,100765,100,100559,100,100782,100,100508,100,100795,200,100471,100,100798,100,100446,100,100803,100,100419,100,100816,200,100407,100,100862,100,100387,100,100866,100,100365,100,100881,100,100304,100
2019-06-28 10:03:48.648438900,100764,738,100612,538,100765,100,100559,100,100782,100,100508,100,100795,200,100471,100,100798,100,100446,100,100803,100,100419,100,100816,100,100407,100,100862,100,100387,100,100866,100,100365,100,100881,100,100304,100
2019-06-28 10:03:50.000000000,100764,738,100612,538,100765,100,100559,100,100782,100,100508,100,100795,200,100471,100,100798,100,100446,100,100803,100,100419,100,100816,100,100407,100,100862,100,100387,100,100866,100,100365,100,100881,100,100304,100
2019-06-28 10:04:00.000000000,100764,738,100612,538,100765,100,100559,100,100782,100,100508,100,100795,200,100471,100,100798,100,100446,100,100803,100,100419,100,100816,100,100407,100,100862,100,100387,100,100866,100,100365,100,100881,100,100304,100
2019-06-28 10:04:10.000000000,100764,449,100612,249,100765,245,100559,245,100782,245,100508,245,100795,200,100471,100,100798,100,100446,100,100803,100,100419,100,100816,100,100407,100,100862,100,100387,100,100866,100,100365,100,100881,100,100304,100
2019-06-28 10:04:14.155927353,100764,449,100612,149,100765,245,100559,245,100782,245,100508,245,100795,200,100471,100,100798,100,100446,100,100803,100,100419,100,100816,100,100407,100,100862,100,100387,100,100866,100,100365,100,100881,100,100304,100
2019-06-28 10:04:20.000000000,100764,519,100559,319,100765,319,100508,319,100782,100,100471,100,100795,200,100446,100,100798,100,100419,100,100803,100,100407,100,100816,100,100387,100,100862,100,100365,100,100866,100,100304,100,100881,100,100156,100
2019-06-28 10:04:24.007605762,100764,519,100559,319,100765,319,100508,319,100795,200,100471,100,100798,100,100458,100,100803,100,100446,100,100816,100,100419,100,100862,100,100407,100,100866,100,100387,100,100881,100,100365,100,100929,100,100304,100
2019-06-28 10:04:30.000000000,100764,410,100559,210,100765,210,100508,210,100795,310,100471,210,100798,210,100458,210,100803,100,100446,100,100816,100,100419,100,100862,100,100407,100,100866,100,100387,100,100881,100,100365,100,100929,100,100304,100
2019-06-28 10:04:40.000000000,100764,738,100559,538,100765,100,100508,100,100795,200,100471,100,100798,100,100458,100,100803,100,100446,100,100816,100,100419,100,100862,100,100407,100,100866,100,100387,100,100881,100,100365,100,100929,100,100304,100
2019-06-28 10:04:42.823489521,100764,738,100559,538,100765,100,100508,100,100795,200,100471,100,100798,100,100458,100,100803,100,100446,100,100816,100,100419,100,100862,100,100407,100,100866,100,100387,100,100881,100,100365,100,100929,100,100304,100
2019-06-28 10:04:45.268560031,100764,738,100559,538,100765,100,100508,100,100795,200,100471,100,100798,100,100458,100,100803,100,100456,100,100816,100,100446,100,100862,100,100419,100,100866,100,100407,100,100881,100,100387,100,100929,100,100365,100
2019-06-28 10:04:50.000000000,100764,449,100559,249,100765,245,100508,245,100795,345,100471,245,100798,100,100458,100,100803,100,100456,100,100816,100,100446,100,100862,100,100419,100,100866,100,100407,100,100881,100,100387,100,100929,100,100365,100
2019-06-28 10:05:00.000000000,100764,410,100559,210,100765,210,100508,210,100795,310,100471,210,100798,210,100458,210,100803,100,100456,100,100816,100,100446,100,100862,100,100419,100,100866,100,100407,100,100881,100,100387,100,100929,100,100365,100
2019-06-28 10:05:08.841027223,100764,410,100601,100,100765,210,100559,210,100795,310,100508,210,100798,210,100471,210,100803,100,100458,210,100816,100,100456,100,100862,100,100446,100,100866,100,100419,100,100881,100,100407,100,100929,100,100387,100
2019-06-28 10:05:10.000000000,100764,410,100601,210,100765,210,100559,210,100795,310,100508,210,100798,210,100471,210,100803,100,100458,100,100816,100,100456,100,100862,100,100446,100,100866,100,100419,100,100881,100,100407,100,100929,100,100387,100
2019-06-28 10:05:20.000000000,100764,388,100601,188,100765,188,100559,188,100795,288,100508,188,100798,188,100471,188,100803,188,100458,188,100816,100,100456,100,100862,100,100446,100,100866,100,100419,100,100881,100,100407,100,100929,100,100387,100
2019-06-28 10:05:27.783327956,100764,388,100624,100,100765,188,100601,188,100795,288,100559,188,100798,188,100508,188,100803,188,100471,188,100816,100,100458,188,100862,100,100456,100,100866,100,100446,100,100881,100,100419,100,100929,100,100407,100
2019-06-28 10:05:30.000000000,100764,519,100624,319,100765,319,100601,319,100795,200,100559,100,100798,100,100508,100,100803,100,100471,100,100816,100,100458,100,100862,100,100456,100,100866,100,100446,100,100881,100,100419,100,100929,100,100407,100
2019-06-28 10:05:34.063259788,100764,519,100624,419,100765,319,100601,319,100795,200,100559,100,100798,100,100508,100,100803,100,100471,100,100816,100,100458,100,100862,100,100456,100,100866,100,100446,100,100881,100,100419,100,100929,100,100407,100
2019-06-28 10:05:40.000000000,100764,388,100624,288,100765,188,100601,188,100795,288,100559,188,100798,188,100508,188,100803,188,100471,188,100816,100,100458,100,100862,100,100456,100,100866,100,100446,100,100881,100,100419,100,100929,100,100407,100
2019-06-28 10:05:50.000000000,100764,519,100624,419,100765,319,100601,319,100795,200,100559,100,100798,100,100508,100,100803,100,100471,100,100816,100,100458,100,100862,100,100456,100,100866,100,100446,100,100881,100,100419,100,100929,100,100407,100
2019-06-28 10:05:50.897161211,100764,419,100624,419,100765,319,100601,319,100795,200,100559,100,100798,100,100508,100,100803,100,100471,100,100816,100,100458,100,100862,100,100456,100,100866,100,100446,100,100929,100,100419,100,100931,100,100407,100
2019-06-28 10:06:00.000000000,100764,288,100624,288,100765,188,100601,188,100795,288,100559,188,100798,188,100508,188,100803,188,100471,188,100816,100,100458,100,100862,100,100456,100,100866,100,100446,100,100929,100,100419,100,100931,100,100407,100
2019-06-28 10:06:10.000000000,100764,638,100624,638,100765,100,100601,100,100795,200,100559,100,100798,100,100508,100,100803,100,100471,100,100816,100,100458,100,100862,100,100456,100,100866,100,100446,100,100929,100,100419,100,100931,100,100407,100
2019-06-28 10:06:17.962702028,100764,538,100624,638,100765,100,100601,100,100795,100,100559,100,100798,100,100508,100,100803,100,100471,100,100816,100,100458,100,100862,100,100456,100,100866,100,100446,100,100929,100,100419,100,100931,100,100407,100
