,ask_price_1,ask_size_1,bid_price_1,bid_size_1,ask_price_2,ask_size_2,bid_price_2,bid_size_2,ask_price_3,ask_size_3,bid_price_3,bid_size_3,ask_price_4,ask_size_4,bid_price_4,bid_size_4,ask_price_5,ask_size_5,bid_price_5,bid_size_5,ask_price_6,ask_size_6,bid_price_6,bid_size_6,ask_price_7,ask_size_7,bid_price_7,bid_size_7,ask_price_8,ask_size_8,bid_price_8,bid_size_8,ask_price_9,ask_size_9,bid_price_9,bid_size_9,ask_price_10,ask_size_10,bid_price_10,bid_size_10
2019-06-28 09:30:00.000000000,,,99945,100,,,,,,,,,,,,,,,,,,,,,,,,,,,,,,,,,,,,
2019-06-28 09:30:00.000000002,,,99945,100,,,99819,100,,,,,,,,,,,,,,,,,,,,,,,,,,,,,,,,
2019-06-28 09:30:00.000000003,100044,100,99945,100,100156,100,99819,100,,,,,,,,,,,,,,,,,,,,,,,,,,,,,,,,
2019-06-28 09:30:00.000000004,100044,100,100025,100,100156,100,99945,100,,,99819,100,,,,,,,,,,,,,,,,,,,,,,,,,,,,
2019-06-28 09:30:00.000000005,100044,100,100025,100,100074,100,99945,100,100156,100,99819,100,,,,,,,,,,,,,,,,,,,,,,,,,,,,
2019-06-28 09:30:00.000000008,100044,100,99945,100,100062,100,99819,100,100074,100,,,100156,100,,,,,,,,,,,,,,,,,,,,,,,,,,
2019-06-28 09:30:00.000000010,99974,100,99945,100,100044,100,99819,100,100062,100,,,100074,100,,,100156,100,,,,,,,,,,,,,,,,,,,,,,
2019-06-28 09:30:00.000000013,99974,100,99819,100,100044,100,,,100062,100,,,100074,100,,,100156,100,,,,,,,,,,,,,,,,,,,,,,
2019-06-28 09:30:00.000000014,99892,100,99819,100,99974,100,,,100044,100,,,100062,100,,,100074,100,,,100156,100,,,,,,,,,,,,,,,,,,
2019-06-28 09:30:00.000000016,99892,100,99819,100,99974,100,,,100025,100,,,100044,100,,,100062,100,,,100074,100,,,100156,100,,,,,,,,,,,,,,
2019-06-28 09:30:00.000000017,99974,100,99819,100,100025,100,,,100044,100,,,100062,100,,,100074,100,,,100156,100,,,,,,,,,,,,,,,,,,
2019-06-28 09:30:00.000000018,99974,100,99972,100,100025,100,99819,100,100044,100,,,100062,100,,,100074,100,,,100156,100,,,,,,,,,,,,,,,,,,
2019-06-28 09:30:00.000000019,100025,100,99972,100,100044,100,99961,100,100062,100,99819,100,100074,100,,,100156,100,,,,,,,,,,,,,,,,,,,,,,
2019-06-28 09:30:00.000000022,100025,100,99972,100,100044,100,99961,100,100062,100,99819,100,100074,100,,,100156,100,,,100207,100,,,,,,,,,,,,,,,,,,
2019-06-28 09:30:00.000000023,99974,100,99972,100,100025,100,99961,100,100044,100,99819,100,100062,100,,,100074,100,,,100156,100,,,100207,100,,,,,,,,,,,,,,
2019-06-28 09:30:00.000000026,99974,100,99972,100,100025,100,99961,100,100044,100,99819,100,100062,100,,,100074,100,,,100111,100,,,100156,100,,,100207,100,,,,,,,,,,
2019-06-28 09:30:00.000000028,99974,100,99972,100,100025,100,99961,100,100044,100,99925,100,100062,100,99819,100,100074,100,,,100111,100,,,100156,100,,,100207,100,,,,,,,,,,
2019-06-28 09:30:00.000000030,99974,100,99972,100,100025,100,99961,100,100044,100,99925,100,100062,100,99819,100,100074,100,,,100111,100,,,100146,100,,,100156,100,,,100207,100,,,,,,
2019-06-28 09:30:00.000000031,99974,100,99972,100,100025,100,99961,100,100044,100,99959,100,100062,100,99925,100,100074,100,99904,100,100111,100,99819,100,100146,100,,,100156,100,,,100207,100,,,,,,
2019-06-28 09:30:00.000000033,99974,200,99972,100,100025,100,99961,100,100044,100,99959,100,100062,100,99925,100,100074,100,99904,100,100111,100,99819,100,100146,100,,,100156,100,,,100207,100,,,,,,
2019-06-28 09:30:00.000000034,99974,200,99972,100,100025,100,99961,100,100038,100,99959,100,100044,100,99925,100,100062,100,99904,100,100074,100,99819,100,100111,100,,,100146,100,,,100156,100,,,100207,100,,
2019-06-28 09:30:00.000000037,99974,300,99972,100,100025,100,99961,100,100038,100,99959,100,100044,100,99925,100,100062,100,99904,200,100074,100,99819,100,100088,100,,,100111,100,,,100146,100,,,100156,100,,
2019-06-28 09:30:00.000000041,99974,300,99972,100,100025,100,99961,100,100038,100,99959,100,100044,100,99925,100,100062,100,99904,200,100074,100,99819,100,100088,100,,,100098,100,,,100111,100,,,100146,100,,
2019-06-28 09:30:00.000000042,99974,300,99972,100,100025,100,99961,100,100038,100,99959,100,100044,100,99925,100,100062,100,99904,200,100074,100,99825,100,100088,100,99819,100,100098,100,,,100111,100,,,100146,100,,
2019-06-28 09:30:00.000000043,99974,300,99972,100,100025,100,99961,100,100038,100,99959,100,100044,100,99925,100,100062,100,99904,200,100074,100,99825,100,100088,100,99819,100,100098,100,,,100111,100,,,100146,100,,
2019-06-28 09:30:00.000000044,99974,300,99972,100,100021,100,99961,100,100025,100,99959,100,100038,100,99925,100,100044,100,99904,200,100062,100,99892,100,100074,100,99825,100,100088,100,99819,100,100098,100,,,100111,100,,
2019-06-28 09:30:00.000000047,99974,300,99972,100,100007,100,99961,100,100021,100,99959,100,100025,100,99925,100,100038,100,99904,200,100044,100,99892,100,100062,100,99825,100,100074,100,99819,100,100088,100,,,100098,100,,
2019-06-28 09:30:00.000000050,99974,300,99972,100,100007,100,99961,100,100021,100,99959,100,100025,100,99925,100,100038,100,99904,200,100044,100,99892,200,100062,100,99825,100,100074,100,99819,100,100088,100,,,100098,100,,
2019-06-28 09:30:00.000000051,99974,300,99972,100,100007,100,99961,100,100021,100,99959,100,100025,100,99925,100,100038,100,99904,200,100044,100,99892,300,100062,100,99825,100,100074,100,99819,100,100088,100,,,100098,100,,
2019-06-28 09:30:00.000000053,99974,300,99972,100,100007,100,99961,100,100021,100,99959,100,100025,100,99925,100,100038,100,99904,200,100044,100,99892,300,100062,100,99825,100,100074,100,99819,100,100088,100,,,100098,100,,
2019-06-28 09:30:00.000000055,99974,300,99972,100,100007,100,99961,100,100021,100,99959,100,100025,100,99925,100,100038,100,99904,200,100044,100,99892,400,100062,100,99825,100,100074,100,99819,100,100088,100,,,100098,100,,
2019-06-28 09:30:00.000000056,99974,200,99972,100,100007,100,99961,100,100021,100,99959,100,100025,100,99925,100,100038,100,99904,200,100044,100,99892,400,100062,100,99825,100,100074,100,99819,100,100088,100,,,100098,100,,
2019-06-28 09:30:00.000000058,99974,200,99972,100,100007,100,99961,100,100021,100,99959,100,100025,100,99925,100,100038,100,99904,200,100044,100,99892,400,100062,100,99825,100,100074,100,99819,100,100088,100,,,100098,100,,
2019-06-28 09:30:00.000000059,99974,200,99973,100,100007,100,99972,100,100021,100,99961,100,100025,100,99959,100,100038,100,99925,100,100044,100,99904,200,100062,100,99892,400,100074,100,99825,100,100088,100,99819,100,100098,100,99779,100
2019-06-28 09:30:00.000000061,99974,200,99973,100,100007,100,99972,100,100021,100,99961,100,100025,100,99959,100,100038,100,99925,100,100044,100,99904,200,100062,100,99892,400,100074,100,99825,100,100088,100,99819,100,100098,100,99806,100
2019-06-28 09:30:00.000000064,99974,100,99973,100,100007,100,99972,100,100021,100,99961,100,100025,100,99959,100,100038,100,99942,100,100044,100,99925,100,100062,100,99904,200,100074,100,99892,400,100088,100,99860,100,100098,100,99825,100
2019-06-28 09:30:00.000000065,99974,100,99973,100,100007,100,99972,100,100021,100,99961,100,100025,100,99959,100,100030,100,99942,100,100038,100,99925,100,100044,100,99904,200,100062,100,99892,400,100074,100,99860,100,100088,100,99825,100
2019-06-28 09:30:00.000000075,99974,100,99973,100,100007,100,99972,100,100021,100,99961,100,100025,100,99959,100,100030,100,99942,100,100038,100,99925,100,100044,100,99904,200,100062,100,99892,400,100074,100,99860,100,100081,100,99825,100
2019-06-28 09:30:00.000000076,100007,100,99973,100,100021,100,99972,100,100025,100,99961,100,100030,100,99959,100,100038,100,99942,100,100044,100,99925,100,100062,100,99904,200,100074,100,99892,400,100081,100,99860,100,100088,100,99825,100
2019-06-28 09:30:00.000000078,100007,100,99972,100,100021,100,99961,100,100025,100,99959,100,100030,100,99942,100,100038,100,99925,100,100044,100,99904,200,100062,100,99892,400,100074,100,99860,100,100081,100,99825,100,100088,100,99819,100
2019-06-28 09:30:00.000000079,100007,100,99972,100,100021,100,99961,100,100025,100,99959,100,100030,100,99942,100,100038,100,99925,100,100044,100,99904,200,100062,100,99892,400,100074,100,99860,100,100081,100,99825,100,100088,100,99824,100
2019-06-28 09:30:00.000000081,100007,100,99961,100,100021,100,99959,100,100025,100,99942,100,100030,100,99925,100,100038,100,99904,200,100044,100,99892,400,100062,100,99860,100,100074,100,99825,100,100081,100,99824,100,100088,100,99819,100
2019-06-28 09:30:00.000000084,100007,100,99963,100,100021,100,99961,100,100025,100,99959,100,100030,100,99942,100,100038,100,99925,100,100044,100,99904,200,100062,100,99892,400,100074,100,99860,100,100081,100,99825,100,100088,100,99824,100
2019-06-28 09:30:00.000000085,100007,100,99972,100,100021,100,99963,100,100025,100,99961,100,100030,100,99959,100,100038,100,99942,100,100044,100,99925,100,100062,100,99904,200,100074,100,99892,400,100081,100,99860,100,100088,100,99825,100
2019-06-28 09:30:00.000000090,100007,100,99972,200,100021,100,99963,100,100025,100,99961,100,100030,100,99959,100,100038,100,99942,100,100044,100,99925,100,100062,100,99904,200,100074,100,99892,400,100081,100,99860,100,100088,100,99825,100
2019-06-28 09:30:00.000000093,100021,100,99972,200,100025,100,99963,100,100030,100,99961,100,100038,100,99959,100,100044,100,99942,100,100062,100,99925,100,100074,100,99904,200,100081,100,99892,400,100088,100,99860,100,100091,100,99825,100
2019-06-28 09:30:00.000000094,100021,100,99972,200,100025,100,99963,100,100030,100,99961,100,100038,100,99959,100,100044,100,99942,100,100062,100,99925,100,100074,100,99904,200,100081,100,99892,400,100088,100,99860,100,100091,100,99825,100
2019-06-28 09:30:00.000000097,100021,100,99972,200,100025,100,99963,100,100030,100,99961,100,100038,100,99959,100,100044,100,99942,100,100062,100,99925,100,100074,100,99904,200,100081,100,99892,400,100088,100,99861,100,100091,100,99860,100
2019-06-28 09:30:10.000000000,100021,262,99972,362,100025,257,99963,257,100030,257,99961,257,100038,100,99959,100,100044,100,99942,100,100062,100,99925,100,100074,100,99904,200,100081,100,99892,400,100088,100,99861,100,100091,100,99860,100
2019-06-28 09:30:20.000000000,100021,195,99972,295,100025,195,99963,195,100030,195,99961,195,100038,195,99959,195,100044,195,99942,195,100062,100,99925,100,100074,100,99904,200,100081,100,99892,400,100088,100,99861,100,100091,100,99860,100
2019-06-28 09:30:24.331666679,100021,195,99972,295,100025,195,99963,195,100030,195,99961,195,100038,195,99959,195,100044,195,99942,195,100062,100,99925,100,100074,100,99904,200,100081,100,99892,400,100091,100,99861,100,100093,100,99860,100
2019-06-28 09:30:30.000000000,100021,577,99972,677,100025,100,99963,100,100030,100,99961,100,100038,100,99959,100,100044,100,99942,100,100062,100,99925,100,100074,100,99904,200,100081,100,99892,400,100091,100,99861,100,100093,100,99860,100
2019-06-28 09:30:36.561040202,100021,477,99972,677,100025,100,99963,100,100030,100,99961,100,100038,100,99959,100,100044,100,99942,100,100062,100,99925,100,100074,100,99904,200,100081,100,99892,400,100091,100,99861,100,100093,100,99860,100
2019-06-28 09:30:40.000000000,100025,195,99972,295,100030,195,99963,195,100038,195,99961,195,100044,195,99959,195,100062,195,99942,195,100074,100,99925,100,100081,100,99904,200,100091,100,99892,400,100093,100,99861,100,100097,100,99860,100
2019-06-28 09:30:50.000000000,100025,262,99972,362,100030,257,99963,257,100038,257,99961,257,100044,100,99959,100,100062,100,99942,100,100074,100,99925,100,100081,100,99904,200,100091,100,99892,400,100093,100,99861,100,100097,100,99860,100
2019-06-28 09:31:00.000000000,100025,338,99972,438,100030,338,99963,338,100038,100,99961,100,100044,100,99959,100,100062,100,99942,100,100074,100,99925,100,100081,100,99904,200,100091,100,99892,400,100093,100,99861,100,100097,100,99860,100
2019-06-28 09:31:10.000000000,100025,195,99972,295,100030,195,99963,195,100038,195,99961,195,100044,195,99959,195,100062,195,99942,195,100074,100,99925,100,100081,100,99904,200,100091,100,99892,400,100093,100,99861,100,100097,100,99860,100
2019-06-28 09:31:13.908758463,100025,195,99972,195,100030,195,99963,195,100038,195,99961,195,100044,195,99959,195,100062,195,99942,195,100074,100,99925,100,100081,100,99904,200,100091,100,99892,400,100093,100,99861,100,100097,100,99860,100
2019-06-28 09:31:20.000000000,100025,219,99972,219,100030,219,99963,219,100038,219,99961,219,100044,219,99959,219,100062,100,99942,100,100074,100,99925,100,100081,100,99904,200,100091,100,99892,400,100093,100,99861,100,100097,100,99860,100
2019-06-28 09:31:30.000000000,100025,219,99972,219,100030,219,99963,219,100038,219,99961,219,100044,219,99959,219,100062,100,99942,100,100074,100,99925,100,100081,100,99904,200,100091,100,99892,400,100093,100,99861,100,100097,100,99860,100
2019-06-28 09:31:36.730383256,100025,219,99972,119,100030,219,99963,219,100038,219,99961,219,100044,219,99959,219,100062,100,99942,100,100074,100,99925,100,100081,100,99904,200,100091,100,99892,400,100093,100,99861,100,100097,100,99860,100
2019-06-28 09:31:40.000000000,100025,219,99963,219,100030,219,99961,219,100038,219,99959,219,100044,219,99942,219,100062,100,99925,100,100074,100,99904,200,100081,100,99892,400,100091,100,99861,100,100093,100,99860,100,100097,100,99825,100
2019-06-28 09:31:46.919001031,99972,100,99963,219,100025,219,99961,219,100030,219,99959,219,100038,219,99942,219,100044,219,99925,100,100062,100,99904,200,100074,100,99892,300,100081,100,99861,100,100091,100,99860,100,100093,100,99825,100
2019-06-28 09:31:50.000000000,99972,195,99963,195,100025,195,99961,195,100030,195,99959,195,100038,195,99942,195,100044,195,99925,195,100062,100,99904,200,100074,100,99892,300,100081,100,99861,100,100091,100,99860,100,100093,100,99825,100
2019-06-28 09:32:00.000000000,99972,219,99963,219,100025,219,99961,219,100030,219,99959,219,100038,219,99942,219,100044,100,99925,100,100062,100,99904,200,100074,100,99892,300,100081,100,99861,100,100091,100,99860,100,100093,100,99825,100
2019-06-28 09:32:10.000000000,99972,577,99963,577,100025,100,99961,100,100030,100,99959,100,100038,100,99942,100,100044,100,99925,100,100062,100,99904,200,100074,100,99892,300,100081,100,99861,100,100091,100,99860,100,100093,100,99825,100
2019-06-28 09:32:19.521811995,99972,477,99963,577,100025,100,99961,100,100030,100,99959,100,100038,100,99942,100,100044,100,99925,100,100062,100,99904,200,100074,100,99892,300,100081,100,99861,100,100091,100,99860,100,100093,100,99825,100
2019-06-28 09:32:20.000000000,100025,262,99963,262,100030,257,99961,257,100038,257,99959,257,100044,100,99942,100,100062,100,99925,100,100074,100,99904,200,100081,100,99892,300,100091,100,99861,100,100093,100,99860,100,100098,100,99825,100
2019-06-28 09:32:29.443654590,100025,162,99963,262,100030,257,99961,257,100038,257,99959,257,100044,100,99942,100,100062,100,99925,100,100074,100,99904,200,100081,100,99892,300,100091,100,99861,100,100093,100,99860,100,100098,100,99825,100
2019-06-28 09:32:30.000000000,100030,577,99963,577,100038,100,99961,100,100044,100,99959,100,100062,100,99942,100,100074,100,99925,100,100081,100,99904,200,100091,100,99892,300,100093,100,99861,100,100098,100,99860,100,100111,100,99825,100
2019-06-28 09:32:30.450638041,100030,477,99963,577,100038,100,99961,100,100044,100,99959,100,100062,100,99942,100,100074,100,99925,100,100081,100,99904,200,100091,100,99892,300,100093,100,99861,100,100098,100,99860,100,100111,100,99825,100
2019-06-28 09:32:40.000000000,100038,338,99963,338,100044,338,99961,338,100062,100,99959,100,100074,100,99942,100,100081,100,99925,100,100091,100,99904,200,100093,100,99892,300,100098,100,99861,100,100111,100,99860,100,100119,100,99825,100
2019-06-28 09:32:49.347861083,100029,100,99963,338,100038,338,99961,338,100044,338,99959,100,100062,100,99942,100,100074,100,99925,100,100081,100,99904,200,100091,100,99892,300,100093,100,99861,100,100098,100,99860,100,100111,100,99825,100
2019-06-28 09:32:50.000000000,100029,338,99963,338,100038,338,99961,338,100044,100,99959,100,100062,100,99942,100,100074,100,99925,100,100081,100,99904,200,100091,100,99892,300,100093,100,99861,100,100098,100,99860,100,100111,100,99825,100
2019-06-28 09:33:00.000000000,100029,338,99963,338,100038,338,99961,338,100044,100,99959,100,100062,100,99942,100,100074,100,99925,100,100081,100,99904,200,100091,100,99892,300,100093,100,99861,100,100098,100,99860,100,100111,100,99825,100
2019-06-28 09:33:10.000000000,100029,338,99963,338,100038,338,99961,338,100044,100,99959,100,100062,100,99942,100,100074,100,99925,100,100081,100,99904,200,100091,100,99892,300,100093,100,99861,100,100098,100,99860,100,100111,100,99825,100
2019-06-28 09:33:14.259593322,100029,338,100025,100,100038,338,99963,338,100044,100,99961,338,100062,100,99959,100,100074,100,99942,100,100081,100,99925,100,100091,100,99904,200,100093,100,99892,300,100098,100,99861,100,100111,100,99860,100
2019-06-28 09:33:20.000000000,100029,195,100025,195,100038,195,99963,195,100044,195,99961,195,100062,195,99959,195,100074,195,99942,195,100081,100,99925,100,100091,100,99904,200,100093,100,99892,300,100098,100,99861,100,100111,100,99860,100
2019-06-28 09:33:26.358108415,100029,195,100025,195,100038,195,99963,195,100044,195,99961,195,100062,195,99959,195,100074,195,99942,195,100081,100,99925,100,100091,100,99904,200,100093,100,99892,300,100098,100,99861,100,100111,100,99860,100
2019-06-28 09:33:30.000000000,100029,338,100025,338,100038,338,99963,338,100044,100,99961,100,100062,100,99959,100,100074,100,99942,100,100081,100,99925,100,100091,100,99904,200,100093,100,99892,300,100098,100,99861,100,100111,100,99860,100
2019-06-28 09:33:40.000000000,100029,219,100025,219,100038,219,99963,219,100044,219,99961,219,100062,219,99959,219,100074,100,99942,100,100081,100,99925,100,100091,100,99904,200,100093,100,99892,300,100098,100,99861,100,100111,100,99860,100
2019-06-28 09:33:42.965557710,100029,219,100025,219,100038,219,99963,219,100044,219,99961,219,100062,219,99959,219,100074,100,99942,100,100081,100,99925,100,100091,100,99904,200,100093,100,99892,300,100098,100,99861,100,100111,100,99860,100
2019-06-28 09:33:50.000000000,100029,262,100025,262,100038,257,99963,257,100044,257,99961,257,100062,100,99959,100,100074,100,99942,100,100081,100,99925,100,100091,100,99904,200,100093,100,99892,300,100098,100,99861,100,100111,100,99860,100
2019-06-28 09:33:55.228481276,100029,262,100025,262,100038,257,99963,257,100044,257,99961,257,100062,100,99959,100,100074,100,99942,100,100081,100,99925,100,100091,100,99904,200,100093,100,99892,300,100098,100,99861,100,100111,100,99860,100
2019-06-28 09:34:00.000000000,100029,195,100025,195,100038,195,99963,195,100044,195,99961,195,100062,195,99959,195,100074,195,99942,195,100081,100,99925,100,100091,100,99904,200,100093,100,99892,300,100098,100,99861,100,100111,100,99860,100
2019-06-28 09:34:10.000000000,100029,262,100025,262,100038,257,99963,257,100044,257,99961,257,100062,100,99959,100,100074,100,99942,100,100081,100,99925,100,100091,100,99904,200,100093,100,99892,300,100098,100,99861,100,100111,100,99860,100
2019-06-28 09:34:20.000000000,100029,195,100025,195,100038,195,99963,195,100044,195,99961,195,100062,195,99959,195,100074,195,99942,195,100081,100,99925,100,100091,100,99904,200,100093,100,99892,300,100098,100,99861,100,100111,100,99860,100
2019-06-28 09:34:21.497586300,100029,195,100025,195,100038,195,99981,100,100044,195,99963,195,100062,195,99961,195,100074,195,99959,195,100081,100,99942,195,100091,100,99925,100,100093,100,99904,200,100098,100,99892,300,100111,100,99861,100
2019-06-28 09:34:26.912226651,100029,95,100025,195,100038,195,99981,100,100044,195,99963,195,100062,195,99961,195,100074,195,99959,195,100081,100,99942,195,100091,100,99925,100,100093,100,99904,200,100098,100,99892,300,100111,100,99861,100
2019-06-28 09:34:30.000000000,100038,338,100025,338,100044,338,99981,338,100062,100,99963,100,100074,100,99961,100,100081,100,99959,100,100091,100,99942,100,100093,100,99925,100,100098,100,99904,200,100111,100,99892,300,100119,100,99861,100
2019-06-28 09:34:40.000000000,100038,219,100025,219,100044,219,99981,219,100062,219,99963,219,100074,219,99961,219,100081,100,99959,100,100091,100,99942,100,100093,100,99925,100,100098,100,99904,200,100111,100,99892,300,100119,100,99861,100
2019-06-28 09:34:41.558542825,100038,219,100025,219,100044,219,99981,219,100062,219,99963,219,100074,219,99961,219,100081,100,99959,100,100091,100,99942,100,100093,100,99925,100,100098,100,99904,200,100111,100,99892,300,100119,100,99861,100
2019-06-28 09:34:41.955435085,100038,219,100025,119,100044,219,99981,219,100062,219,99963,219,100074,219,99961,219,100081,100,99942,100,100091,100,99925,100,100093,100,99904,200,100098,100,99892,300,100111,100,99861,100,100119,100,99860,100
2019-06-28 09:34:45.202921971,100028,100,100025,119,100038,219,99981,219,100044,219,99963,219,100062,219,99961,219,100074,219,99942,100,100081,100,99925,100,100091,100,99904,200,100093,100,99892,200,100098,100,99861,100,100111,100,99860,100
2019-06-28 09:34:50.000000000,100028,338,99981,338,100038,338,99963,338,100044,100,99961,100,100062,100,99942,100,100074,100,99925,100,100081,100,99904,200,100091,100,99892,200,100093,100,99861,100,100098,100,99860,100,100111,100,99825,100
2019-06-28 09:34:50.870762067,100028,338,99981,238,100038,338,99963,338,100044,100,99961,100,100062,100,99942,100,100074,100,99925,100,100081,100,99904,200,100091,100,99892,200,100093,100,99861,100,100098,100,99860,100,100111,100,99825,100
2019-06-28 09:35:00.000000000,100028,195,99963,195,100038,195,99961,195,100044,195,99942,195,100062,195,99925,195,100074,195,99904,295,100081,100,99892,200,100091,100,99861,100,100093,100,99860,100,100098,100,99825,100,100111,100,99824,100
2019-06-28 09:35:04.242452334,100028,195,99963,195,100038,195,99961,195,100044,195,99942,195,100062,195,99925,195,100074,195,99904,295,100081,100,99892,200,100091,100,99860,100,100093,100,99849,100,100098,100,99825,100,100111,100,99824,100
2019-06-28 09:35:06.101304439,100028,195,99963,195,100038,195,99961,195,100044,195,99942,195,100062,195,99925,195,100074,195,99904,295,100081,100,99892,200,100091,100,99860,100,100093,100,99849,100,100098,100,99825,100,100111,100,99824,100
2019-06-28 09:35:06.482607599,99991,100,99963,195,100028,195,99961,195,100038,195,99942,195,100044,195,99925,195,100062,195,99904,295,100074,195,99892,200,100081,100,99860,100,100091,100,99849,100,100093,100,99825,100,100098,100,99824,100
2019-06-28 09:35:10.000000000,99991,195,99963,195,100028,195,99961,195,100038,195,99942,195,100044,195,99925,195,100062,195,99904,295,100074,100,99892,200,100081,100,99860,100,100091,100,99849,100,100093,100,99825,100,100098,100,99824,100
2019-06-28 09:35:11.771146997,99991,195,99963,195,100028,195,99961,195,100038,195,99942,195,100044,195,99925,195,100062,195,99904,295,100074,100,99892,200,100081,100,99860,100,100091,100,99849,100,100093,100,99825,100,100098,100,99824,100
2019-06-28 09:35:20.000000000,99991,577,99963,577,100028,100,99961,100,100038,100,99942,100,100044,100,99925,100,100062,100,99904,200,100074,100,99892,200,100081,100,99860,100,100091,100,99849,100,100093,100,99825,100,100098,100,99824,100
2019-06-28 09:35:30.000000000,99991,577,99963,577,100028,100,99961,100,100038,100,99942,100,100044,100,99925,100,100062,100,99904,200,100074,100,99892,200,100081,100,99860,100,100091,100,99849,100,100093,100,99825,100,100098,100,99824,100
2019-06-28 09:35:40.000000000,99991,219,99963,219,100028,219,99961,219,100038,219,99942,219,100044,219,99925,219,100062,100,99904,200,100074,100,99892,200,100081,100,99860,100,100091,100,99849,100,100093,100,99825,100,100098,100,99824,100
2019-06-28 09:35:46.971210086,99991,119,99963,219,100028,219,99961,219,100038,219,99942,219,100044,219,99925,219,100062,100,99904,200,100081,100,99892,200,100091,100,99860,100,100093,100,99849,100,100098,100,99825,100,100111,100,99824,100
2019-06-28 09:35:48.925688880,99991,119,99963,219,100028,219,99961,219,100038,219,99942,219,100044,219,99925,219,100062,100,99904,200,100081,100,99892,200,100091,100,99879,100,100093,100,99860,100,100098,100,99849,100,100111,100,99825,100
2019-06-28 09:35:50.000000000,100028,577,99963,577,100038,100,99961,100,100044,100,99942,100,100062,100,99925,100,100081,100,99904,200,100091,100,99892,200,100093,100,99879,100,100098,100,99860,100,100111,100,99849,100,100119,100,99825,100
2019-06-28 09:35:58.935961974,100028,477,99963,577,100038,100,99961,100,100044,100,99942,100,100062,100,99925,100,100081,100,99904,200,100091,100,99892,200,100093,100,99879,100,100098,100,99860,100,100111,100,99849,100,100119,100,99825,100
2019-06-28 09:36:00.000000000,100038,577,99963,577,100044,100,99961,100,100062,100,99942,100,100081,100,99925,100,100091,100,99904,200,100093,100,99892,200,100098,100,99879,100,100111,100,99860,100,100119,100,99849,100,100128,200,99825,100
2019-06-28 09:36:07.610901705,100038,477,99963,577,100044,100,99961,100,100062,100,99942,100,100081,100,99925,100,100091,100,99904,200,100093,100,99892,200,100098,100,99879,100,100111,100,99860,100,100119,100,99849,100,100128,200,99825,100
2019-06-28 09:36:10.000000000,100044,195,99963,195,100062,195,99961,195,100081,195,99942,195,100091,195,99925,195,100093,195,99904,295,100098,100,99892,200,100111,100,99879,100,100119,100,99860,100,100128,200,99849,100,100146,100,99825,100
2019-06-28 09:36:20.000000000,100044,219,99963,219,100062,219,99961,219,100081,219,99942,219,100091,219,99925,219,100093,100,99904,200,100098,100,99892,200,100111,100,99879,100,100119,100,99860,100,100128,200,99849,100,100146,100,99825,100
2019-06-28 09:36:30.000000000,100044,338,99963,338,100062,338,99961,338,100081,100,99942,100,100091,100,99925,100,100093,100,99904,200,100098,100,99892,200,100111,100,99879,100,100119,100,99860,100,100128,200,99849,100,100146,100,99825,100
2019-06-28 09:36:40.000000000,100044,262,99963,262,100062,257,99961,257,100081,257,99942,257,100091,100,99925,100,100093,100,99904,200,100098,100,99892,200,100111,100,99879,100,100119,100,99860,100,100128,200,99849,100,100146,100,99825,100
2019-06-28 09:36:46.938250509,100027,100,99963,262,100044,262,99961,257,100062,257,99942,257,100081,257,99925,100,100091,100,99904,200,100093,100,99892,200,100098,100,99879,100,100111,100,99860,100,100119,100,99849,100,100128,200,99825,100
2019-06-28 09:36:50.000000000,100027,338,99963,338,100044,338,99961,338,100062,100,99942,100,100081,100,99925,100,100091,100,99904,200,100093,100,99892,200,100098,100,99879,100,100111,100,99860,100,100119,100,99849,100,100128,200,99825,100
2019-06-28 09:36:54.435523587,100027,338,99963,338,100044,338,99961,338,100062,100,99942,100,100081,100,99925,100,100091,100,99904,200,100093,100,99892,200,100098,100,99879,100,100111,100,99860,100,100119,100,99849,100,100128,200,99825,100
2019-06-28 09:37:00.000000000,100027,338,99963,338,100044,338,99961,338,100062,100,99942,100,100081,100,99925,100,100091,100,99904,200,100093,100,99892,200,100098,100,99879,100,100111,100,99860,100,100119,100,99849,100,100128,200,99825,100
2019-06-28 09:37:00.324876895,100027,338,99963,338,100044,338,99961,338,100062,100,99942,100,100081,100,99925,100,100091,100,99904,200,100093,100,99892,200,100098,100,99879,100,100111,100,99860,100,100119,100,99849,100,100128,200,99825,100
2019-06-28 09:37:10.000000000,100027,219,99963,219,100044,219,99961,219,100062,219,99942,219,100081,219,99925,219,100091,100,99904,200,100093,100,99892,200,100098,100,99879,100,100111,100,99860,100,100119,100,99849,100,100128,200,99825,100
2019-06-28 09:37:20.000000000,100027,262,99963,262,100044,257,99961,257,100062,257,99942,257,100081,100,99925,100,100091,100,99904,200,100093,100,99892,200,100098,100,99879,100,100111,100,99860,100,100119,100,99849,100,100128,200,99825,100
2019-06-28 09:37:30.000000000,100027,577,99963,577,100044,100,99961,100,100062,100,99942,100,100081,100,99925,100,100091,100,99904,200,100093,100,99892,200,100098,100,99879,100,100111,100,99860,100,100119,100,99849,100,100128,200,99825,100
2019-06-28 09:37:34.003795248,100027,577,99963,577,100044,100,99961,100,100062,100,99942,100,100081,100,99925,100,100091,100,99904,200,100093,100,99892,200,100098,100,99879,100,100111,100,99860,100,100119,100,99849,100,100128,200,99825,100
2019-06-28 09:37:40.000000000,100027,262,99963,262,100044,257,99961,257,100062,257,99942,257,100081,100,99925,100,100091,100,99904,200,100093,100,99892,200,100098,100,99879,100,100111,100,99860,100,100119,100,99849,100,100128,200,99825,100
2019-06-28 09:37:47.623758003,99970,100,99963,162,100027,262,99961,257,100044,257,99942,257,100062,257,99925,100,100081,100,99904,200,100091,100,99892,200,100093,100,99879,100,100098,100,99860,100,100111,100,99849,100,100119,100,99825,100
2019-06-28 09:37:50.000000000,99970,262,99961,262,100027,257,99942,257,100044,257,99925,257,100062,100,99904,200,100081,100,99892,200,100091,100,99879,100,100093,100,99860,100,100098,100,99849,100,100111,100,99825,100,100119,100,99824,100
2019-06-28 09:37:57.067279262,99970,162,99961,262,100027,257,99942,257,100044,257,99925,257,100062,100,99904,200,100081,100,99892,200,100091,100,99879,100,100093,100,99860,100,100098,100,99849,100,100111,100,99825,100,100119,100,99824,100
2019-06-28 09:38:00.000000000,100027,219,99961,219,100044,219,99942,219,100062,219,99925,219,100081,219,99904,319,100091,100,99892,200,100093,100,99879,100,100098,100,99860,100,100111,100,99849,100,100119,100,99825,100,100128,200,99824,100
2019-06-28 09:38:01.191321105,100027,219,99970,100,100044,219,99961,219,100062,219,99942,219,100081,219,99925,219,100091,100,99904,319,100093,100,99892,200,100098,100,99879,100,100111,100,99860,100,100119,100,99849,100,100128,200,99825,100
2019-06-28 09:38:02.436892722,100027,219,99961,219,100044,219,99942,219,100062,219,99925,219,100081,219,99904,319,100091,100,99892,200,100093,100,99879,100,100098,100,99860,100,100111,100,99849,100,100119,100,99825,100,100128,200,99824,100
2019-06-28 09:38:10.000000000,100027,219,99961,219,100044,219,99942,219,100062,219,99925,219,100081,219,99904,319,100091,100,99892,200,100093,100,99879,100,100098,100,99860,100,100111,100,99849,100,100119,100,99825,100,100128,200,99824,100
2019-06-28 09:38:20.000000000,100027,195,99961,195,100044,195,99942,195,100062,195,99925,195,100081,195,99904,295,100091,195,99892,295,100093,100,99879,100,100098,100,99860,100,100111,100,99849,100,100119,100,99825,100,100128,200,99824,100
2019-06-28 09:38:30.000000000,100027,577,99961,577,100044,100,99942,100,100062,100,99925,100,100081,100,99904,200,100091,100,99892,200,100093,100,99879,100,100098,100,99860,100,100111,100,99849,100,100119,100,99825,100,100128,200,99824,100
2019-06-28 09:38:36.038730750,100027,577,99961,477,100044,100,99942,100,100062,100,99925,100,100081,100,99904,200,100091,100,99892,200,100093,100,99879,100,100098,100,99860,100,100111,100,99849,100,100119,100,99825,100,100128,200,99824,100
2019-06-28 09:38:40.000000000,100027,338,99942,338,100044,338,99925,338,100062,100,99904,200,100081,100,99892,200,100091,100,99879,100,100093,100,99860,100,100098,100,99849,100,100111,100,99825,100,100119,100,99824,100,100128,200,99779,100
2019-06-28 09:38:41.062634500,100027,338,99942,238,100044,338,99925,338,100062,100,99904,200,100081,100,99892,200,100091,100,99879,100,100093,100,99860,100,100098,100,99849,100,100111,100,99825,100,100119,100,99824,100,100128,200,99779,100
2019-06-28 09:38:50.000000000,100027,195,99925,195,100044,195,99904,295,100062,195,99892,295,100081,195,99879,195,100091,195,99860,195,100093,100,99849,100,100098,100,99825,100,100111,100,99824,100,100119,100,99779,100,100128,200,99758,100
2019-06-28 09:39:00.000000000,100027,577,99925,577,100044,100,99904,200,100062,100,99892,200,100081,100,99879,100,100091,100,99860,100,100093,100,99849,100,100098,100,99825,100,100111,100,99824,100,100119,100,99779,100,100128,200,99758,100
2019-06-28 09:39:01.435480732,100027,577,99925,577,100044,100,99904,200,100062,100,99892,200,100081,100,99879,100,100091,100,99860,100,100093,100,99849,100,100098,100,99825,100,100111,100,99824,100,100119,100,99779,100,100128,100,99758,100
2019-06-28 09:39:07.394714248,100027,577,99925,577,100044,100,99904,100,100062,100,99892,200,100081,100,99879,100,100091,100,99860,100,100093,100,99849,100,100098,100,99825,100,100111,100,99824,100,100119,100,99779,100,100128,100,99758,100
2019-06-28 09:39:10.000000000,100027,577,99925,577,100044,100,99904,100,100062,100,99892,200,100081,100,99879,100,100091,100,99860,100,100093,100,99849,100,100098,100,99825,100,100111,100,99824,100,100119,100,99779,100,100128,100,99758,100
2019-06-28 09:39:20.000000000,100027,219,99925,219,100044,219,99904,219,100062,219,99892,319,100081,219,99879,219,100091,100,99860,100,100093,100,99849,100,100098,100,99825,100,100111,100,99824,100,100119,100,99779,100,100128,100,99758,100
2019-06-28 09:39:21.437772057,100027,219,99925,119,100044,219,99904,219,100062,219,99892,319,100081,219,99879,219,100091,100,99860,100,100093,100,99849,100,100098,100,99825,100,100111,100,99824,100,100119,100,99779,100,100128,100,99758,100
2019-06-28 09:39:30.000000000,100027,577,99904,577,100044,100,99892,200,100062,100,99879,100,100081,100,99860,100,100091,100,99849,100,100093,100,99825,100,100098,100,99824,100,100111,100,99779,100,100119,100,99758,100,100128,100,99528,100
2019-06-28 09:39:34.285531415,100027,577,99904,577,100044,100,99892,200,100062,100,99879,100,100081,100,99860,100,100091,100,99849,100,100093,100,99825,100,100098,100,99824,100,100111,100,99779,100,100119,100,99758,100,100128,100,99528,100
2019-06-28 09:39:35.372606816,100027,577,99904,477,100044,100,99892,200,100062,100,99879,100,100081,100,99860,100,100091,100,99849,100,100093,100,99825,100,100098,100,99824,100,100111,100,99779,100,100119,100,99758,100,100128,100,99528,100
2019-06-28 09:39:40.000000000,100027,338,99892,438,100044,338,99879,338,100062,100,99860,100,100081,100,99849,100,100091,100,99825,100,100093,100,99824,100,100098,100,99779,100,100111,100,99758,100,100119,100,99528,100,100128,100,99332,100
2019-06-28 09:39:50.000000000,100027,577,99892,677,100044,100,99879,100,100062,100,99860,100,100081,100,99849,100,100091,100,99825,100,100093,100,99824,100,100098,100,99779,100,100111,100,99758,100,100119,100,99528,100,100128,100,99332,100
2019-06-28 09:39:52.798488712,100027,577,99892,677,100044,100,99879,100,100062,100,99860,100,100081,100,99849,100,100091,100,99825,100,100093,100,99824,100,100098,100,99779,100,100111,100,99758,100,100119,100,99528,100,100128,100,99332,100
2019-06-28 09:39:58.047791671,100027,577,99892,577,100044,100,99879,100,100062,100,99860,100,100081,100,99849,100,100091,100,99825,100,100093,100,99824,100,100098,100,99779,100,100111,100,99758,100,100119,100,99528,100,100128,100,99332,100
2019-06-28 09:40:00.000000000,100027,262,99892,262,100044,257,99879,257,100062,257,99860,257,100081,100,99849,100,100091,100,99825,100,100093,100,99824,100,100098,100,99779,100,100111,100,99758,100,100119,100,99528,100,100128,100,99332,100
2019-06-28 09:40:10.000000000,100027,195,99892,195,100044,195,99879,195,100062,195,99860,195,100081,195,99849,195,100091,195,99825,195,100093,100,99824,100,100098,100,99779,100,100111,100,99758,100,100119,100,99528,100,100128,100,99332,100
2019-06-28 09:40:20.000000000,100027,577,99892,577,100044,100,99879,100,100062,100,99860,100,100081,100,99849,100,100091,100,99825,100,100093,100,99824,100,100098,100,99779,100,100111,100,99758,100,100119,100,99528,100,100128,100,99332,100
2019-06-28 09:40:30.000000000,100027,195,99892,195,100044,195,99879,195,100062,195,99860,195,100081,195,99849,195,100091,195,99825,195,100093,100,99824,100,100098,100,99779,100,100111,100,99758,100,100119,100,99528,100,100128,100,99332,100
2019-06-28 09:40:37.420507317,100027,195,99892,195,100044,195,99879,195,100062,195,99860,195,100081,195,99849,195,100091,195,99825,195,100093,100,99824,100,100098,100,99779,100,100111,100,99758,100,100119,100,99528,100,100128,100,99303,100
2019-06-28 09:40:40.000000000,100027,577,99892,577,100044,100,99879,100,100062,100,99860,100,100081,100,99849,100,100091,100,99825,100,100093,100,99824,100,100098,100,99779,100,100111,100,99758,100,100119,100,99528,100,100128,100,99303,100
2019-06-28 09:40:50.000000000,100027,577,99892,577,100044,100,99879,100,100062,100,99860,100,100081,100,99849,100,100091,100,99825,100,100093,100,99824,100,100098,100,99779,100,100111,100,99758,100,100119,100,99528,100,100128,100,99303,100
2019-06-28 09:41:00.000000000,100027,577,99892,577,100044,100,99879,100,100062,100,99860,100,100081,100,99849,100,100091,100,99825,100,100093,100,99824,100,100098,100,99779,100,100111,100,99758,100,100119,100,99528,100,100128,100,99303,100
2019-06-28 09:41:10.000000000,100027,338,99892,338,100044,338,99879,338,100062,100,99860,100,100081,100,99849,100,100091,100,99825,100,100093,100,99824,100,100098,100,99779,100,100111,100,99758,100,100119,100,99528,100,100128,100,99303,100
2019-06-28 09:41:20.000000000,100027,338,99892,338,100044,338,99879,338,100062,100,99860,100,100081,100,99849,100,100091,100,99825,100,100093,100,99824,100,100098,100,99779,100,100111,100,99758,100,100119,100,99528,100,100128,100,99303,100
2019-06-28 09:41:30.000000000,100027,577,99892,577,100044,100,99879,100,100062,100,99860,100,100081,100,99849,100,100091,100,99825,100,100093,100,99824,100,100098,100,99779,100,100111,100,99758,100,100119,100,99528,100,100128,100,99303,100
2019-06-28 09:41:40.000000000,100027,262,99892,262,100044,257,99879,257,100062,257,99860,257,100081,100,99849,100,100091,100,99825,100,100093,100,99824,100,100098,100,99779,100,100111,100,99758,100,100119,100,99528,100,100128,100,99303,100
2019-06-28 09:41:49.136732494,100027,262,99892,162,100044,257,99879,257,100062,257,99860,257,100081,100,99849,100,100091,100,99825,100,100093,100,99824,100,100098,100,99779,100,100111,100,99758,100,100119,100,99528,100,100128,100,99303,100
2019-06-28 09:41:50.000000000,100027,577,99879,577,100044,100,99860,100,100062,100,99849,100,100081,100,99825,100,100091,100,99824,100,100093,100,99779,100,100098,100,99758,100,100111,100,99528,100,100119,100,99303,100,100128,100,99118,100
2019-06-28 09:41:57.414917374,99892,100,99879,577,100027,577,99860,100,100044,100,99849,100,100062,100,99825,100,100081,100,99824,100,100091,100,99779,100,100093,100,99758,100,100098,100,99528,100,100111,100,99303,100,100119,100,99118,100
2019-06-28 09:42:00.000000000,99892,219,99879,219,100027,219,99860,219,100044,219,99849,219,100062,219,99825,219,100081,100,99824,100,100091,100,99779,100,100093,100,99758,100,100098,100,99528,100,100111,100,99303,100,100119,100,99118,100
2019-06-28 09:42:10.000000000,99892,219,99879,219,100027,219,99860,219,100044,219,99849,219,100062,219,99825,219,100081,100,99824,100,100091,100,99779,100,100093,100,99758,100,100098,100,99528,100,100111,100,99303,100,100119,100,99118,100
2019-06-28 09:42:20.000000000,99892,262,99879,262,100027,257,99860,257,100044,257,99849,257,100062,100,99825,100,100081,100,99824,100,100091,100,99779,100,100093,100,99758,100,100098,100,99528,100,100111,100,99303,100,100119,100,99118,100
2019-06-28 09:42:24.885159594,99892,262,99879,262,100027,257,99860,257,100044,257,99849,257,100062,100,99825,100,100081,100,99824,100,100091,100,99779,100,100093,100,99758,100,100098,100,99528,100,100111,100,99303,100,100119,100,99118,100
2019-06-28 09:42:30.000000000,99892,195,99879,195,100027,195,99860,195,100044,195,99849,195,100062,195,99825,195,100081,195,99824,195,100091,100,99779,100,100093,100,99758,100,100098,100,99528,100,100111,100,99303,100,100119,100,99118,100
2019-06-28 09:42:39.600589892,99892,195,99879,195,100027,195,99860,195,100044,195,99849,195,100062,195,99825,195,100081,195,99824,195,100091,100,99779,100,100093,100,99758,100,100098,100,99528,100,100111,100,99303,100,100119,100,99080,100
2019-06-28 09:42:40.000000000,99892,262,99879,262,100027,257,99860,257,100044,257,99849,257,100062,100,99825,100,100081,100,99824,100,100091,100,99779,100,100093,100,99758,100,100098,100,99528,100,100111,100,99303,100,100119,100,99080,100
2019-06-28 09:42:46.149565936,99892,262,99879,162,100027,257,99860,257,100044,257,99849,257,100062,100,99825,100,100081,100,99824,100,100091,100,99758,100,100093,100,99528,100,100098,100,99303,100,100111,100,99080,100,100119,100,98924,100
2019-06-28 09:42:47.561324486,99892,262,99879,162,100027,157,99860,257,100044,257,99849,257,100062,100,99825,100,100081,100,99824,100,100091,100,99758,100,100093,100,99528,100,100098,100,99303,100,100111,100,99080,100,100119,100,98924,100
2019-06-28 09:42:50.000000000,99892,219,99860,219,100044,219,99849,219,100062,219,99825,219,100081,219,99824,219,100091,100,99758,100,100093,100,99528,100,100098,100,99303,100,100111,100,99080,100,100119,100,98924,100,100128,100,98870,100
2019-06-28 09:43:00.000000000,99892,195,99860,195,100044,195,99849,195,100062,195,99825,195,100081,195,99824,195,100091,195,99758,195,100093,100,99528,100,100098,100,99303,100,100111,100,99080,100,100119,100,98924,100,100128,100,98870,100
2019-06-28 09:43:10.000000000,99892,219,99860,219,100044,219,99849,219,100062,219,99825,219,100081,219,99824,219,100091,100,99758,100,100093,100,99528,100,100098,100,99303,100,100111,100,99080,100,100119,100,98924,100,100128,100,98870,100
2019-06-28 09:43:20.000000000,99892,219,99860,219,100044,219,99849,219,100062,219,99825,219,100081,219,99824,219,100091,100,99758,100,100093,100,99528,100,100098,100,99303,100,100111,100,99080,100,100119,100,98924,100,100128,100,98870,100
2019-06-28 09:43:30.000000000,99892,262,99860,262,100044,257,99849,257,100062,257,99825,257,100081,100,99824,100,100091,100,99758,100,100093,100,99528,100,100098,100,99303,100,100111,100,99080,100,100119,100,98924,100,100128,100,98870,100
2019-06-28 09:43:40.000000000,99892,195,99860,195,100044,195,99849,195,100062,195,99825,195,100081,195,99824,195,100091,195,99758,195,100093,100,99528,100,100098,100,99303,100,100111,100,99080,100,100119,100,98924,100,100128,100,98870,100
2019-06-28 09:43:46.388747499,99892,195,99860,195,100044,195,99849,195,100062,195,99825,195,100081,195,99824,195,100091,195,99758,195,100093,100,99303,100,100098,100,99080,100,100111,100,98924,100,100119,100,98870,100,100128,100,98512,100
2019-06-28 09:43:50.000000000,99892,219,99860,219,100044,219,99849,219,100062,219,99825,219,100081,219,99824,219,100091,100,99758,100,100093,100,99303,100,100098,100,99080,100,100111,100,98924,100,100119,100,98870,100,100128,100,98512,100
2019-06-28 09:43:53.704047562,99892,219,99860,219,100044,219,99849,219,100062,219,99825,219,100081,219,99824,219,100091,100,99758,100,100093,100,99303,100,100098,100,99080,100,100111,100,98924,100,100119,100,98870,100,100128,100,98591,100
2019-06-28 09:44:00.000000000,99892,338,99860,338,100044,338,99849,338,100062,100,99825,100,100081,100,99824,100,100091,100,99758,100,100093,100,99303,100,100098,100,99080,100,100111,100,98924,100,100119,100,98870,100,100128,100,98591,100
2019-06-28 09:44:02.775751709,99892,338,99860,338,100044,338,99849,338,100062,100,99825,100,100081,100,99824,100,100091,100,99758,100,100093,100,99303,100,100098,100,99080,100,100111,100,98924,100,100119,100,98870,100,100128,100,98619,100
2019-06-28 09:44:08.295017968,99891,100,99860,338,99892,338,99849,338,100044,338,99825,100,100062,100,99824,100,100081,100,99758,100,100091,100,99303,100,100093,100,99080,100,100098,100,98924,100,100111,100,98870,100,100119,100,98619,100
2019-06-28 09:44:10.000000000,99891,219,99860,219,99892,219,99849,219,100044,219,99825,219,100062,219,99824,219,100081,100,99758,100,100091,100,99303,100,100093,100,99080,100,100098,100,98924,100,100111,100,98870,100,100119,100,98619,100
2019-06-28 09:44:20.000000000,99891,262,99860,262,99892,257,99849,257,100044,257,99825,257,100062,100,99824,100,100081,100,99758,100,100091,100,99303,100,100093,100,99080,100,100098,100,98924,100,100111,100,98870,100,100119,100,98619,100
2019-06-28 09:44:30.000000000,99891,195,99860,195,99892,195,99849,195,100044,195,99825,195,100062,195,99824,195,100081,195,99758,195,100091,100,99303,100,100093,100,99080,100,100098,100,98924,100,100111,100,98870,100,100119,100,98619,100
2019-06-28 09:44:40.000000000,99891,219,99860,219,99892,219,99849,219,100044,219,99825,219,100062,219,99824,219,100081,100,99758,100,100091,100,99303,100,100093,100,99080,100,100098,100,98924,100,100111,100,98870,100,100119,100,98619,100
2019-06-28 09:44:50.000000000,99891,195,99860,195,99892,195,99849,195,100044,195,99825,195,100062,195,99824,195,100081,195,99758,195,100091,100,99303,100,100093,100,99080,100,100098,100,98924,100,100111,100,98870,100,100119,100,98619,100
2019-06-28 09:45:00.000000000,99891,195,99860,195,99892,195,99849,195,100044,195,99825,195,100062,195,99824,195,100081,195,99758,195,100091,100,99303,100,100093,100,99080,100,100098,100,98924,100,100111,100,98870,100,100119,100,98619,100
2019-06-28 09:45:04.070094206,99891,295,99860,195,99892,195,99849,195,100044,195,99825,195,100062,195,99824,195,100081,195,99758,195,100091,100,99303,100,100093,100,99080,100,100098,100,98924,100,100111,100,98870,100,100119,100,98619,100
2019-06-28 09:45:10.000000000,99891,677,99860,577,99892,100,99849,100,100044,100,99825,100,100062,100,99824,100,100081,100,99758,100,100091,100,99303,100,100093,100,99080,100,100098,100,98924,100,100111,100,98870,100,100119,100,98619,100
2019-06-28 09:45:20.000000000,99891,362,99860,262,99892,257,99849,257,100044,257,99825,257,100062,100,99824,100,100081,100,99758,100,100091,100,99303,100,100093,100,99080,100,100098,100,98924,100,100111,100,98870,100,100119,100,98619,100
2019-06-28 09:45:22.355710719,99891,362,99860,262,99892,257,99849,257,100044,257,99825,257,100062,100,99824,100,100081,100,99758,100,100091,100,99303,100,100093,100,99080,100,100098,100,99032,100,100111,100,98924,100,100119,100,98870,100
2019-06-28 09:45:30.000000000,99891,438,99860,338,99892,338,99849,338,100044,100,99825,100,100062,100,99824,100,100081,100,99758,100,100091,100,99303,100,100093,100,99080,100,100098,100,99032,100,100111,100,98924,100,100119,100,98870,100
2019-06-28 09:45:40.000000000,99891,319,99860,219,99892,219,99849,219,100044,219,99825,219,100062,219,99824,219,100081,100,99758,100,100091,100,99303,100,100093,100,99080,100,100098,100,99032,100,100111,100,98924,100,100119,100,98870,100
2019-06-28 09:45:50.000000000,99891,677,99860,577,99892,100,99849,100,100044,100,99825,100,100062,100,99824,100,100081,100,99758,100,100091,100,99303,100,100093,100,99080,100,100098,100,99032,100,100111,100,98924,100,100119,100,98870,100
2019-06-28 09:46:00.000000000,99891,319,99860,219,99892,219,99849,219,100044,219,99825,219,100062,219,99824,219,100081,100,99758,100,100091,100,99303,100,100093,100,99080,100,100098,100,99032,100,100111,100,98924,100,100119,100,98870,100
2019-06-28 09:46:01.008448701,99891,319,99860,119,99892,219,99849,219,100044,219,99825,219,100062,219,99824,219,100081,100,99758,100,100091,100,99303,100,100093,100,99080,100,100098,100,99032,100,100111,100,98924,100,100119,100,98870,100
2019-06-28 09:46:02.492993792,99879,100,99860,119,99891,219,99849,219,99892,219,99825,219,100044,219,99824,219,100062,219,99758,100,100081,100,99303,100,100091,100,99080,100,100093,100,99032,100,100098,100,98924,100,100111,100,98870,100
2019-06-28 09:46:05.254898748,99879,100,99860,119,99891,219,99849,219,99892,219,99825,219,100044,219,99824,219,100062,219,99758,100,100081,100,99545,100,100091,100,99303,100,100093,100,99080,100,100098,100,98924,100,100111,100,98870,100
2019-06-28 09:46:07.064688515,99879,200,99860,119,99891,219,99849,219,99892,219,99825,219,100044,219,99824,219,100062,219,99758,100,100081,100,99545,100,100091,100,99303,100,100093,100,99080,100,100098,100,98924,100,100111,100,98870,100
2019-06-28 09:46:08.636335817,99879,200,99860,19,99891,219,99849,219,99892,219,99825,219,100044,219,99824,219,100062,219,99758,100,100081,100,99545,100,100091,100,99080,100,100093,100,98924,100,100098,100,98870,100,100111,100,98619,100
2019-06-28 09:46:10.000000000,99879,677,99849,577,99891,100,99825,100,99892,100,99824,100,100044,100,99758,100,100062,100,99545,100,100081,100,99080,100,100091,100,98924,100,100093,100,98870,100,100098,100,98619,100,100111,100,98591,100
2019-06-28 09:46:20.000000000,99879,438,99849,338,99891,338,99825,338,99892,100,99824,100,100044,100,99758,100,100062,100,99545,100,100081,100,99080,100,100091,100,98924,100,100093,100,98870,100,100098,100,98619,100,100111,100,98591,100
2019-06-28 09:46:30.000000000,99879,677,99849,577,99891,100,99825,100,99892,100,99824,100,100044,100,99758,100,100062,100,99545,100,100081,100,99080,100,100091,100,98924,100,100093,100,98870,100,100098,100,98619,100,100111,100,98591,100
2019-06-28 09:46:34.218206621,99879,677,99849,577,99891,100,99824,100,99892,100,99758,100,100044,100,99545,100,100062,100,99221,100,100081,100,99080,100,100091,100,98924,100,100093,100,98870,100,100098,100,98619,100,100111,100,98591,100
2019-06-28 09:46:40.000000000,99879,295,99849,195,99891,195,99824,195,99892,195,99758,195,100044,195,99545,195,100062,195,99221,195,100081,100,99080,100,100091,100,98924,100,100093,100,98870,100,100098,100,98619,100,100111,100,98591,100
2019-06-28 09:46:50.000000000,99879,438,99849,338,99891,338,99824,338,99892,100,99758,100,100044,100,99545,100,100062,100,99221,100,100081,100,99080,100,100091,100,98924,100,100093,100,98870,100,100098,100,98619,100,100111,100,98591,100
2019-06-28 09:47:00.000000000,99879,319,99849,219,99891,219,99824,219,99892,219,99758,219,100044,219,99545,219,100062,100,99221,100,100081,100,99080,100,100091,100,98924,100,100093,100,98870,100,100098,100,98619,100,100111,100,98591,100
2019-06-28 09:47:07.502280276,99860,100,99849,219,99879,319,99824,219,99891,219,99758,219,99892,219,99545,219,100044,219,99221,100,100062,100,99080,100,100081,100,98924,100,100091,100,98870,100,100093,100,98619,100,100098,100,98591,100
2019-06-28 09:47:10.000000000,99860,577,99849,577,99879,200,99824,100,99891,100,99758,100,99892,100,99545,100,100044,100,99221,100,100062,100,99080,100,100081,100,98924,100,100091,100,98870,100,100093,100,98619,100,100098,100,98591,100
2019-06-28 09:47:13.911677232,99860,677,99849,577,99879,200,99824,100,99891,100,99758,100,100044,100,99545,100,100062,100,99221,100,100081,100,99080,100,100091,100,98924,100,100093,100,98870,100,100098,100,98619,100,100111,100,98591,100
2019-06-28 09:47:20.000000000,99860,677,99849,577,99879,200,99824,100,99891,100,99758,100,100044,100,99545,100,100062,100,99221,100,100081,100,99080,100,100091,100,98924,100,100093,100,98870,100,100098,100,98619,100,100111,100,98591,100
2019-06-28 09:47:30.000000000,99860,319,99849,219,99879,319,99824,219,99891,219,99758,219,100044,219,99545,219,100062,100,99221,100,100081,100,99080,100,100091,100,98924,100,100093,100,98870,100,100098,100,98619,100,100111,100,98591,100
2019-06-28 09:47:32.877918882,99860,319,99849,219,99879,319,99824,219,99891,219,99758,219,100044,219,99545,219,100062,100,99221,100,100081,100,99080,100,100091,100,99037,100,100093,100,98924,100,100098,100,98870,100,100111,100,98619,100
2019-06-28 09:47:33.473860557,99860,419,99849,219,99879,319,99824,219,99891,219,99758,219,100044,219,99545,219,100062,100,99221,100,100081,100,99080,100,100091,100,99037,100,100093,100,98924,100,100098,100,98870,100,100111,100,98619,100
2019-06-28 09:47:40.000000000,99860,777,99849,577,99879,200,99824,100,99891,100,99758,100,100044,100,99545,100,100062,100,99221,100,100081,100,99080,100,100091,100,99037,100,100093,100,98924,100,100098,100,98870,100,100111,100,98619,100
2019-06-28 09:47:50.000000000,99860,538,99849,338,99879,438,99824,338,99891,100,99758,100,100044,100,99545,100,100062,100,99221,100,100081,100,99080,100,100091,100,99037,100,100093,100,98924,100,100098,100,98870,100,100111,100,98619,100
2019-06-28 09:47:55.214080853,99860,638,99849,338,99879,438,99824,338,99891,100,99758,100,100044,100,99545,100,100062,100,99221,100,100081,100,99080,100,100091,100,99037,100,100093,100,98924,100,100098,100,98870,100,100111,100,98619,100
2019-06-28 09:48:00.000000000,99860,638,99849,338,99879,438,99824,338,99891,100,99758,100,100044,100,99545,100,100062,100,99221,100,100081,100,99080,100,100091,100,99037,100,100093,100,98924,100,100098,100,98870,100,100111,100,98619,100
2019-06-28 09:48:10.000000000,99860,562,99849,262,99879,357,99824,257,99891,257,99758,257,100044,100,99545,100,100062,100,99221,100,100081,100,99080,100,100091,100,99037,100,100093,100,98924,100,100098,100,98870,100,100111,100,98619,100
2019-06-28 09:48:20.000000000,99860,877,99849,577,99879,200,99824,100,99891,100,99758,100,100044,100,99545,100,100062,100,99221,100,100081,100,99080,100,100091,100,99037,100,100093,100,98924,100,100098,100,98870,100,100111,100,98619,100
2019-06-28 09:48:27.253729080,99860,977,99849,577,99879,200,99824,100,99891,100,99758,100,100044,100,99545,100,100062,100,99221,100,100081,100,99080,100,100091,100,99037,100,100093,100,98924,100,100098,100,98870,100,100111,100,98619,100
2019-06-28 09:48:30.000000000,99860,738,99849,338,99879,438,99824,338,99891,100,99758,100,100044,100,99545,100,100062,100,99221,100,100081,100,99080,100,100091,100,99037,100,100093,100,98924,100,100098,100,98870,100,100111,100,98619,100
2019-06-28 09:48:37.973262286,99860,738,99849,338,99879,438,99824,338,99891,100,99758,100,100044,100,99545,100,100062,100,99427,100,100081,100,99221,100,100091,100,99037,100,100093,100,98924,100,100098,100,98870,100,100111,100,98619,100
2019-06-28 09:48:40.000000000,99860,662,99849,262,99879,357,99824,257,99891,257,99758,257,100044,100,99545,100,100062,100,99427,100,100081,100,99221,100,100091,100,99037,100,100093,100,98924,100,100098,100,98870,100,100111,100,98619,100
2019-06-28 09:48:50.000000000,99860,738,99849,338,99879,438,99824,338,99891,100,99758,100,100044,100,99545,100,100062,100,99427,100,100081,100,99221,100,100091,100,99037,100,100093,100,98924,100,100098,100,98870,100,100111,100,98619,100
2019-06-28 09:49:00.000000000,99860,595,99849,195,99879,295,99824,195,99891,195,99758,195,100044,195,99545,195,100062,195,99427,195,100081,100,99221,100,100091,100,99037,100,100093,100,98924,100,100098,100,98870,100,100111,100,98619,100
2019-06-28 09:49:08.170556484,99860,495,99849,195,99879,295,99824,195,99891,195,99758,195,100044,195,99545,195,100062,195,99427,195,100081,100,99221,100,100091,100,98924,100,100093,100,98870,100,100098,100,98619,100,100111,100,98591,100
2019-06-28 09:49:10.000000000,99860,519,99849,219,99879,319,99824,219,99891,219,99758,219,100044,219,99545,219,100062,100,99427,100,100081,100,99221,100,100091,100,98924,100,100093,100,98870,100,100098,100,98619,100,100111,100,98591,100
2019-06-28 09:49:20.000000000,99860,519,99849,219,99879,319,99824,219,99891,219,99758,219,100044,219,99545,219,100062,100,99427,100,100081,100,99221,100,100091,100,98924,100,100093,100,98870,100,100098,100,98619,100,100111,100,98591,100
2019-06-28 09:49:30.000000000,99860,495,99849,195,99879,295,99824,195,99891,195,99758,195,100044,195,99545,195,100062,195,99427,195,100081,100,99221,100,100091,100,98924,100,100093,100,98870,100,100098,100,98619,100,100111,100,98591,100
2019-06-28 09:49:36.939779840,99859,100,99849,195,99860,495,99824,195,99879,295,99758,195,99891,195,99545,195,100044,195,99427,195,100062,195,99221,100,100081,100,98924,100,100091,100,98870,100,100093,100,98619,100,100098,100,98591,100
2019-06-28 09:49:40.000000000,99859,219,99849,219,99860,519,99824,219,99879,319,99758,219,99891,219,99545,219,100044,100,99427,100,100062,100,99221,100,100081,100,98924,100,100091,100,98870,100,100093,100,98619,100,100098,100,98591,100
2019-06-28 09:49:44.357569593,99859,219,99849,119,99860,519,99824,219,99879,319,99758,219,99891,219,99545,219,100044,100,99221,100,100062,100,98924,100,100081,100,98870,100,100091,100,98619,100,100093,100,98591,100,100098,100,98455,100
2019-06-28 09:49:50.000000000,99859,219,99824,219,99860,519,99758,219,99879,319,99545,219,99891,219,99221,219,100044,100,98924,100,100062,100,98870,100,100081,100,98619,100,100091,100,98591,100,100093,100,98455,100,100098,100,98156,100
2019-06-28 09:50:00.000000000,99859,338,99824,338,99860,638,99758,338,99879,200,99545,100,99891,100,99221,100,100044,100,98924,100,100062,100,98870,100,100081,100,98619,100,100091,100,98591,100,100093,100,98455,100,100098,100,98156,100
2019-06-28 09:50:00.334822623,99858,100,99824,338,99859,338,99758,338,99860,638,99545,100,99879,200,99221,100,99891,100,98924,100,100044,100,98870,100,100062,100,98619,100,100081,100,98591,100,100091,100,98455,100,100093,100,98156,100
2019-06-28 09:50:03.751913256,99858,100,99824,238,99859,338,99758,338,99860,638,99545,100,99879,200,99221,100,99891,100,98924,100,100044,100,98870,100,100062,100,98619,100,100081,100,98591,100,100091,100,98455,100,100093,100,98156,100
2019-06-28 09:50:10.000000000,99858,219,99758,219,99859,219,99545,219,99860,519,99221,219,99879,319,98924,219,99891,100,98870,100,100044,100,98619,100,100062,100,98591,100,100081,100,98455,100,100091,100,98156,100,100093,100,,
2019-06-28 09:50:12.219154700,99849,100,99758,219,99858,219,99545,219,99859,219,99221,219,99860,519,98924,219,99879,319,98870,100,99891,100,98619,100,100044,100,98591,100,100081,100,98455,100,100091,100,98156,100,100093,100,,
2019-06-28 09:50:16.378643369,99849,100,99758,119,99858,219,99545,219,99859,219,99221,219,99860,519,98924,219,99879,319,98870,100,99891,100,98619,100,100044,100,98591,100,100081,100,98455,100,100091,100,98156,100,100093,100,,
2019-06-28 09:50:20.000000000,99849,219,99545,219,99858,219,99221,219,99859,219,98924,219,99860,519,98870,219,99879,200,98619,100,99891,100,98591,100,100044,100,98455,100,100081,100,98156,100,100091,100,,,100093,100,,
2019-06-28 09:50:28.366378776,99849,219,99545,119,99858,219,99221,219,99859,219,98924,219,99860,519,98870,219,99879,200,98619,100,99891,100,98591,100,100044,100,98455,100,100081,100,98156,100,100091,100,,,100093,100,,
2019-06-28 09:50:30.000000000,99849,195,99221,195,99858,195,98924,195,99859,195,98870,195,99860,495,98619,195,99879,295,98591,195,99891,100,98455,100,100044,100,98156,100,100081,100,,,100091,100,,,100093,100,,
2019-06-28 09:50:40.000000000,99849,219,99221,219,99858,219,98924,219,99859,219,98870,219,99860,519,98619,219,99879,200,98591,100,99891,100,98455,100,100044,100,98156,100,100081,100,,,100091,100,,,100093,100,,
2019-06-28 09:50:48.082115521,99802,100,99221,219,99849,219,98924,219,99858,219,98870,219,99859,219,98619,219,99860,519,98591,100,99879,200,98455,100,99891,100,98156,100,100044,100,,,100081,100,,,100091,100,,
2019-06-28 09:50:50.000000000,99802,262,99221,262,99849,257,98924,257,99858,257,98870,257,99859,100,98619,100,99860,400,98591,100,99879,200,98455,100,99891,100,98156,100,100044,100,,,100081,100,,,100091,100,,
2019-06-28 09:51:00.000000000,99802,195,99221,195,99849,195,98924,195,99858,195,98870,195,99859,195,98619,195,99860,495,98591,195,99879,200,98455,100,99891,100,98156,100,100044,100,,,100081,100,,,100091,100,,
2019-06-28 09:51:06.785215674,99802,195,99221,195,99849,195,98924,195,99858,195,98870,195,99859,195,98619,195,99860,495,98591,195,99879,200,98455,100,99891,100,98156,100,99929,100,,,100044,100,,,100081,100,,
2019-06-28 09:51:10.000000000,99802,219,99221,219,99849,219,98924,219,99858,219,98870,219,99859,219,98619,219,99860,400,98591,100,99879,200,98455,100,99891,100,98156,100,99929,100,,,100044,100,,,100081,100,,
2019-06-28 09:51:14.045808209,99802,219,99221,219,99849,219,98924,219,99858,219,98870,219,99859,219,98619,219,99860,400,98591,100,99879,100,98455,100,99891,100,98156,100,99929,100,,,100044,100,,,100081,100,,
2019-06-28 09:51:16.182303292,99802,219,99221,219,99849,219,98924,219,99858,219,98870,219,99859,219,98619,219,99860,400,98591,100,99879,100,98455,100,99891,100,98156,100,99908,100,,,100044,100,,,100081,100,,
2019-06-28 09:51:20.000000000,99802,577,99221,577,99849,100,98924,100,99858,100,98870,100,99859,100,98619,100,99860,400,98591,100,99879,100,98455,100,99891,100,98156,100,99908,100,,,100044,100,,,100081,100,,
2019-06-28 09:51:22.915968636,99802,577,99718,100,99849,100,99221,577,99858,100,98924,100,99859,100,98870,100,99860,400,98619,100,99879,100,98591,100,99891,100,98455,100,99908,100,98156,100,100044,100,,,100081,100,,
2019-06-28 09:51:28.711414150,99802,577,99718,100,99849,100,99221,577,99858,100,98924,100,99859,100,98870,100,99860,400,98619,100,99879,100,98591,100,99891,200,98455,100,99908,100,98156,100,100044,100,,,100081,100,,
2019-06-28 09:51:30.000000000,99802,577,99718,577,99849,100,99221,100,99858,100,98924,100,99859,100,98870,100,99860,400,98619,100,99879,100,98591,100,99891,200,98455,100,99908,100,98156,100,100044,100,,,100081,100,,
2019-06-28 09:51:40.000000000,99802,338,99718,338,99849,338,99221,338,99858,100,98924,100,99859,100,98870,100,99860,400,98619,100,99879,100,98591,100,99891,200,98455,100,99908,100,98156,100,100044,100,,,100081,100,,
2019-06-28 09:51:50.000000000,99802,195,99718,195,99849,195,99221,195,99858,195,98924,195,99859,195,98870,195,99860,495,98619,195,99879,100,98591,100,99891,200,98455,100,99908,100,98156,100,100044,100,,,100081,100,,
2019-06-28 09:52:00.000000000,99802,338,99718,338,99849,338,99221,338,99858,100,98924,100,99859,100,98870,100,99860,400,98619,100,99879,100,98591,100,99891,200,98455,100,99908,100,98156,100,100044,100,,,100081,100,,
2019-06-28 09:52:10.000000000,99802,338,99718,338,99849,338,99221,338,99858,100,98924,100,99859,100,98870,100,99860,400,98619,100,99879,100,98591,100,99891,200,98455,100,99908,100,98156,100,100044,100,,,100081,100,,
2019-06-28 09:52:12.140359402,99802,338,99718,338,99849,338,99692,100,99858,100,99221,338,99859,100,98924,100,99860,400,98870,100,99879,100,98619,100,99891,200,98591,100,99908,100,98455,100,100044,100,98156,100,100081,100,,
2019-06-28 09:52:12.155605780,99758,100,99718,338,99802,338,99692,100,99849,338,99221,338,99858,100,98924,100,99859,100,98870,100,99860,400,98619,100,99879,100,98591,100,99891,200,98455,100,99908,100,98156,100,100044,100,,
2019-06-28 09:52:20.000000000,99758,338,99718,338,99802,338,99692,338,99849,100,99221,100,99858,100,98924,100,99859,100,98870,100,99860,400,98619,100,99879,100,98591,100,99891,200,98455,100,99908,100,98156,100,100044,100,,
2019-06-28 09:52:30.000000000,99758,338,99718,338,99802,338,99692,338,99849,100,99221,100,99858,100,98924,100,99859,100,98870,100,99860,400,98619,100,99879,100,98591,100,99891,200,98455,100,99908,100,98156,100,100044,100,,
2019-06-28 09:52:39.853941246,99758,338,99718,338,99802,338,99692,338,99849,100,99510,100,99858,100,99221,100,99859,100,98924,100,99860,400,98870,100,99879,100,98619,100,99891,200,98591,100,99908,100,98455,100,100044,100,98156,100
2019-06-28 09:52:40.000000000,99758,262,99718,262,99802,257,99692,257,99849,257,99510,257,99858,100,99221,100,99859,100,98924,100,99860,400,98870,100,99879,100,98619,100,99891,200,98591,100,99908,100,98455,100,100044,100,98156,100
2019-06-28 09:52:41.299892211,99758,262,99740,100,99802,257,99718,262,99849,257,99692,257,99858,100,99510,257,99859,100,99221,100,99860,400,98924,100,99879,100,98870,100,99891,200,98591,100,99908,100,98455,100,100044,100,98156,100
2019-06-28 09:52:50.000000000,99758,338,99740,338,99802,338,99718,338,99849,100,99692,100,99858,100,99510,100,99859,100,99221,100,99860,400,98924,100,99879,100,98870,100,99891,200,98591,100,99908,100,98455,100,100044,100,98156,100
2019-06-28 09:53:00.000000000,99758,195,99740,195,99802,195,99718,195,99849,195,99692,195,99858,195,99510,195,99859,195,99221,195,99860,400,98924,100,99879,100,98870,100,99891,200,98591,100,99908,100,98455,100,100044,100,98156,100
2019-06-28 09:53:10.000000000,99758,338,99740,338,99802,338,99718,338,99849,100,99692,100,99858,100,99510,100,99859,100,99221,100,99860,400,98924,100,99879,100,98870,100,99891,200,98591,100,99908,100,98455,100,100044,100,98156,100
2019-06-28 09:53:14.222041126,99758,338,99740,338,99802,338,99718,338,99849,100,99692,100,99858,100,99631,100,99859,100,99221,100,99860,400,98924,100,99879,100,98870,100,99891,200,98591,100,99908,100,98455,100,100044,100,98156,100
2019-06-28 09:53:15.769614837,99758,238,99740,338,99802,338,99718,338,99849,100,99692,100,99858,100,99631,100,99859,100,99221,100,99860,400,98924,100,99879,100,98870,100,99891,200,98591,100,99908,100,98455,100,100044,100,98156,100
2019-06-28 09:53:20.000000000,99802,577,99740,577,99849,100,99718,100,99858,100,99692,100,99859,100,99631,100,99860,400,99221,100,99879,100,98924,100,99891,200,98870,100,99908,100,98591,100,100044,100,98455,100,100081,100,98156,100
2019-06-28 09:53:29.763196289,99802,577,99740,577,99849,100,99718,100,99858,100,99692,100,99859,100,99631,100,99860,400,99221,100,99891,200,98924,100,99908,100,98870,100,100044,100,98591,100,100081,100,98455,100,100091,100,98156,100
2019-06-28 09:53:30.000000000,99802,262,99740,262,99849,257,99718,257,99858,257,99692,257,99859,100,99631,100,99860,400,99221,100,99891,200,98924,100,99908,100,98870,100,100044,100,98591,100,100081,100,98455,100,100091,100,98156,100
2019-06-28 09:53:35.517455028,99802,162,99740,262,99849,257,99718,257,99858,257,99692,257,99859,100,99631,100,99860,400,99221,100,99891,200,98924,100,99908,100,98870,100,100044,100,98591,100,100081,100,98455,100,100091,100,98156,100
2019-06-28 09:53:40.000000000,99849,577,99740,577,99858,100,99718,100,99859,100,99692,100,99860,400,99631,100,99891,200,99221,100,99908,100,98924,100,100044,100,98870,100,100081,100,98591,100,100091,100,98455,100,100098,100,98156,100
2019-06-28 09:53:40.447235046,99849,477,99758,100,99858,100,99740,577,99859,100,99718,100,99860,400,99692,100,99891,200,99631,100,99908,100,99221,100,100044,100,98924,100,100081,100,98870,100,100091,100,98591,100,100098,100,98455,100
2019-06-28 09:53:50.000000000,99858,262,99758,262,99859,257,99740,257,99860,557,99718,257,99891,200,99692,100,99908,100,99631,100,100044,100,99221,100,100081,100,98924,100,100091,100,98870,100,100098,100,98591,100,100119,100,98455,100
2019-06-28 09:53:50.482201424,99858,262,99758,262,99859,257,99740,257,99860,557,99718,257,99891,200,99692,100,99908,100,99631,100,100044,100,99221,100,100081,100,98924,100,100091,100,98870,100,100098,100,98591,100,100119,100,98455,100
2019-06-28 09:54:00.000000000,99858,577,99758,577,99859,100,99740,100,99860,400,99718,100,99891,200,99692,100,99908,100,99631,100,100044,100,99221,100,100081,100,98924,100,100091,100,98870,100,100098,100,98591,100,100119,100,98455,100
2019-06-28 09:54:00.309429159,99858,477,99758,577,99859,100,99740,100,99860,400,99718,100,99891,200,99692,100,99908,100,99631,100,100044,100,99221,100,100081,100,98924,100,100091,100,98870,100,100098,100,98591,100,100119,100,98455,100
2019-06-28 09:54:10.000000000,99859,577,99758,577,99860,400,99740,100,99891,200,99718,100,99908,100,99692,100,100044,100,99631,100,100081,100,99221,100,100091,100,98924,100,100098,100,98870,100,100119,100,98591,100,100128,100,98455,100
2019-06-28 09:54:20.000000000,99859,338,99758,338,99860,638,99740,338,99891,200,99718,100,99908,100,99692,100,100044,100,99631,100,100081,100,99221,100,100091,100,98924,100,100098,100,98870,100,100119,100,98591,100,100128,100,98455,100
2019-06-28 09:54:30.000000000,99859,219,99758,219,99860,519,99740,219,99891,319,99718,219,99908,219,99692,219,100044,100,99631,100,100081,100,99221,100,100091,100,98924,100,100098,100,98870,100,100119,100,98591,100,100128,100,98455,100
2019-06-28 09:54:40.000000000,99859,577,99758,577,99860,400,99740,100,99891,200,99718,100,99908,100,99692,100,100044,100,99631,100,100081,100,99221,100,100091,100,98924,100,100098,100,98870,100,100119,100,98591,100,100128,100,98455,100
2019-06-28 09:54:45.356775722,99859,477,99758,577,99860,400,99740,100,99891,200,99718,100,99908,100,99692,100,100044,100,99631,100,100081,100,99221,100,100091,100,98924,100,100098,100,98870,100,100119,100,98591,100,100128,100,98455,100
2019-06-28 09:54:50.000000000,99860,519,99758,219,99891,319,99740,219,99908,219,99718,219,100044,219,99692,219,100081,100,99631,100,100091,100,99221,100,100098,100,98924,100,100119,100,98870,100,100128,100,98591,100,100146,100,98455,100
2019-06-28 09:54:55.637714531,99860,419,99758,219,99891,319,99740,219,99908,219,99718,219,100044,219,99692,219,100081,100,99631,100,100091,100,99221,100,100098,100,98924,100,100119,100,98870,100,100128,100,98591,100,100146,100,98455,100
2019-06-28 09:55:00.000000000,99860,777,99758,577,99891,200,99740,100,99908,100,99718,100,100044,100,99692,100,100081,100,99631,100,100091,100,99221,100,100098,100,98924,100,100119,100,98870,100,100128,100,98591,100,100146,100,98455,100
2019-06-28 09:55:02.074834588,99860,777,99849,100,99891,200,99758,577,99908,100,99740,100,100044,100,99718,100,100081,100,99692,100,100091,100,99631,100,100098,100,99221,100,100119,100,98924,100,100128,100,98870,100,100146,100,98591,100
2019-06-28 09:55:10.000000000,99860,419,99849,219,99891,319,99758,219,99908,219,99740,219,100044,219,99718,219,100081,100,99692,100,100091,100,99631,100,100098,100,99221,100,100119,100,98924,100,100128,100,98870,100,100146,100,98591,100
2019-06-28 09:55:20.000000000,99860,462,99849,262,99891,357,99758,257,99908,257,99740,257,100044,100,99718,100,100081,100,99692,100,100091,100,99631,100,100098,100,99221,100,100119,100,98924,100,100128,100,98870,100,100146,100,98591,100
2019-06-28 09:55:30.000000000,99860,462,99849,262,99891,357,99758,257,99908,257,99740,257,100044,100,99718,100,100081,100,99692,100,100091,100,99631,100,100098,100,99221,100,100119,100,98924,100,100128,100,98870,100,100146,100,98591,100
2019-06-28 09:55:40.000000000,99860,777,99849,577,99891,200,99758,100,99908,100,99740,100,100044,100,99718,100,100081,100,99692,100,100091,100,99631,100,100098,100,99221,100,100119,100,98924,100,100128,100,98870,100,100146,100,98591,100
2019-06-28 09:55:50.000000000,99860,538,99849,338,99891,438,99758,338,99908,100,99740,100,100044,100,99718,100,100081,100,99692,100,100091,100,99631,100,100098,100,99221,100,100119,100,98924,100,100128,100,98870,100,100146,100,98591,100
2019-06-28 09:56:00.000000000,99860,538,99849,338,99891,438,99758,338,99908,100,99740,100,100044,100,99718,100,100081,100,99692,100,100091,100,99631,100,100098,100,99221,100,100119,100,98924,100,100128,100,98870,100,100146,100,98591,100
2019-06-28 09:56:04.663093369,99860,438,99849,338,99891,438,99758,338,99908,100,99740,100,100081,100,99718,100,100091,100,99692,100,100098,100,99631,100,100119,100,99221,100,100128,100,98924,100,100146,100,98870,100,100148,100,98591,100
2019-06-28 09:56:10.000000000,99860,438,99849,338,99891,438,99758,338,99908,100,99740,100,100081,100,99718,100,100091,100,99692,100,100098,100,99631,100,100119,100,99221,100,100128,100,98924,100,100146,100,98870,100,100148,100,98591,100
2019-06-28 09:56:20.000000000,99860,438,99849,338,99891,438,99758,338,99908,100,99740,100,100081,100,99718,100,100091,100,99692,100,100098,100,99631,100,100119,100,99221,100,100128,100,98924,100,100146,100,98870,100,100148,100,98591,100
2019-06-28 09:56:30.000000000,99860,319,99849,219,99891,319,99758,219,99908,219,99740,219,100081,219,99718,219,100091,100,99692,100,100098,100,99631,100,100119,100,99221,100,100128,100,98924,100,100146,100,98870,100,100148,100,98591,100
2019-06-28 09:56:38.005742765,99860,319,99849,219,99891,319,99760,100,99908,219,99758,219,100081,219,99740,219,100091,100,99718,219,100098,100,99692,100,100119,100,99631,100,100128,100,99221,100,100146,100,98924,100,100148,100,98870,100
2019-06-28 09:56:40.000000000,99860,319,99849,219,99891,319,99760,219,99908,219,99758,219,100081,219,99740,219,100091,100,99718,100,100098,100,99692,100,100119,100,99631,100,100128,100,99221,100,100146,100,98924,100,100148,100,98870,100
2019-06-28 09:56:45.076452399,99860,319,99849,219,99891,319,99760,219,99908,219,99758,219,100029,100,99740,219,100081,219,99718,100,100091,100,99692,100,100098,100,99631,100,100119,100,99221,100,100128,100,98924,100,100146,100,98870,100
2019-06-28 09:56:50.000000000,99860,319,99849,219,99891,319,99760,219,99908,219,99758,219,100029,219,99740,219,100081,100,99718,100,100091,100,99692,100,100098,100,99631,100,100119,100,99221,100,100128,100,98924,100,100146,100,98870,100
2019-06-28 09:57:00.000000000,99860,438,99849,338,99891,438,99760,338,99908,100,99758,100,100029,100,99740,100,100081,100,99718,100,100091,100,99692,100,100098,100,99631,100,100119,100,99221,100,100128,100,98924,100,100146,100,98870,100
2019-06-28 09:57:08.365657219,99860,438,99849,338,99891,438,99760,338,99908,100,99758,100,99966,100,99740,100,100029,100,99718,100,100081,100,99692,100,100091,100,99631,100,100098,100,99221,100,100119,100,98924,100,100128,100,98870,100
2019-06-28 09:57:10.000000000,99860,438,99849,338,99891,438,99760,338,99908,100,99758,100,99966,100,99740,100,100029,100,99718,100,100081,100,99692,100,100091,100,99631,100,100098,100,99221,100,100119,100,98924,100,100128,100,98870,100
2019-06-28 09:57:20.000000000,99860,438,99849,338,99891,438,99760,338,99908,100,99758,100,99966,100,99740,100,100029,100,99718,100,100081,100,99692,100,100091,100,99631,100,100098,100,99221,100,100119,100,98924,100,100128,100,98870,100
2019-06-28 09:57:30.000000000,99860,319,99849,219,99891,319,99760,219,99908,219,99758,219,99966,219,99740,219,100029,100,99718,100,100081,100,99692,100,100091,100,99631,100,100098,100,99221,100,100119,100,98924,100,100128,100,98870,100
2019-06-28 09:57:40.000000000,99860,319,99849,219,99891,319,99760,219,99908,219,99758,219,99966,219,99740,219,100029,100,99718,100,100081,100,99692,100,100091,100,99631,100,100098,100,99221,100,100119,100,98924,100,100128,100,98870,100
2019-06-28 09:57:47.489445132,99860,319,99849,219,99891,319,99760,219,99908,219,99758,219,99966,119,99743,100,100029,100,99740,219,100081,100,99718,100,100091,100,99692,100,100098,100,99631,100,100119,100,99221,100,100128,100,98924,100
2019-06-28 09:57:50.000000000,99860,438,99849,338,99891,438,99760,338,99908,100,99758,100,100029,100,99743,100,100081,100,99740,100,100091,100,99718,100,100098,100,99692,100,100119,100,99631,100,100128,100,99221,100,100146,100,98924,100
2019-06-28 09:57:54.445124013,99860,438,99849,338,99891,438,99760,338,99908,100,99758,100,100029,100,99743,100,100081,100,99740,100,100091,100,99718,100,100098,100,99692,100,100119,100,99631,100,100128,100,99425,100,100146,100,99221,100
2019-06-28 09:58:00.000000000,99860,295,99849,195,99891,295,99760,195,99908,195,99758,195,100029,195,99743,195,100081,195,99740,195,100091,100,99718,100,100098,100,99692,100,100119,100,99631,100,100128,100,99425,100,100146,100,99221,100
2019-06-28 09:58:01.089725216,99860,295,99849,95,99891,295,99760,195,99908,195,99758,195,100029,195,99743,195,100081,195,99740,195,100091,100,99692,100,100098,100,99631,100,100119,100,99425,100,100128,100,99221,100,100146,100,98924,100
2019-06-28 09:58:03.915236195,99860,295,99849,95,99891,295,99760,195,99908,195,99758,195,100029,195,99747,100,100081,195,99743,195,100091,100,99740,195,100098,100,99692,100,100119,100,99631,100,100128,100,99425,100,100146,100,99221,100
2019-06-28 09:58:10.000000000,99860,295,99760,195,99891,295,99758,195,99908,195,99747,195,100029,195,99743,195,100081,195,99740,195,100091,100,99692,100,100098,100,99631,100,100119,100,99425,100,100128,100,99221,100,100146,100,98924,100
2019-06-28 09:58:10.565356706,99860,295,99760,195,99891,295,99758,195,99908,195,99747,195,99949,100,99743,195,100029,195,99740,195,100081,195,99692,100,100091,100,99631,100,100119,100,99425,100,100128,100,99221,100,100146,100,98924,100
2019-06-28 09:58:20.000000000,99860,677,99760,577,99891,200,99758,100,99908,100,99747,100,99949,100,99743,100,100029,100,99740,100,100081,100,99692,100,100091,100,99631,100,100119,100,99425,100,100128,100,99221,100,100146,100,98924,100
2019-06-28 09:58:30.000000000,99860,362,99760,262,99891,357,99758,257,99908,257,99747,257,99949,100,99743,100,100029,100,99740,100,100081,100,99692,100,100091,100,99631,100,100119,100,99425,100,100128,100,99221,100,100146,100,98924,100
2019-06-28 09:58:40.000000000,99860,362,99760,262,99891,357,99758,257,99908,257,99747,257,99949,100,99743,100,100029,100,99740,100,100081,100,99692,100,100091,100,99631,100,100119,100,99425,100,100128,100,99221,100,100146,100,98924,100
2019-06-28 09:58:40.244042642,99860,362,99760,262,99891,357,99758,257,99908,257,99747,257,99949,100,99743,100,100029,100,99740,100,100081,100,99692,100,100091,100,99681,100,100119,100,99631,100,100128,100,99425,100,100146,100,99221,100
2019-06-28 09:58:40.879118460,99859,100,99760,262,99860,362,99758,257,99891,257,99747,257,99908,257,99743,100,99949,100,99740,100,100029,100,99692,100,100081,100,99681,100,100091,100,99631,100,100119,100,99425,100,100128,100,99221,100
2019-06-28 09:58:41.333380851,99859,100,99760,262,99860,362,99758,257,99891,257,99747,257,99908,257,99743,100,99949,100,99740,100,100029,100,99681,100,100052,100,99631,100,100081,100,99425,100,100091,100,99221,100,100119,100,98924,100
2019-06-28 09:58:50.000000000,99859,262,99760,262,99860,357,99758,257,99891,257,99747,257,99908,100,99743,100,99949,100,99740,100,100029,100,99681,100,100052,100,99631,100,100081,100,99425,100,100091,100,99221,100,100119,100,98924,100
2019-06-28 09:58:56.624055317,99859,162,99760,262,99860,357,99758,257,99891,257,99747,257,99908,100,99743,100,99949,100,99740,100,100029,100,99681,100,100052,100,99631,100,100081,100,99425,100,100091,100,99221,100,100119,100,98924,100
2019-06-28 09:59:00.000000000,99860,295,99760,195,99891,195,99758,195,99908,195,99747,195,99949,195,99743,195,100029,195,99740,195,100052,100,99681,100,100081,100,99631,100,100091,100,99425,100,100119,100,99221,100,100128,100,98924,100
2019-06-28 09:59:09.275740668,99860,295,99850,100,99891,195,99760,195,99908,195,99758,195,99949,195,99747,195,100029,195,99743,195,100052,100,99740,195,100081,100,99681,100,100091,100,99631,100,100119,100,99425,100,100128,100,99221,100
2019-06-28 09:59:10.000000000,99860,295,99850,195,99891,195,99760,195,99908,195,99758,195,99949,195,99747,195,100029,195,99743,195,100052,100,99740,100,100081,100,99681,100,100091,100,99631,100,100119,100,99425,100,100128,100,99221,100
2019-06-28 09:59:11.278689557,99860,295,99850,195,99891,195,99761,100,99908,195,99760,195,99949,195,99758,195,100029,195,99747,195,100052,100,99743,195,100081,100,99740,100,100091,100,99681,100,100119,100,99631,100,100128,100,99425,100
2019-06-28 09:59:19.165824578,99858,100,99850,195,99860,295,99761,100,99891,195,99760,195,99908,195,99758,195,99949,195,99747,195,100029,195,99743,195,100052,100,99740,100,100081,100,99681,100,100091,100,99631,100,100119,100,99425,100
2019-06-28 09:59:20.000000000,99858,577,99850,577,99860,200,99761,100,99891,100,99760,100,99908,100,99758,100,99949,100,99747,100,100029,100,99743,100,100052,100,99740,100,100081,100,99681,100,100091,100,99631,100,100119,100,99425,100
2019-06-28 09:59:22.528109530,99858,577,99850,577,99860,200,99761,100,99891,100,99760,100,99908,100,99758,100,99949,100,99747,100,100029,100,99743,100,100052,100,99740,100,100081,100,99681,100,100091,100,99631,100,100119,100,99585,100
2019-06-28 09:59:26.650770471,99858,577,99850,577,99859,100,99761,100,99860,200,99760,100,99891,100,99758,100,99908,100,99747,100,99949,100,99743,100,100029,100,99740,100,100052,100,99681,100,100081,100,99631,100,100091,100,99585,100
2019-06-28 09:59:28.124854425,99858,477,99850,577,99859,100,99761,100,99860,200,99760,100,99891,100,99758,100,99908,100,99747,100,99949,100,99743,100,100029,100,99740,100,100052,100,99681,100,100081,100,99631,100,100091,100,99585,100
2019-06-28 09:59:30.000000000,99859,577,99850,577,99860,200,99761,100,99891,100,99760,100,99908,100,99758,100,99949,100,99747,100,100029,100,99743,100,100052,100,99740,100,100081,100,99681,100,100091,100,99631,100,100119,100,99585,100
2019-06-28 09:59:40.000000000,99859,338,99850,338,99860,438,99761,338,99891,100,99760,100,99908,100,99758,100,99949,100,99747,100,100029,100,99743,100,100052,100,99740,100,100081,100,99681,100,100091,100,99631,100,100119,100,99585,100
2019-06-28 09:59:50.000000000,99859,338,99850,338,99860,438,99761,338,99891,100,99760,100,99908,100,99758,100,99949,100,99747,100,100029,100,99743,100,100052,100,99740,100,100081,100,99681,100,100091,100,99631,100,100119,100,99585,100
2019-06-28 09:59:51.684912700,99859,338,99850,338,99860,338,99761,338,99891,100,99760,100,99908,100,99758,100,99949,100,99747,100,100029,100,99743,100,100052,100,99740,100,100081,100,99681,100,100091,100,99631,100,100119,100,99585,100
2019-06-28 10:00:00.000000000,99859,195,99850,195,99860,195,99761,195,99891,195,99760,195,99908,195,99758,195,99949,195,99747,195,100029,100,99743,100,100052,100,99740,100,100081,100,99681,100,100091,100,99631,100,100119,100,99585,100
2019-06-28 10:00:04.931240534,99859,195,99850,195,99860,195,99761,195,99891,195,99760,195,99908,195,99758,95,99949,195,99747,195,100029,100,99743,100,100052,100,99740,100,100081,100,99681,100,100091,100,99631,100,100119,100,99585,100
2019-06-28 10:00:10.000000000,99859,338,99850,338,99860,338,99761,338,99891,100,99760,100,99908,100,99747,100,99949,100,99743,100,100029,100,99740,100,100052,100,99681,100,100081,100,99631,100,100091,100,99585,100,100119,100,99425,100
2019-06-28 10:00:20.000000000,99859,195,99850,195,99860,195,99761,195,99891,195,99760,195,99908,195,99747,195,99949,195,99743,195,100029,100,99740,100,100052,100,99681,100,100081,100,99631,100,100091,100,99585,100,100119,100,99425,100
2019-06-28 10:00:20.173245580,99859,195,99850,195,99860,195,99761,195,99891,195,99760,195,99908,195,99747,195,99949,195,99743,195,100052,100,99740,100,100081,100,99681,100,100091,100,99631,100,100119,100,99585,100,100128,100,99425,100
2019-06-28 10:00:25.487013593,99859,195,99850,195,99860,195,99761,195,99891,195,99760,195,99908,195,99747,195,99949,195,99743,195,100052,100,99740,100,100081,100,99681,100,100091,100,99631,100,100119,100,99585,100,100128,100,99425,100
2019-06-28 10:00:29.112199472,99859,95,99850,195,99860,195,99761,195,99891,195,99760,195,99908,195,99747,195,99949,195,99743,195,100052,100,99740,100,100081,100,99681,100,100091,100,99631,100,100119,100,99585,100,100128,100,99425,100
2019-06-28 10:00:30.000000000,99860,577,99850,577,99891,100,99761,100,99908,100,99760,100,99949,100,99747,100,100052,100,99743,100,100081,100,99740,100,100091,100,99681,100,100119,100,99631,100,100128,100,99585,100,100146,100,99425,100
2019-06-28 10:00:40.000000000,99860,577,99850,577,99891,100,99761,100,99908,100,99760,100,99949,100,99747,100,100052,100,99743,100,100081,100,99740,100,100091,100,99681,100,100119,100,99631,100,100128,100,99585,100,100146,100,99425,100
2019-06-28 10:00:50.000000000,99860,338,99850,338,99891,338,99761,338,99908,100,99760,100,99949,100,99747,100,100052,100,99743,100,100081,100,99740,100,100091,100,99681,100,100119,100,99631,100,100128,100,99585,100,100146,100,99425,100
2019-06-28 10:00:57.275337755,99860,238,99850,338,99891,338,99761,338,99908,100,99760,100,99949,100,99747,100,100081,100,99743,100,100091,100,99740,100,100119,100,99681,100,100128,100,99631,100,100146,100,99585,100,100148,100,99425,100
2019-06-28 10:01:00.000000000,99891,219,99850,219,99908,219,99761,219,99949,219,99760,219,100081,219,99747,219,100091,100,99743,100,100119,100,99740,100,100128,100,99681,100,100146,100,99631,100,100148,100,99585,100,100345,100,99425,100
2019-06-28 10:01:05.321099812,99891,219,99850,219,99908,219,99761,219,99949,219,99760,219,100081,219,99747,219,100091,100,99743,100,100119,100,99740,100,100128,100,99681,100,100146,100,99631,100,100148,100,99585,100,100283,100,99425,100
2019-06-28 10:01:05.991732492,99891,119,99850,219,99908,219,99761,219,99949,219,99760,219,100081,219,99747,219,100091,100,99743,100,100119,100,99740,100,100128,100,99681,100,100146,100,99631,100,100148,100,99585,100,100283,100,99425,100
2019-06-28 10:01:06.692032273,99891,119,99860,100,99908,219,99850,219,99949,219,99761,219,100081,219,99760,219,100091,100,99747,219,100119,100,99743,100,100128,100,99740,100,100146,100,99681,100,100148,100,99631,100,100283,100,99585,100
2019-06-28 10:01:10.000000000,99908,262,99860,262,99949,257,99850,257,100081,257,99761,257,100091,100,99760,100,100119,100,99747,100,100128,100,99743,100,100146,100,99740,100,100148,100,99681,100,100283,100,99631,100,100345,100,99585,100
2019-06-28 10:01:15.933349783,99908,162,99860,262,99949,257,99850,257,100081,257,99761,257,100091,100,99760,100,100128,100,99747,100,100146,100,99743,100,100148,100,99740,100,100283,100,99681,100,100345,100,99631,100,100460,100,99585,100
2019-06-28 10:01:18.606525874,99908,162,99860,162,99949,257,99850,257,100081,257,99761,257,100091,100,99760,100,100128,100,99747,100,100146,100,99743,100,100148,100,99740,100,100283,100,99681,100,100345,100,99631,100,100460,100,99585,100
2019-06-28 10:01:20.000000000,99949,262,99850,262,100081,257,99761,257,100091,257,99760,257,100128,100,99747,100,100146,100,99743,100,100148,100,99740,100,100283,100,99681,100,100345,100,99631,100,100460,100,99585,100,100558,100,99425,100
2019-06-28 10:01:30.000000000,99949,577,99850,577,100081,100,99761,100,100091,100,99760,100,100128,100,99747,100,100146,100,99743,100,100148,100,99740,100,100283,100,99681,100,100345,100,99631,100,100460,100,99585,100,100558,100,99425,100
2019-06-28 10:01:40.000000000,99949,195,99850,195,100081,195,99761,195,100091,195,99760,195,100128,195,99747,195,100146,195,99743,195,100148,100,99740,100,100283,100,99681,100,100345,100,99631,100,100460,100,99585,100,100558,100,99425,100
2019-06-28 10:01:50.000000000,99949,577,99850,577,100081,100,99761,100,100091,100,99760,100,100128,100,99747,100,100146,100,99743,100,100148,100,99740,100,100283,100,99681,100,100345,100,99631,100,100460,100,99585,100,100558,100,99425,100
2019-06-28 10:02:00.000000000,99949,338,99850,338,100081,338,99761,338,100091,100,99760,100,100128,100,99747,100,100146,100,99743,100,100148,100,99740,100,100283,100,99681,100,100345,100,99631,100,100460,100,99585,100,100558,100,99425,100
2019-06-28 10:02:10.000000000,99949,577,99850,577,100081,100,99761,100,100091,100,99760,100,100128,100,99747,100,100146,100,99743,100,100148,100,99740,100,100283,100,99681,100,100345,100,99631,100,100460,100,99585,100,100558,100,99425,100
2019-06-28 10:02:20.000000000,99949,262,99850,262,100081,257,99761,257,100091,257,99760,257,100128,100,99747,100,100146,100,99743,100,100148,100,99740,100,100283,100,99681,100,100345,100,99631,100,100460,100,99585,100,100558,100,99425,100
2019-06-28 10:02:30.000000000,99949,219,99850,219,100081,219,99761,219,100091,219,99760,219,100128,219,99747,219,100146,100,99743,100,100148,100,99740,100,100283,100,99681,100,100345,100,99631,100,100460,100,99585,100,100558,100,99425,100
2019-06-28 10:02:38.707957172,99949,219,99850,119,100081,219,99761,219,100091,219,99760,219,100128,219,99747,219,100146,100,99743,100,100148,100,99740,100,100283,100,99681,100,100345,100,99585,100,100460,100,99425,100,100558,100,99221,100
2019-06-28 10:02:40.000000000,99949,219,99761,219,100081,219,99760,219,100091,219,99747,219,100128,219,99743,219,100146,100,99740,100,100148,100,99681,100,100283,100,99585,100,100345,100,99425,100,100460,100,99221,100,100558,100,98924,100
2019-06-28 10:02:50.000000000,99949,219,99761,219,100081,219,99760,219,100091,219,99747,219,100128,219,99743,219,100146,100,99740,100,100148,100,99681,100,100283,100,99585,100,100345,100,99425,100,100460,100,99221,100,100558,100,98924,100
2019-06-28 10:03:00.000000000,99949,195,99761,195,100081,195,99760,195,100091,195,99747,195,100128,195,99743,195,100146,195,99740,195,100148,100,99681,100,100283,100,99585,100,100345,100,99425,100,100460,100,99221,100,100558,100,98924,100
2019-06-28 10:03:06.609427385,99949,195,99761,195,100081,195,99760,195,100091,195,99747,195,100128,195,99743,195,100146,195,99740,195,100148,100,99681,100,100283,100,99585,100,100345,100,99425,100,100460,100,99221,100,100558,100,99165,100
2019-06-28 10:03:10.000000000,99949,219,99761,219,100081,219,99760,219,100091,219,99747,219,100128,219,99743,219,100146,100,99740,100,100148,100,99681,100,100283,100,99585,100,100345,100,99425,100,100460,100,99221,100,100558,100,99165,100
2019-06-28 10:03:17.723172518,99949,219,99761,219,100081,219,99760,219,100091,219,99747,219,100128,219,99743,219,100146,100,99740,100,100148,100,99681,100,100283,100,99585,100,100345,100,99425,100,100460,100,99294,100,100558,100,99221,100
2019-06-28 10:03:20.000000000,99949,195,99761,195,100081,195,99760,195,100091,195,99747,195,100128,195,99743,195,100146,195,99740,195,100148,100,99681,100,100283,100,99585,100,100345,100,99425,100,100460,100,99294,100,100558,100,99221,100
2019-06-28 10:03:30.000000000,99949,577,99761,577,100081,100,99760,100,100091,100,99747,100,100128,100,99743,100,100146,100,99740,100,100148,100,99681,100,100283,100,99585,100,100345,100,99425,100,100460,100,99294,100,100558,100,99221,100
2019-06-28 10:03:38.339220836,99949,577,99761,577,100081,100,99760,100,100091,100,99747,100,100146,100,99743,100,100148,100,99740,100,100283,100,99681,100,100345,100,99585,100,100460,100,99425,100,100558,100,99294,100,,,99221,100
2019-06-28 10:03:40.000000000,99949,195,99761,195,100081,195,99760,195,100091,195,99747,195,100146,195,99743,195,100148,195,99740,195,100283,100,99681,100,100345,100,99585,100,100460,100,99425,100,100558,100,99294,100,,,99221,100
2019-06-28 10:03:50.000000000,99949,195,99761,195,100081,195,99760,195,100091,195,99747,195,100146,195,99743,195,100148,195,99740,195,100283,100,99681,100,100345,100,99585,100,100460,100,99425,100,100558,100,99294,100,,,99221,100
2019-06-28 10:04:00.000000000,99949,219,99761,219,100081,219,99760,219,100091,219,99747,219,100146,219,99743,219,100148,100,99740,100,100283,100,99681,100,100345,100,99585,100,100460,100,99425,100,100558,100,99294,100,,,99221,100
2019-06-28 10:04:10.000000000,99949,262,99761,262,100081,257,99760,257,100091,257,99747,257,100146,100,99743,100,100148,100,99740,100,100283,100,99681,100,100345,100,99585,100,100460,100,99425,100,100558,100,99294,100,,,99221,100
2019-06-28 10:04:20.000000000,99949,195,99761,195,100081,195,99760,195,100091,195,99747,195,100146,195,99743,195,100148,195,99740,195,100283,100,99681,100,100345,100,99585,100,100460,100,99425,100,100558,100,99294,100,,,99221,100
2019-06-28 10:04:27.038095125,99949,195,99761,95,100081,195,99760,195,100091,195,99747,195,100146,195,99743,195,100148,195,99740,195,100283,100,99681,100,100345,100,99585,100,100460,100,99425,100,100558,100,99294,100,,,99221,100
2019-06-28 10:04:29.886629747,99850,100,99761,95,99949,195,99760,195,100081,195,99747,195,100091,195,99743,195,100146,195,99740,195,100148,195,99681,100,100283,100,99585,100,100345,100,99425,100,100460,100,99294,100,100558,100,99221,100
2019-06-28 10:04:30.000000000,99850,262,99760,262,99949,257,99747,257,100081,257,99743,257,100091,100,99740,100,100146,100,99681,100,100148,100,99585,100,100283,100,99425,100,100345,100,99294,100,100460,100,99221,100,100558,100,99115,100
2019-06-28 10:04:40.000000000,99850,577,99760,577,99949,100,99747,100,100081,100,99743,100,100091,100,99740,100,100146,100,99681,100,100148,100,99585,100,100283,100,99425,100,100345,100,99294,100,100460,100,99221,100,100558,100,99115,100
2019-06-28 10:04:50.000000000,99850,195,99760,195,99949,195,99747,195,100081,195,99743,195,100091,195,99740,195,100146,195,99681,195,100148,100,99585,100,100283,100,99425,100,100345,100,99294,100,100460,100,99221,100,100558,100,99115,100
2019-06-28 10:04:59.096847722,99850,195,99760,195,99949,195,99747,195,100081,195,99743,195,100091,195,99740,195,100146,195,99681,195,100148,100,99585,100,100283,100,99567,100,100345,100,99425,100,100460,100,99294,100,100558,100,99221,100
2019-06-28 10:05:00.000000000,99850,577,99760,577,99949,100,99747,100,100081,100,99743,100,100091,100,99740,100,100146,100,99681,100,100148,100,99585,100,100283,100,99567,100,100345,100,99425,100,100460,100,99294,100,100558,100,99221,100
2019-06-28 10:05:02.394414812,99850,577,99760,577,99917,100,99747,100,99949,100,99743,100,100081,100,99740,100,100091,100,99681,100,100146,100,99585,100,100148,100,99567,100,100283,100,99425,100,100345,100,99294,100,100460,100,99221,100
2019-06-28 10:05:05.850834688,99850,477,99760,577,99917,100,99747,100,99949,100,99743,100,100081,100,99740,100,100091,100,99681,100,100146,100,99585,100,100148,100,99567,100,100283,100,99425,100,100345,100,99294,100,100460,100,99221,100
2019-06-28 10:05:10.000000000,99917,577,99760,577,99949,100,99747,100,100081,100,99743,100,100091,100,99740,100,100146,100,99681,100,100148,100,99585,100,100283,100,99567,100,100345,100,99425,100,100460,100,99294,100,100558,100,99221,100
2019-06-28 10:05:20.000000000,99917,262,99760,262,99949,257,99747,257,100081,257,99743,257,100091,100,99740,100,100146,100,99681,100,100148,100,99585,100,100283,100,99567,100,100345,100,99425,100,100460,100,99294,100,100558,100,99221,100
2019-06-28 10:05:30.000000000,99917,262,99760,262,99949,257,99747,257,100081,257,99743,257,100091,100,99740,100,100146,100,99681,100,100148,100,99585,100,100283,100,99567,100,100345,100,99425,100,100460,100,99294,100,100558,100,99221,100
2019-06-28 10:05:40.000000000,99917,338,99760,338,99949,338,99747,338,100081,100,99743,100,100091,100,99740,100,100146,100,99681,100,100148,100,99585,100,100283,100,99567,100,100345,100,99425,100,100460,100,99294,100,100558,100,99221,100
2019-06-28 10:05:50.000000000,99917,195,99760,195,99949,195,99747,195,100081,195,99743,195,100091,195,99740,195,100146,195,99681,195,100148,100,99585,100,100283,100,99567,100,100345,100,99425,100,100460,100,99294,100,100558,100,99221,100
2019-06-28 10:06:00.000000000,99917,262,99760,262,99949,257,99747,257,100081,257,99743,257,100091,100,99740,100,100146,100,99681,100,100148,100,99585,100,100283,100,99567,100,100345,100,99425,100,100460,100,99294,100,100558,100,99221,100
2019-06-28 10:06:02.726960375,99917,262,99760,262,99949,257,99747,257,100081,257,99743,257,100091,100,99740,100,100146,100,99681,100,100148,100,99567,100,100283,100,99425,100,100340,100,99294,100,100345,100,99221,100,100460,100,99115,100
2019-06-28 10:06:10.000000000,99917,577,99760,577,99949,100,99747,100,100081,100,99743,100,100091,100,99740,100,100146,100,99681,100,100148,100,99567,100,100283,100,99425,100,100340,100,99294,100,100345,100,99221,100,100460,100,99115,100
2019-06-28 10:06:12.913447567,99917,377,99760,577,99949,100,99747,100,100081,100,99743,100,100091,100,99740,100,100146,100,99681,100,100148,100,99567,100,100283,100,99425,100,100340,100,99294,100,100345,100,99221,100,100460,100,99115,100
2019-06-28 10:06:20.000000000,99949,577,99760,577,100081,100,99747,100,100091,100,99743,100,100146,100,99740,100,100148,100,99681,100,100283,100,99567,100,100340,100,99425,100,100345,100,99294,100,100460,100,99221,100,100558,100,99115,100
2019-06-28 10:06:30.000000000,99949,577,99760,577,100081,100,99747,100,100091,100,99743,100,100146,100,99740,100,100148,100,99681,100,100283,100,99567,100,100340,100,99425,100,100345,100,99294,100,100460,100,99221,100,100558,100,99115,100
2019-06-28 10:06:40.000000000,99949,262,99760,262,100081,257,99747,257,100091,257,99743,257,100146,100,99740,100,100148,100,99681,100,100283,100,99567,100,100340,100,99425,100,100345,100,99294,100,100460,100,99221,100,100558,100,99115,100
2019-06-28 10:06:50.000000000,99949,338,99760,338,100081,338,99747,338,100091,100,99743,100,100146,100,99740,100,100148,100,99681,100,100283,100,99567,100,100340,100,99425,100,100345,100,99294,100,100460,100,99221,100,100558,100,99115,100
2019-06-28 10:07:00.000000000,99949,262,99760,262,100081,257,99747,257,100091,257,99743,257,100146,100,99740,100,100148,100,99681,100,100283,100,99567,100,100340,100,99425,100,100345,100,99294,100,100460,100,99221,100,100558,100,99115,100
2019-06-28 10:07:09.706253724,99799,100,99760,262,99949,262,99747,257,100081,257,99743,257,100091,257,99740,100,100146,100,99681,100,100148,100,99425,100,100283,100,99294,100,100340,100,99221,100,100345,100,99115,100,100460,100,98924,100
2019-06-28 10:07:10.000000000,99799,219,99760,219,99949,219,99747,219,100081,219,99743,219,100091,219,99740,219,100146,100,99681,100,100148,100,99425,100,100283,100,99294,100,100340,100,99221,100,100345,100,99115,100,100460,100,98924,100
2019-06-28 10:07:20.000000000,99799,338,99760,338,99949,338,99747,338,100081,100,99743,100,100091,100,99740,100,100146,100,99681,100,100148,100,99425,100,100283,100,99294,100,100340,100,99221,100,100345,100,99115,100,100460,100,98924,100
2019-06-28 10:07:30.000000000,99799,219,99760,219,99949,219,99747,219,100081,219,99743,219,100091,219,99740,219,100146,100,99681,100,100148,100,99425,100,100283,100,99294,100,100340,100,99221,100,100345,100,99115,100,100460,100,98924,100
2019-06-28 10:07:37.456543482,99799,219,99761,100,99949,219,99760,219,100081,219,99747,219,100091,219,99743,219,100146,100,99740,219,100148,100,99681,100,100283,100,99425,100,100340,100,99294,100,100345,100,99221,100,100460,100,99115,100
2019-06-28 10:07:40.000000000,99799,195,99761,195,99949,195,99760,195,100081,195,99747,195,100091,195,99743,195,100146,195,99740,195,100148,100,99681,100,100283,100,99425,100,100340,100,99294,100,100345,100,99221,100,100460,100,99115,100
2019-06-28 10:07:50.000000000,99799,577,99761,577,99949,100,99760,100,100081,100,99747,100,100091,100,99743,100,100146,100,99740,100,100148,100,99681,100,100283,100,99425,100,100340,100,99294,100,100345,100,99221,100,100460,100,99115,100
2019-06-28 10:07:50.738009368,99799,577,99761,577,99949,100,99760,100,100081,100,99747,100,100091,100,99743,100,100094,100,99740,100,100146,100,99681,100,100283,100,99425,100,100340,100,99294,100,100345,100,99221,100,100460,100,99115,100
2019-06-28 10:08:00.000000000,99799,219,99761,219,99949,219,99760,219,100081,219,99747,219,100091,219,99743,219,100094,100,99740,100,100146,100,99681,100,100283,100,99425,100,100340,100,99294,100,100345,100,99221,100,100460,100,99115,100
2019-06-28 10:08:10.000000000,99799,577,99761,577,99949,100,99760,100,100081,100,99747,100,100091,100,99743,100,100094,100,99740,100,100146,100,99681,100,100283,100,99425,100,100340,100,99294,100,100345,100,99221,100,100460,100,99115,100
2019-06-28 10:08:20.000000000,99799,577,99761,577,99949,100,99760,100,100081,100,99747,100,100091,100,99743,100,100094,100,99740,100,100146,100,99681,100,100283,100,99425,100,100340,100,99294,100,100345,100,99221,100,100460,100,99115,100
2019-06-28 10:08:23.564206788,99799,477,99761,577,99949,100,99760,100,100081,100,99747,100,100091,100,99743,100,100094,100,99740,100,100146,100,99681,100,100283,100,99425,100,100340,100,99294,100,100345,100,99221,100,100460,100,99115,100
2019-06-28 10:08:30.000000000,99949,219,99761,219,100081,219,99760,219,100091,219,99747,219,100094,219,99743,219,100146,100,99740,100,100283,100,99681,100,100340,100,99425,100,100345,100,99294,100,100460,100,99221,100,100558,100,99115,100
2019-06-28 10:08:40.000000000,99949,195,99761,195,100081,195,99760,195,100091,195,99747,195,100094,195,99743,195,100146,195,99740,195,100283,100,99681,100,100340,100,99425,100,100345,100,99294,100,100460,100,99221,100,100558,100,99115,100
2019-06-28 10:08:47.281890299,99949,195,99761,195,100081,195,99760,195,100091,195,99747,195,100094,195,99743,195,100146,195,99740,195,100190,100,99681,100,100283,100,99425,100,100340,100,99294,100,100345,100,99221,100,100460,100,99115,100
2019-06-28 10:08:50.000000000,99949,219,99761,219,100081,219,99760,219,100091,219,99747,219,100094,219,99743,219,100146,100,99740,100,100190,100,99681,100,100283,100,99425,100,100340,100,99294,100,100345,100,99221,100,100460,100,99115,100
2019-06-28 10:09:00.000000000,99949,219,99761,219,100081,219,99760,219,100091,219,99747,219,100094,219,99743,219,100146,100,99740,100,100190,100,99681,100,100283,100,99425,100,100340,100,99294,100,100345,100,99221,100,100460,100,99115,100
2019-06-28 10:09:10.000000000,99949,577,99761,577,100081,100,99760,100,100091,100,99747,100,100094,100,99743,100,100146,100,99740,100,100190,100,99681,100,100283,100,99425,100,100340,100,99294,100,100345,100,99221,100,100460,100,99115,100
2019-06-28 10:09:11.756696678,99949,577,99761,577,100081,100,99760,100,100091,100,99747,100,100094,100,99743,100,100146,100,99740,100,100190,100,99681,100,100245,100,99425,100,100283,100,99294,100,100340,100,99221,100,100345,100,99115,100
2019-06-28 10:09:18.045817831,99949,577,99761,577,100081,100,99760,100,100091,100,99743,100,100094,100,99740,100,100138,100,99681,100,100146,100,99425,100,100190,100,99294,100,100245,100,99221,100,100283,100,99115,100,100340,100,98924,100
2019-06-28 10:09:20.000000000,99949,338,99761,338,100081,338,99760,338,100091,100,99743,100,100094,100,99740,100,100138,100,99681,100,100146,100,99425,100,100190,100,99294,100,100245,100,99221,100,100283,100,99115,100,100340,100,98924,100
