,ask_price_1,ask_size_1,bid_price_1,bid_size_1,ask_price_2,ask_size_2,bid_price_2,bid_size_2,ask_price_3,ask_size_3,bid_price_3,bid_size_3,ask_price_4,ask_size_4,bid_price_4,bid_size_4,ask_price_5,ask_size_5,bid_price_5,bid_size_5,ask_price_6,ask_size_6,bid_price_6,bid_size_6,ask_price_7,ask_size_7,bid_price_7,bid_size_7,ask_price_8,ask_size_8,bid_price_8,bid_size_8,ask_price_9,ask_size_9,bid_price_9,bid_size_9,ask_price_10,ask_size_10,bid_price_10,bid_size_10
2019-06-28 09:30:00.000000001,100073,100,,,100170,100,,,,,,,,,,,,,,,,,,,,,,,,,,,,,,,,,,
2019-06-28 09:30:00.000000002,100068,100,,,100073,100,,,100170,100,,,,,,,,,,,,,,,,,,,,,,,,,,,,,,
2019-06-28 09:30:00.000000005,100068,100,100032,100,100073,100,,,100170,100,,,,,,,,,,,,,,,,,,,,,,,,,,,,,,
2019-06-28 09:30:00.000000006,100068,100,100032,100,100073,100,100008,100,100170,100,,,,,,,,,,,,,,,,,,,,,,,,,,,,,,
2019-06-28 09:30:00.000000007,100068,100,100032,100,100073,100,100008,100,100111,100,99936,100,100170,100,,,,,,,,,,,,,,,,,,,,,,,,,,
2019-06-28 09:30:00.000000008,100068,100,100008,100,100073,100,99936,100,100111,100,,,100170,100,,,,,,,,,,,,,,,,,,,,,,,,,,
2019-06-28 09:30:00.000000009,100068,100,100008,100,100073,100,99936,100,100098,100,,,100111,100,,,100170,100,,,,,,,,,,,,,,,,,,,,,,
2019-06-28 09:30:00.000000010,100068,100,100008,100,100073,100,100001,100,100098,100,99936,100,100111,100,,,100170,100,,,,,,,,,,,,,,,,,,,,,,
2019-06-28 09:30:00.000000011,100056,100,100008,100,100068,100,100001,100,100073,100,99936,100,100098,100,,,100111,100,,,100170,100,,,,,,,,,,,,,,,,,,
2019-06-28 09:30:00.000000012,100027,100,100008,100,100056,100,100001,100,100068,100,99936,100,100073,100,,,100098,100,,,100111,100,,,100170,100,,,,,,,,,,,,,,
2019-06-28 09:30:00.000000013,100027,100,100008,100,100056,100,100001,100,100068,100,99997,100,100073,100,99936,100,100098,100,,,100111,100,,,100170,100,,,,,,,,,,,,,,
2019-06-28 09:30:00.000000014,100029,100,100008,100,100056,100,100001,100,100068,100,99997,100,100073,100,99936,100,100098,100,,,100111,100,,,100170,100,,,,,,,,,,,,,,
2019-06-28 09:30:00.000000015,100028,100,100008,100,100029,100,100001,100,100056,100,99997,100,100068,100,99936,100,100073,100,,,100098,100,,,100111,100,,,100170,100,,,,,,,,,,
2019-06-28 09:30:00.000000017,100028,100,100008,100,100029,100,100001,100,100056,100,99997,100,100068,100,99936,100,100073,100,,,100098,100,,,100111,100,,,100118,100,,,100170,100,,,,,,
2019-06-28 09:30:00.000000018,100028,100,100008,100,100029,100,100001,100,100056,100,99997,100,100068,100,99936,100,100073,100,99885,100,100098,100,,,100111,100,,,100118,100,,,100170,100,,,,,,
2019-06-28 09:30:00.000000019,100028,100,100001,100,100029,100,99997,100,100056,100,99936,100,100068,100,99885,100,100073,100,,,100098,100,,,100111,100,,,100118,100,,,100170,100,,,,,,
2019-06-28 09:30:00.000000020,100028,100,100001,100,100029,100,99997,100,100056,100,99936,100,100068,100,99885,100,100073,100,,,100098,100,,,100111,100,,,100118,100,,,100170,100,,,100222,100,,
2019-06-28 09:30:00.000000026,100028,100,100001,100,100029,100,99997,100,100056,100,99936,100,100068,100,99909,100,100073,100,99885,100,100098,100,,,100111,100,,,100118,100,,,100120,100,,,100170,100,,
2019-06-28 09:30:00.000000027,100028,100,100001,100,100029,100,99997,100,100045,100,99936,100,100056,100,99909,100,100068,100,99885,100,100073,100,,,100098,100,,,100111,100,,,100118,100,,,100120,100,,
2019-06-28 09:30:00.000000030,100028,100,100008,100,100029,100,100001,100,100045,100,99997,100,100056,100,99936,100,100068,100,99909,100,100073,100,99885,100,100098,100,,,100111,100,,,100118,100,,,100120,100,,
2019-06-28 09:30:00.000000033,100021,100,100008,200,100028,100,100001,100,100029,100,99997,100,100045,100,99936,100,100056,100,99909,100,100068,100,99885,100,100073,100,,,100098,100,,,100111,100,,,100118,100,,
2019-06-28 09:30:00.000000034,100021,100,100008,200,100028,100,100001,100,100029,100,99997,100,100045,100,99936,100,100056,100,99910,100,100068,100,99909,100,100073,100,99885,100,100098,100,,,100111,100,,,100118,100,,
2019-06-28 09:30:00.000000035,100021,100,100008,200,100028,100,100001,100,100029,100,99997,100,100045,100,99949,100,100056,100,99936,100,100068,100,99910,100,100073,100,99909,100,100098,100,99885,100,100111,100,,,100118,100,,
2019-06-28 09:30:00.000000036,100028,100,100008,200,100029,100,100001,100,100045,100,99997,100,100056,100,99949,100,100068,100,99936,100,100073,100,99910,100,100098,100,99909,100,100111,100,99885,100,100118,100,,,100120,100,,
2019-06-28 09:30:00.000000038,100028,100,100008,200,100029,100,100001,100,100045,100,99997,100,100056,100,99949,100,100068,100,99936,100,100073,100,99922,100,100098,100,99910,100,100111,100,99909,100,100118,100,99885,100,100120,100,,
2019-06-28 09:30:00.000000039,100021,100,100008,200,100028,100,100001,100,100029,100,99997,100,100045,100,99949,100,100056,100,99936,100,100068,100,99922,100,100073,100,99910,100,100098,100,99909,100,100111,100,99885,100,100118,100,,
2019-06-28 09:30:00.000000042,100021,100,100008,200,100028,100,100001,100,100029,100,99997,100,100045,100,99949,100,100056,100,99936,100,100066,100,99922,100,100068,100,99910,100,100073,100,99909,100,100098,100,99885,100,100111,100,,
2019-06-28 09:30:00.000000043,100021,200,100008,200,100028,100,100001,100,100029,100,99997,100,100045,100,99949,100,100056,100,99936,100,100066,100,99922,100,100068,100,99910,100,100073,100,99909,100,100098,100,99885,100,100111,100,,
2019-06-28 09:30:00.000000044,100021,200,100009,100,100028,100,100008,200,100029,100,100001,100,100045,100,99997,100,100056,100,99949,100,100066,100,99936,100,100068,100,99922,100,100073,100,99910,100,100098,100,99909,100,100111,100,99885,100
2019-06-28 09:30:00.000000050,100021,200,100009,100,100028,100,100008,200,100029,100,100001,100,100045,100,99997,100,100056,100,99962,100,100066,100,99949,100,100068,100,99936,100,100073,100,99922,100,100098,100,99910,100,100111,100,99909,100
2019-06-28 09:30:00.000000051,100021,200,100009,100,100024,100,100008,200,100028,100,100001,100,100029,100,99997,100,100045,100,99962,100,100056,100,99949,100,100066,100,99936,100,100068,100,99922,100,100073,100,99910,100,100098,100,99909,100
2019-06-28 09:30:00.000000052,100021,200,100009,200,100024,100,100008,200,100028,100,100001,100,100029,100,99997,100,100045,100,99962,100,100056,100,99949,100,100066,200,99936,100,100068,100,99922,100,100073,100,99910,100,100098,100,99909,100
2019-06-28 09:30:00.000000055,100021,200,100009,200,100024,100,100008,200,100028,100,100001,100,100029,100,99997,100,100038,100,99962,100,100045,100,99949,100,100056,100,99936,100,100066,200,99922,100,100068,100,99910,100,100073,100,99909,100
2019-06-28 09:30:00.000000057,100021,200,100009,200,100024,100,100008,200,100028,100,100001,100,100029,100,99997,100,100038,100,99962,100,100045,100,99949,100,100056,100,99936,100,100066,200,99922,100,100068,100,99915,100,100073,100,99910,100
2019-06-28 09:30:00.000000063,100021,200,100009,200,100024,100,100008,200,100028,100,100001,100,100029,100,99997,100,100038,100,99962,100,100045,100,99949,100,100056,100,99936,100,100066,200,99922,100,100068,100,99915,100,100073,100,99910,100
2019-06-28 09:30:00.000000066,100021,200,100009,200,100024,100,100008,200,100028,100,100001,100,100029,100,99997,100,100038,100,99962,100,100045,100,99949,100,100056,100,99936,100,100066,200,99922,100,100068,100,99915,100,100073,100,99910,100
2019-06-28 09:30:00.000000068,100021,300,100009,200,100024,100,100008,200,100028,100,100001,100,100029,100,99997,100,100038,100,99962,100,100045,100,99949,100,100056,100,99936,100,100066,200,99922,100,100068,100,99915,100,100073,100,99910,100
2019-06-28 09:30:00.000000071,100021,300,100009,300,100024,100,100008,200,100028,100,100001,100,100029,100,99997,100,100038,100,99993,100,100045,100,99962,100,100056,100,99949,100,100066,200,99936,100,100068,100,99922,100,100073,100,99915,100
2019-06-28 09:30:00.000000073,100021,300,100009,200,100024,100,100008,200,100028,100,100001,100,100029,100,99997,100,100038,100,99993,100,100045,100,99962,100,100056,100,99949,100,100066,200,99936,100,100068,100,99922,100,100073,100,99915,100
2019-06-28 09:30:00.000000075,100021,300,100009,200,100024,100,100008,200,100028,100,100001,100,100029,100,99997,100,100038,100,99993,100,100045,100,99962,100,100056,100,99949,100,100065,100,99936,100,100066,200,99922,100,100068,100,99915,100
2019-06-28 09:30:00.000000079,100021,300,100009,200,100024,100,100008,200,100028,100,100001,100,100029,100,99997,100,100038,100,99993,100,100045,100,99966,100,100056,100,99962,100,100065,100,99949,100,100066,200,99936,100,100068,100,99922,100
2019-06-28 09:30:00.000000081,100021,300,100009,200,100024,100,100008,200,100028,100,100001,100,100029,100,99997,100,100038,100,99993,100,100045,100,99966,100,100056,100,99962,100,100065,100,99949,100,100066,200,99936,100,100068,100,99922,100
2019-06-28 09:30:00.000000082,100021,300,100009,200,100024,100,100008,200,100028,100,100001,100,100029,100,99997,100,100038,100,99993,100,100045,100,99966,100,100056,100,99962,100,100064,100,99949,100,100065,100,99936,100,100066,200,99922,100
2019-06-28 09:30:00.000000083,100021,200,100009,200,100024,100,100008,200,100028,100,100001,100,100029,100,99997,100,100038,100,99993,100,100045,100,99966,100,100056,100,99962,100,100064,100,99949,100,100065,100,99936,100,100066,200,99922,100
2019-06-28 09:30:00.000000084,100021,200,100009,200,100024,100,100008,200,100028,100,100001,100,100029,100,99997,100,100038,100,99993,100,100045,100,99966,100,100056,100,99962,100,100062,100,99949,100,100064,100,99936,100,100065,100,99922,100
2019-06-28 09:30:00.000000085,100021,200,100009,200,100024,100,100008,200,100028,100,100001,100,100029,100,99997,100,100038,100,99993,100,100045,100,99966,100,100056,100,99962,100,100062,100,99949,100,100064,100,99936,100,100065,100,99935,100
2019-06-28 09:30:00.000000088,100021,200,100009,200,100024,100,100008,200,100028,100,100001,100,100029,100,99997,100,100038,100,99993,100,100045,100,99966,100,100056,100,99962,100,100062,100,99949,100,100064,100,99936,100,100065,100,99935,100
2019-06-28 09:30:00.000000090,100021,200,100009,200,100024,100,100008,200,100028,100,100001,100,100029,100,99997,100,100038,100,99993,100,100045,100,99966,100,100056,100,99962,100,100062,100,99949,100,100064,100,99936,100,100065,100,99935,100
2019-06-28 09:30:00.000000092,100021,200,100009,100,100024,100,100008,200,100028,100,100001,100,100029,100,99997,100,100038,100,99994,100,100045,100,99993,100,100056,100,99966,100,100062,100,99962,100,100064,100,99949,100,100065,100,99936,100
2019-06-28 09:30:00.000000094,100021,300,100009,100,100024,100,100008,200,100028,100,100001,100,100029,100,99997,100,100038,100,99994,100,100045,100,99993,100,100056,100,99966,100,100062,100,99962,100,100064,100,99949,100,100065,100,99936,100
2019-06-28 09:30:00.000000095,100021,300,100008,200,100024,100,100001,100,100028,100,99997,100,100029,100,99994,100,100038,100,99993,100,100045,100,99966,100,100056,100,99962,100,100062,100,99949,100,100064,100,99936,100,100065,100,99935,100
2019-06-28 09:30:00.000000096,100021,300,100008,200,100024,100,100001,100,100028,100,99997,100,100029,100,99994,100,100038,100,99993,100,100045,100,99966,100,100056,100,99962,100,100062,100,99949,100,100064,100,99936,100,100065,100,99935,100
2019-06-28 09:30:10.000000000,100021,522,100008,422,100024,322,100001,322,100028,100,99997,100,100029,100,99994,100,100038,100,99993,100,100045,100,99966,100,100056,100,99962,100,100062,100,99949,100,100064,100,99936,100,100065,100,99935,100
2019-06-28 09:30:20.000000000,100021,744,100008,644,100024,100,100001,100,100028,100,99997,100,100029,100,99994,100,100038,100,99993,100,100045,100,99966,100,100056,100,99962,100,100062,100,99949,100,100064,100,99936,100,100065,100,99935,100
2019-06-28 09:30:30.000000000,100021,451,100008,351,100024,247,100001,247,100028,247,99997,247,100029,100,99994,100,100038,100,99993,100,100045,100,99966,100,100056,100,99962,100,100062,100,99949,100,100064,100,99936,100,100065,100,99935,100
2019-06-28 09:30:38.937875006,100021,451,100008,251,100024,247,100001,247,100028,247,99997,247,100029,100,99994,100,100038,100,99993,100,100045,100,99966,100,100056,100,99962,100,100062,100,99949,100,100064,100,99936,100,100065,100,99935,100
2019-06-28 09:30:39.540781269,100021,451,100008,251,100024,247,100001,247,100028,247,99997,247,100029,100,99994,100,100038,100,99993,100,100045,100,99966,100,100056,100,99962,100,100062,100,99949,100,100064,100,99936,100,100065,100,99935,100
2019-06-28 09:30:40.000000000,100021,389,100008,189,100024,189,100001,189,100028,189,99997,189,100029,189,99994,189,100038,189,99993,189,100045,100,99966,100,100056,100,99962,100,100062,100,99949,100,100064,100,99936,100,100065,100,99935,100
2019-06-28 09:30:50.000000000,100021,389,100008,189,100024,189,100001,189,100028,189,99997,189,100029,189,99994,189,100038,189,99993,189,100045,100,99966,100,100056,100,99962,100,100062,100,99949,100,100064,100,99936,100,100065,100,99935,100
2019-06-28 09:31:00.000000000,100021,451,100008,251,100024,247,100001,247,100028,247,99997,247,100029,100,99994,100,100038,100,99993,100,100045,100,99966,100,100056,100,99962,100,100062,100,99949,100,100064,100,99936,100,100065,100,99935,100
2019-06-28 09:31:06.034151410,100021,451,100008,251,100024,247,100001,247,100028,247,99997,247,100029,100,99994,100,100038,100,99993,100,100045,100,99989,100,100056,100,99966,100,100062,100,99962,100,100064,100,99949,100,100065,100,99936,100
2019-06-28 09:31:08.604628198,100021,451,100008,251,100024,247,100001,247,100026,100,99997,247,100028,247,99994,100,100029,100,99993,100,100038,100,99989,100,100045,100,99966,100,100056,100,99962,100,100062,100,99949,100,100064,100,99936,100
2019-06-28 09:31:10.000000000,100021,389,100008,189,100024,189,100001,189,100026,189,99997,189,100028,189,99994,189,100029,189,99993,189,100038,100,99989,100,100045,100,99966,100,100056,100,99962,100,100062,100,99949,100,100064,100,99936,100
2019-06-28 09:31:20.000000000,100021,522,100008,322,100024,322,100001,322,100026,100,99997,100,100028,100,99994,100,100029,100,99993,100,100038,100,99989,100,100045,100,99966,100,100056,100,99962,100,100062,100,99949,100,100064,100,99936,100
2019-06-28 09:31:30.000000000,100021,389,100008,189,100024,189,100001,189,100026,189,99997,189,100028,189,99994,189,100029,189,99993,189,100038,100,99989,100,100045,100,99966,100,100056,100,99962,100,100062,100,99949,100,100064,100,99936,100
2019-06-28 09:31:40.000000000,100021,744,100008,544,100024,100,100001,100,100026,100,99997,100,100028,100,99994,100,100029,100,99993,100,100038,100,99989,100,100045,100,99966,100,100056,100,99962,100,100062,100,99949,100,100064,100,99936,100
2019-06-28 09:31:50.000000000,100021,522,100008,322,100024,322,100001,322,100026,100,99997,100,100028,100,99994,100,100029,100,99993,100,100038,100,99989,100,100045,100,99966,100,100056,100,99962,100,100062,100,99949,100,100064,100,99936,100
2019-06-28 09:32:00.000000000,100021,451,100008,251,100024,247,100001,247,100026,247,99997,247,100028,100,99994,100,100029,100,99993,100,100038,100,99989,100,100045,100,99966,100,100056,100,99962,100,100062,100,99949,100,100064,100,99936,100
2019-06-28 09:32:08.732795459,100021,451,100008,151,100024,247,100001,247,100026,247,99997,247,100028,100,99994,100,100029,100,99993,100,100038,100,99989,100,100045,100,99962,100,100056,100,99949,100,100062,100,99936,100,100064,100,99935,100
2019-06-28 09:32:10.000000000,100021,451,100001,251,100024,247,99997,247,100026,247,99994,247,100028,100,99993,100,100029,100,99989,100,100038,100,99962,100,100045,100,99949,100,100056,100,99936,100,100062,100,99935,100,100064,100,99922,100
2019-06-28 09:32:20.000000000,100021,389,100001,189,100024,189,99997,189,100026,189,99994,189,100028,189,99993,189,100029,189,99989,189,100038,100,99962,100,100045,100,99949,100,100056,100,99936,100,100062,100,99935,100,100064,100,99922,100
2019-06-28 09:32:22.424956300,100021,389,100001,89,100024,189,99997,189,100026,189,99994,189,100028,189,99993,189,100029,189,99989,89,100038,100,99962,100,100045,100,99949,100,100056,100,99936,100,100062,100,99935,100,100064,100,99922,100
2019-06-28 09:32:29.797675128,100001,11,99997,189,100021,389,99994,189,100024,189,99993,189,100026,189,99989,89,100028,189,99962,100,100029,189,99949,100,100038,100,99936,100,100045,100,99935,100,100062,100,99922,100,100064,100,99921,100
2019-06-28 09:32:30.000000000,100001,100,99997,189,100021,389,99994,189,100024,189,99993,189,100026,189,99962,189,100028,189,99949,189,100029,100,99936,100,100038,100,99935,100,100045,100,99922,100,100062,100,99921,100,100064,100,99915,100
2019-06-28 09:32:38.778659020,100001,100,99997,189,100021,389,99994,189,100024,189,99993,189,100026,189,99962,189,100028,189,99949,189,100029,100,99936,100,100038,100,99935,100,100045,100,99922,100,100062,100,99921,100,100064,100,99915,100
2019-06-28 09:32:40.000000000,100001,122,99997,211,100021,411,99994,211,100024,211,99993,211,100026,211,99962,211,100028,100,99949,100,100029,100,99936,100,100038,100,99935,100,100045,100,99922,100,100062,100,99921,100,100064,100,99915,100
2019-06-28 09:32:40.574553844,100001,122,99997,111,100021,411,99994,211,100024,211,99993,111,100026,211,99962,211,100028,100,99949,100,100029,100,99936,100,100038,100,99935,100,100045,100,99922,100,100062,100,99921,100,100064,100,99915,100
2019-06-28 09:32:49.897608519,100001,122,99997,11,100021,411,99994,211,100024,211,99993,111,100026,211,99962,211,100028,100,99949,100,100029,100,99936,100,100038,100,99935,100,100045,100,99922,100,100062,100,99921,100,100064,100,99915,100
2019-06-28 09:32:50.000000000,100001,122,99994,211,100021,411,99962,211,100024,211,99949,211,100026,211,99936,211,100028,100,99935,100,100029,100,99922,100,100038,100,99921,100,100045,100,99915,100,100062,100,99910,100,100064,100,99885,100
2019-06-28 09:33:00.000000000,100001,455,99994,544,100021,300,99962,100,100024,100,99949,100,100026,100,99936,100,100028,100,99935,100,100029,100,99922,100,100038,100,99921,100,100045,100,99915,100,100062,100,99910,100,100064,100,99885,100
2019-06-28 09:33:10.000000000,100001,122,99994,211,100021,411,99962,211,100024,211,99949,211,100026,211,99936,211,100028,100,99935,100,100029,100,99922,100,100038,100,99921,100,100045,100,99915,100,100062,100,99910,100,100064,100,99885,100
2019-06-28 09:33:20.000000000,100001,122,99994,211,100021,411,99962,211,100024,211,99949,211,100026,211,99936,211,100028,100,99935,100,100029,100,99922,100,100038,100,99921,100,100045,100,99915,100,100062,100,99910,100,100064,100,99885,100
2019-06-28 09:33:29.641936863,99997,100,99994,211,100001,122,99962,211,100021,411,99949,211,100024,211,99936,211,100026,211,99935,100,100028,100,99922,100,100029,100,99921,100,100038,100,99915,100,100045,100,99910,100,100062,100,99885,100
2019-06-28 09:33:30.000000000,99997,211,99994,211,100001,122,99962,211,100021,411,99949,211,100024,211,99936,211,100026,100,99935,100,100028,100,99922,100,100029,100,99921,100,100038,100,99915,100,100045,100,99910,100,100062,100,99885,100
2019-06-28 09:33:31.539566806,99997,211,99994,211,100001,122,99962,211,100021,411,99949,211,100024,211,99936,211,100026,100,99935,100,100028,100,99922,100,100029,100,99921,100,100038,100,99915,100,100045,100,99910,100,100062,100,99885,100
2019-06-28 09:33:40.000000000,99997,251,99994,251,100001,158,99962,247,100021,447,99949,247,100024,100,99936,100,100026,100,99935,100,100028,100,99922,100,100029,100,99921,100,100038,100,99915,100,100045,100,99910,100,100062,100,99885,100
2019-06-28 09:33:50.000000000,99997,189,99994,189,100001,100,99962,189,100021,389,99949,189,100024,189,99936,189,100026,189,99935,189,100028,100,99922,100,100029,100,99921,100,100038,100,99915,100,100045,100,99910,100,100062,100,99885,100
2019-06-28 09:34:00.000000000,99997,189,99994,189,100001,100,99962,189,100021,389,99949,189,100024,189,99936,189,100026,189,99935,189,100028,100,99922,100,100029,100,99921,100,100038,100,99915,100,100045,100,99910,100,100062,100,99885,100
2019-06-28 09:34:04.386673023,99997,189,99994,189,100001,100,99962,189,100021,389,99949,189,100024,189,99936,189,100026,189,99935,189,100028,100,99922,100,100029,100,99921,100,100038,100,99915,100,100045,100,99910,100,100062,100,99885,100
2019-06-28 09:34:08.307405620,99997,189,99994,89,100001,100,99962,189,100021,389,99949,189,100024,189,99936,189,100026,189,99935,189,100028,100,99922,100,100029,100,99921,100,100038,100,99915,100,100045,100,99910,100,100062,100,99885,100
2019-06-28 09:34:10.000000000,99997,189,99962,189,100001,100,99949,189,100021,389,99936,189,100024,189,99935,189,100026,189,99922,189,100028,100,99921,100,100029,100,99915,100,100038,100,99910,100,100045,100,99885,100,100062,100,99876,100
2019-06-28 09:34:10.530569573,99996,100,99962,189,99997,189,99949,189,100001,100,99936,189,100021,389,99935,189,100024,189,99922,189,100026,189,99921,100,100028,100,99915,100,100029,100,99910,100,100038,100,99885,100,100045,100,99876,100
2019-06-28 09:34:20.000000000,99996,251,99962,251,99997,247,99949,247,100001,158,99936,247,100021,300,99935,100,100024,100,99922,100,100026,100,99921,100,100028,100,99915,100,100029,100,99910,100,100038,100,99885,100,100045,100,99876,100
2019-06-28 09:34:30.000000000,99996,544,99962,544,99997,100,99949,100,100001,11,99936,100,100021,300,99935,100,100024,100,99922,100,100026,100,99921,100,100028,100,99915,100,100029,100,99910,100,100038,100,99885,100,100045,100,99876,100
2019-06-28 09:34:35.990185253,99996,544,99962,544,99997,100,99949,100,100001,11,99936,100,100021,300,99935,100,100024,100,99922,100,100026,100,99921,100,100028,100,99915,100,100029,100,99910,100,100038,100,99885,100,100045,100,99876,100
2019-06-28 09:34:40.000000000,99996,322,99962,322,99997,322,99949,322,100001,11,99936,100,100021,300,99935,100,100024,100,99922,100,100026,100,99921,100,100028,100,99915,100,100029,100,99910,100,100038,100,99885,100,100045,100,99876,100
2019-06-28 09:34:50.000000000,99996,544,99962,544,99997,100,99949,100,100001,11,99936,100,100021,300,99935,100,100024,100,99922,100,100026,100,99921,100,100028,100,99915,100,100029,100,99910,100,100038,100,99885,100,100045,100,99876,100
2019-06-28 09:35:00.000000000,99996,211,99962,211,99997,211,99949,211,100001,122,99936,211,100021,411,99935,211,100024,100,99922,100,100026,100,99921,100,100028,100,99915,100,100029,100,99910,100,100038,100,99885,100,100045,100,99876,100
2019-06-28 09:35:10.000000000,99996,211,99962,211,99997,211,99949,211,100001,122,99936,211,100021,411,99935,211,100024,100,99922,100,100026,100,99921,100,100028,100,99915,100,100029,100,99910,100,100038,100,99885,100,100045,100,99876,100
2019-06-28 09:35:10.339507540,99996,311,99962,211,99997,211,99949,211,100001,122,99936,211,100021,411,99935,211,100024,100,99922,100,100026,100,99921,100,100028,100,99915,100,100029,100,99910,100,100038,100,99885,100,100045,100,99876,100
2019-06-28 09:35:20.000000000,99996,311,99962,211,99997,211,99949,211,100001,122,99936,211,100021,411,99935,211,100024,100,99922,100,100026,100,99921,100,100028,100,99915,100,100029,100,99910,100,100038,100,99885,100,100045,100,99876,100
2019-06-28 09:35:30.000000000,99996,311,99962,211,99997,211,99949,211,100001,122,99936,211,100021,411,99935,211,100024,100,99922,100,100026,100,99921,100,100028,100,99915,100,100029,100,99910,100,100038,100,99885,100,100045,100,99876,100
2019-06-28 09:35:40.000000000,99996,422,99962,322,99997,322,99949,322,100001,11,99936,100,100021,300,99935,100,100024,100,99922,100,100026,100,99921,100,100028,100,99915,100,100029,100,99910,100,100038,100,99885,100,100045,100,99876,100
2019-06-28 09:35:42.883830994,99996,422,99962,322,99997,322,99949,322,100001,11,99936,100,100021,300,99935,100,100024,100,99922,100,100026,100,99921,100,100028,100,99915,100,100029,100,99910,100,100038,100,99885,100,100045,100,99876,100
2019-06-28 09:35:50.000000000,99996,644,99962,544,99997,100,99949,100,100001,11,99936,100,100021,300,99935,100,100024,100,99922,100,100026,100,99921,100,100028,100,99915,100,100029,100,99910,100,100038,100,99885,100,100045,100,99876,100
2019-06-28 09:36:00.000000000,99996,644,99962,544,99997,100,99949,100,100001,11,99936,100,100021,300,99935,100,100024,100,99922,100,100026,100,99921,100,100028,100,99915,100,100029,100,99910,100,100038,100,99885,100,100045,100,99876,100
2019-06-28 09:36:10.000000000,99996,311,99962,211,99997,211,99949,211,100001,122,99936,211,100021,411,99935,211,100024,100,99922,100,100026,100,99921,100,100028,100,99915,100,100029,100,99910,100,100038,100,99885,100,100045,100,99876,100
2019-06-28 09:36:20.000000000,99996,422,99962,322,99997,322,99949,322,100001,11,99936,100,100021,300,99935,100,100024,100,99922,100,100026,100,99921,100,100028,100,99915,100,100029,100,99910,100,100038,100,99885,100,100045,100,99876,100
2019-06-28 09:36:21.597960805,99996,322,99962,322,99997,322,99949,322,100001,11,99936,100,100021,300,99935,100,100024,100,99922,100,100026,100,99921,100,100028,100,99915,100,100029,100,99910,100,100038,100,99885,100,100045,100,99876,100
2019-06-28 09:36:30.000000000,99996,211,99962,211,99997,211,99949,211,100001,122,99936,211,100021,411,99935,211,100024,100,99922,100,100026,100,99921,100,100028,100,99915,100,100029,100,99910,100,100038,100,99885,100,100045,100,99876,100
2019-06-28 09:36:30.405152094,99995,100,99962,211,99996,211,99949,211,99997,211,99936,211,100001,122,99935,211,100021,311,99922,100,100024,100,99921,100,100026,100,99915,100,100028,100,99910,100,100029,100,99885,100,100038,100,99876,100
2019-06-28 09:36:40.000000000,99995,189,99962,189,99996,189,99949,189,99997,189,99936,189,100001,100,99935,189,100021,289,99922,189,100024,100,99921,100,100026,100,99915,100,100028,100,99910,100,100029,100,99885,100,100038,100,99876,100
2019-06-28 09:36:46.653196225,99995,189,99962,89,99996,189,99949,189,99997,189,99936,189,100001,100,99935,189,100021,289,99922,189,100024,100,99921,100,100026,100,99915,100,100028,100,99910,100,100029,100,99885,100,100038,100,99876,100
2019-06-28 09:36:50.000000000,99995,211,99949,211,99996,211,99936,211,99997,211,99935,211,100001,122,99922,211,100021,200,99921,100,100024,100,99915,100,100026,100,99910,100,100028,100,99885,100,100029,100,99876,100,100038,100,99853,100
2019-06-28 09:36:58.206327017,99995,211,99949,111,99996,211,99936,211,99997,211,99935,211,100001,122,99922,211,100021,200,99921,100,100024,100,99915,100,100026,100,99910,100,100028,100,99885,100,100029,100,99876,100,100038,100,99853,100
2019-06-28 09:37:00.000000000,99995,211,99936,211,99996,211,99935,211,99997,211,99922,211,100001,122,99921,211,100021,200,99915,100,100024,100,99910,100,100026,100,99885,100,100028,100,99876,100,100029,100,99853,100,100038,100,99824,100
2019-06-28 09:37:10.000000000,99995,251,99936,251,99996,247,99935,247,99997,247,99922,247,100001,11,99921,100,100021,200,99915,100,100024,100,99910,100,100026,100,99885,100,100028,100,99876,100,100029,100,99853,100,100038,100,99824,100
2019-06-28 09:37:20.000000000,99995,189,99936,189,99996,189,99935,189,99997,189,99922,189,100001,100,99921,189,100021,289,99915,189,100024,100,99910,100,100026,100,99885,100,100028,100,99876,100,100029,100,99853,100,100038,100,99824,100
2019-06-28 09:37:25.734120335,99962,100,99936,189,99995,189,99935,189,99996,189,99922,189,99997,189,99921,189,100001,100,99915,189,100021,289,99910,100,100024,100,99885,100,100026,100,99876,100,100028,100,99853,100,100029,100,99824,100
2019-06-28 09:37:30.000000000,99962,322,99936,322,99995,322,99935,322,99996,100,99922,100,99997,100,99921,100,100001,11,99915,100,100021,200,99910,100,100024,100,99885,100,100026,100,99876,100,100028,100,99853,100,100029,100,99824,100
2019-06-28 09:37:40.000000000,99962,544,99936,544,99995,100,99935,100,99996,100,99922,100,99997,100,99921,100,100001,11,99915,100,100021,200,99910,100,100024,100,99885,100,100026,100,99876,100,100028,100,99853,100,100029,100,99824,100
2019-06-28 09:37:50.000000000,99962,189,99936,189,99995,189,99935,189,99996,189,99922,189,99997,189,99921,189,100001,100,99915,189,100021,200,99910,100,100024,100,99885,100,100026,100,99876,100,100028,100,99853,100,100029,100,99824,100
2019-06-28 09:38:00.000000000,99962,322,99936,322,99995,322,99935,322,99996,100,99922,100,99997,100,99921,100,100001,11,99915,100,100021,200,99910,100,100024,100,99885,100,100026,100,99876,100,100028,100,99853,100,100029,100,99824,100
2019-06-28 09:38:10.000000000,99962,322,99936,322,99995,322,99935,322,99996,100,99922,100,99997,100,99921,100,100001,11,99915,100,100021,200,99910,100,100024,100,99885,100,100026,100,99876,100,100028,100,99853,100,100029,100,99824,100
2019-06-28 09:38:16.660592651,99962,322,99936,322,99995,322,99935,322,99996,100,99922,100,99997,100,99915,100,100001,11,99910,100,100021,200,99885,100,100024,100,99876,100,100026,100,99853,100,100028,100,99824,100,100029,100,99812,100
2019-06-28 09:38:20.000000000,99962,251,99936,251,99995,247,99935,247,99996,247,99922,247,99997,100,99915,100,100001,11,99910,100,100021,200,99885,100,100024,100,99876,100,100026,100,99853,100,100028,100,99824,100,100029,100,99812,100
2019-06-28 09:38:30.000000000,99962,251,99936,251,99995,247,99935,247,99996,247,99922,247,99997,100,99915,100,100001,11,99910,100,100021,200,99885,100,100024,100,99876,100,100026,100,99853,100,100028,100,99824,100,100029,100,99812,100
2019-06-28 09:38:34.962333126,99962,251,99936,251,99995,247,99935,247,99996,247,99922,247,99997,100,99910,100,100001,11,99885,100,100021,200,99876,100,100024,100,99853,100,100026,100,99824,100,100028,100,99812,100,100029,100,99643,100
2019-06-28 09:38:40.000000000,99962,189,99936,189,99995,189,99935,189,99996,189,99922,189,99997,189,99910,189,100001,100,99885,189,100021,200,99876,100,100024,100,99853,100,100026,100,99824,100,100028,100,99812,100,100029,100,99643,100
2019-06-28 09:38:42.127511871,99962,189,99936,189,99995,189,99935,189,99996,189,99922,189,99997,189,99910,189,100001,100,99885,189,100021,200,99876,100,100024,100,99853,100,100026,100,99824,100,100028,100,99812,100,100029,100,99643,200
2019-06-28 09:38:50.000000000,99962,211,99936,211,99995,211,99935,211,99996,211,99922,211,99997,211,99910,211,100001,11,99885,100,100021,200,99876,100,100024,100,99853,100,100026,100,99824,100,100028,100,99812,100,100029,100,99643,200
2019-06-28 09:39:00.000000000,99962,251,99936,251,99995,247,99935,247,99996,247,99922,247,99997,100,99910,100,100001,11,99885,100,100021,200,99876,100,100024,100,99853,100,100026,100,99824,100,100028,100,99812,100,100029,100,99643,200
2019-06-28 09:39:02.272834728,99962,151,99936,251,99995,247,99935,247,99996,247,99922,247,99997,100,99910,100,100001,11,99885,100,100021,200,99876,100,100024,100,99824,100,100026,100,99812,100,100028,100,99643,200,100029,100,99619,100
2019-06-28 09:39:10.000000000,99995,322,99936,322,99996,322,99935,322,99997,100,99922,100,100001,11,99910,100,100021,200,99885,100,100024,100,99876,100,100026,100,99824,100,100028,100,99812,100,100029,100,99643,200,100038,100,99619,100
2019-06-28 09:39:16.681695119,99995,322,99936,322,99996,322,99935,322,99997,100,99922,100,100001,11,99910,100,100021,200,99885,100,100024,100,99876,100,100026,100,99824,100,100028,100,99812,100,100029,100,99643,200,100038,100,99619,100
2019-06-28 09:39:20.000000000,99995,189,99936,189,99996,189,99935,189,99997,189,99922,189,100001,100,99910,189,100021,289,99885,189,100024,100,99876,100,100026,100,99824,100,100028,100,99812,100,100029,100,99643,200,100038,100,99619,100
2019-06-28 09:39:22.180352044,99995,189,99936,189,99996,189,99935,189,99997,189,99922,189,100001,100,99910,189,100021,389,99885,189,100024,100,99876,100,100026,100,99824,100,100028,100,99812,100,100029,100,99643,200,100038,100,99619,100
2019-06-28 09:39:30.000000000,99995,189,99936,189,99996,189,99935,189,99997,189,99922,189,100001,100,99910,189,100021,389,99885,189,100024,100,99876,100,100026,100,99824,100,100028,100,99812,100,100029,100,99643,200,100038,100,99619,100
2019-06-28 09:39:40.000000000,99995,544,99936,544,99996,100,99935,100,99997,100,99922,100,100001,11,99910,100,100021,300,99885,100,100024,100,99876,100,100026,100,99824,100,100028,100,99812,100,100029,100,99643,200,100038,100,99619,100
2019-06-28 09:39:50.000000000,99995,211,99936,211,99996,211,99935,211,99997,211,99922,211,100001,122,99910,211,100021,300,99885,100,100024,100,99876,100,100026,100,99824,100,100028,100,99812,100,100029,100,99643,200,100038,100,99619,100
2019-06-28 09:40:00.000000000,99995,251,99936,251,99996,247,99935,247,99997,247,99922,247,100001,11,99910,100,100021,300,99885,100,100024,100,99876,100,100026,100,99824,100,100028,100,99812,100,100029,100,99643,200,100038,100,99619,100
2019-06-28 09:40:10.000000000,99995,251,99936,251,99996,247,99935,247,99997,247,99922,247,100001,11,99910,100,100021,300,99885,100,100024,100,99876,100,100026,100,99824,100,100028,100,99812,100,100029,100,99643,200,100038,100,99619,100
2019-06-28 09:40:17.643394136,99995,251,99936,151,99996,247,99935,247,99997,247,99922,247,100001,11,99910,100,100021,300,99885,100,100024,100,99876,100,100026,100,99824,100,100028,100,99812,100,100029,100,99643,200,100038,100,99619,100
2019-06-28 09:40:20.000000000,99995,251,99935,251,99996,247,99922,247,99997,247,99910,247,100001,11,99885,100,100021,300,99876,100,100024,100,99824,100,100026,100,99812,100,100028,100,99643,200,100029,100,99619,100,100038,100,99399,100
2019-06-28 09:40:28.204402254,99961,100,99935,251,99995,251,99922,247,99996,247,99910,247,99997,247,99885,100,100001,11,99876,100,100021,300,99824,100,100024,100,99812,100,100026,100,99643,200,100028,100,99619,100,100029,100,99399,100
2019-06-28 09:40:30.000000000,99961,322,99935,322,99995,322,99922,322,99996,100,99910,100,99997,100,99885,100,100001,11,99876,100,100021,300,99824,100,100024,100,99812,100,100026,100,99643,200,100028,100,99619,100,100029,100,99399,100
2019-06-28 09:40:40.000000000,99961,211,99935,211,99995,211,99922,211,99996,211,99910,211,99997,211,99885,211,100001,11,99876,100,100021,300,99824,100,100024,100,99812,100,100026,100,99643,200,100028,100,99619,100,100029,100,99399,100
2019-06-28 09:40:49.122971664,99961,211,99937,100,99995,211,99935,211,99996,211,99922,211,99997,211,99910,211,100001,11,99885,211,100021,300,99876,100,100024,100,99824,100,100026,100,99812,100,100028,100,99643,200,100029,100,99619,100
2019-06-28 09:40:50.000000000,99961,251,99937,251,99995,247,99935,247,99996,247,99922,247,99997,100,99910,100,100001,11,99885,100,100021,300,99876,100,100024,100,99824,100,100026,100,99812,100,100028,100,99643,200,100029,100,99619,100
2019-06-28 09:41:00.000000000,99961,544,99937,544,99995,100,99935,100,99996,100,99922,100,99997,100,99910,100,100001,11,99885,100,100021,300,99876,100,100024,100,99824,100,100026,100,99812,100,100028,100,99643,200,100029,100,99619,100
2019-06-28 09:41:07.533827937,99961,544,99937,544,99995,100,99935,100,99996,100,99922,100,99997,100,99910,100,100001,11,99885,100,100021,300,99876,100,100024,100,99824,100,100026,100,99812,100,100028,100,99643,200,100029,100,99619,100
2019-06-28 09:41:10.000000000,99961,544,99937,544,99995,100,99935,100,99996,100,99922,100,99997,100,99910,100,100001,11,99885,100,100021,300,99876,100,100024,100,99824,100,100026,100,99812,100,100028,100,99643,200,100029,100,99619,100
2019-06-28 09:41:20.000000000,99961,189,99937,189,99995,189,99935,189,99996,189,99922,189,99997,189,99910,189,100001,100,99885,189,100021,300,99876,100,100024,100,99824,100,100026,100,99812,100,100028,100,99643,200,100029,100,99619,100
2019-06-28 09:41:21.130656270,99961,89,99937,189,99995,189,99935,189,99996,189,99922,189,99997,189,99910,189,100001,100,99885,189,100021,300,99876,100,100024,100,99824,100,100026,100,99812,100,100028,100,99643,200,100029,100,99619,100
2019-06-28 09:41:30.000000000,99995,211,99937,211,99996,211,99935,211,99997,211,99922,211,100001,122,99910,211,100021,300,99885,100,100024,100,99876,100,100026,100,99824,100,100028,100,99812,100,100029,100,99643,200,100038,100,99619,100
2019-06-28 09:41:40.000000000,99995,251,99937,251,99996,247,99935,247,99997,247,99922,247,100001,11,99910,100,100021,300,99885,100,100024,100,99876,100,100026,100,99824,100,100028,100,99812,100,100029,100,99643,200,100038,100,99619,100
2019-06-28 09:41:49.550116422,99995,151,99937,251,99996,247,99935,247,99997,247,99922,247,100001,11,99910,100,100021,300,99885,100,100024,100,99876,100,100026,100,99824,100,100028,100,99812,100,100029,100,99643,100,100038,100,99619,100
2019-06-28 09:41:50.000000000,99996,544,99937,544,99997,100,99935,100,100001,11,99922,100,100021,300,99910,100,100024,100,99885,100,100026,100,99876,100,100028,100,99824,100,100029,100,99812,100,100038,100,99643,100,100045,100,99619,100
2019-06-28 09:41:54.560524275,99996,444,99937,544,99997,100,99935,100,100001,11,99922,100,100021,300,99910,100,100024,100,99885,100,100026,100,99876,100,100028,100,99824,100,100029,100,99812,100,100038,100,99643,100,100045,100,99619,100
2019-06-28 09:42:00.000000000,99997,211,99937,211,100001,122,99935,211,100021,411,99922,211,100024,211,99910,211,100026,100,99885,100,100028,100,99876,100,100029,100,99824,100,100038,100,99812,100,100045,100,99643,100,100068,100,99619,100
2019-06-28 09:42:02.843650781,99997,211,99937,211,100001,122,99935,211,100021,311,99922,211,100024,211,99910,211,100026,100,99885,100,100028,100,99876,100,100029,100,99824,100,100038,100,99812,100,100045,100,99643,100,100068,100,99619,100
2019-06-28 09:42:10.000000000,99997,544,99937,544,100001,11,99935,100,100021,200,99922,100,100024,100,99910,100,100026,100,99885,100,100028,100,99876,100,100029,100,99824,100,100038,100,99812,100,100045,100,99643,100,100068,100,99619,100
2019-06-28 09:42:20.000000000,99997,322,99937,322,100001,233,99935,322,100021,200,99922,100,100024,100,99910,100,100026,100,99885,100,100028,100,99876,100,100029,100,99824,100,100038,100,99812,100,100045,100,99643,100,100068,100,99619,100
2019-06-28 09:42:30.000000000,99997,211,99937,211,100001,122,99935,211,100021,311,99922,211,100024,211,99910,211,100026,100,99885,100,100028,100,99876,100,100029,100,99824,100,100038,100,99812,100,100045,100,99643,100,100068,100,99619,100
2019-06-28 09:42:40.000000000,99997,544,99937,544,100001,11,99935,100,100021,200,99922,100,100024,100,99910,100,100026,100,99885,100,100028,100,99876,100,100029,100,99824,100,100038,100,99812,100,100045,100,99643,100,100068,100,99619,100
2019-06-28 09:42:50.000000000,99997,251,99937,251,100001,158,99935,247,100021,347,99922,247,100024,100,99910,100,100026,100,99885,100,100028,100,99876,100,100029,100,99824,100,100038,100,99812,100,100045,100,99643,100,100068,100,99619,100
2019-06-28 09:42:51.100711237,99997,251,99937,251,100001,158,99935,247,100021,347,99922,247,100024,100,99910,100,100026,100,99885,100,100028,100,99876,100,100029,100,99824,100,100038,100,99812,100,100045,100,99643,100,100068,100,99619,100
2019-06-28 09:42:51.583607963,99997,151,99937,251,100001,158,99935,247,100021,347,99922,247,100024,100,99910,100,100026,100,99885,100,100028,100,99876,100,100029,100,99824,100,100038,100,99812,100,100045,100,99643,100,100068,100,99619,100
2019-06-28 09:43:00.000000000,100001,122,99937,211,100021,311,99935,211,100024,211,99922,211,100026,211,99910,211,100028,100,99885,100,100029,100,99876,100,100038,100,99824,100,100045,100,99812,100,100068,100,99643,100,100098,100,99619,100
2019-06-28 09:43:10.000000000,100001,122,99937,211,100021,311,99935,211,100024,211,99922,211,100026,211,99910,211,100028,100,99885,100,100029,100,99876,100,100038,100,99824,100,100045,100,99812,100,100068,100,99643,100,100098,100,99619,100
2019-06-28 09:43:20.000000000,100001,162,99937,251,100021,347,99935,247,100024,247,99922,247,100026,100,99910,100,100028,100,99885,100,100029,100,99876,100,100038,100,99824,100,100045,100,99812,100,100068,100,99643,100,100098,100,99619,100
2019-06-28 09:43:28.593589716,100001,162,99937,251,100021,347,99935,247,100024,247,99922,247,100026,100,99910,100,100028,100,99885,100,100029,100,99876,100,100038,100,99824,100,100045,100,99812,100,100068,100,99643,100,100098,100,99619,100
2019-06-28 09:43:30.000000000,100001,233,99937,322,100021,422,99935,322,100024,100,99922,100,100026,100,99910,100,100028,100,99885,100,100029,100,99876,100,100038,100,99824,100,100045,100,99812,100,100068,100,99643,100,100098,100,99619,100
2019-06-28 09:43:31.145332380,100001,133,99937,322,100021,422,99935,322,100024,100,99922,100,100026,100,99910,100,100028,100,99885,100,100029,100,99876,100,100038,100,99824,100,100045,100,99812,100,100068,100,99643,100,100098,100,99619,100
2019-06-28 09:43:34.921591481,100001,133,99937,322,100021,422,99935,322,100024,100,99922,100,100026,100,99910,100,100028,100,99885,100,100029,100,99824,100,100038,100,99812,100,100045,100,99643,100,100068,100,99619,100,100098,100,99399,100
2019-06-28 09:43:40.000000000,100021,644,99937,544,100024,100,99935,100,100026,100,99922,100,100028,100,99910,100,100029,100,99885,100,100038,100,99824,100,100045,100,99812,100,100068,100,99643,100,100098,100,99619,100,100109,200,99399,100
2019-06-28 09:43:44.453101682,100021,644,99937,444,100024,100,99935,100,100026,100,99922,100,100028,100,99910,100,100029,100,99885,100,100038,100,99824,100,100045,100,99812,100,100068,100,99643,100,100098,100,99619,100,100109,200,99399,100
2019-06-28 09:43:50.000000000,100021,311,99935,211,100024,211,99922,211,100026,211,99910,211,100028,211,99885,211,100029,100,99824,100,100038,100,99812,100,100045,100,99643,100,100068,100,99619,100,100098,100,99399,100,100109,200,,
2019-06-28 09:44:00.000000000,100021,351,99935,251,100024,247,99922,247,100026,247,99910,247,100028,100,99885,100,100029,100,99824,100,100038,100,99812,100,100045,100,99643,100,100068,100,99619,100,100098,100,99399,100,100109,200,,
2019-06-28 09:44:10.000000000,100021,422,99935,322,100024,322,99922,322,100026,100,99910,100,100028,100,99885,100,100029,100,99824,100,100038,100,99812,100,100045,100,99643,100,100068,100,99619,100,100098,100,99399,100,100109,200,,
2019-06-28 09:44:20.000000000,100021,422,99935,322,100024,322,99922,322,100026,100,99910,100,100028,100,99885,100,100029,100,99824,100,100038,100,99812,100,100045,100,99643,100,100068,100,99619,100,100098,100,99399,100,100109,200,,
2019-06-28 09:44:30.000000000,100021,644,99935,544,100024,100,99922,100,100026,100,99910,100,100028,100,99885,100,100029,100,99824,100,100038,100,99812,100,100045,100,99643,100,100068,100,99619,100,100098,100,99399,100,100109,200,,
2019-06-28 09:44:33.934174482,100021,544,99935,544,100024,100,99922,100,100026,100,99910,100,100028,100,99885,100,100029,100,99824,100,100038,100,99812,100,100045,100,99643,100,100068,100,99619,100,100098,100,99399,100,100109,200,,
2019-06-28 09:44:40.000000000,100021,251,99935,251,100024,247,99922,247,100026,247,99910,247,100028,100,99885,100,100029,100,99824,100,100038,100,99812,100,100045,100,99643,100,100068,100,99619,100,100098,100,99399,100,100109,200,,
2019-06-28 09:44:40.001383696,100021,251,100001,100,100024,247,99935,251,100026,247,99922,247,100028,100,99910,247,100029,100,99885,100,100038,100,99824,100,100045,100,99812,100,100068,100,99643,100,100098,100,99619,100,100109,200,99399,100
2019-06-28 09:44:50.000000000,100021,211,100001,211,100024,211,99935,211,100026,211,99922,211,100028,211,99910,211,100029,100,99885,100,100038,100,99824,100,100045,100,99812,100,100068,100,99643,100,100098,100,99619,100,100109,200,99399,100
2019-06-28 09:44:52.150859262,100021,211,100001,311,100024,211,99935,211,100026,211,99922,211,100028,211,99910,211,100029,100,99885,100,100038,100,99824,100,100045,100,99812,100,100068,100,99643,100,100098,100,99619,100,100109,200,99399,100
2019-06-28 09:45:00.000000000,100021,322,100001,422,100024,322,99935,322,100026,100,99922,100,100028,100,99910,100,100029,100,99885,100,100038,100,99824,100,100045,100,99812,100,100068,100,99643,100,100098,100,99619,100,100109,200,99399,100
2019-06-28 09:45:10.000000000,100021,544,100001,644,100024,100,99935,100,100026,100,99922,100,100028,100,99910,100,100029,100,99885,100,100038,100,99824,100,100045,100,99812,100,100068,100,99643,100,100098,100,99619,100,100109,200,99399,100
2019-06-28 09:45:20.000000000,100021,544,100001,644,100024,100,99935,100,100026,100,99922,100,100028,100,99910,100,100029,100,99885,100,100038,100,99824,100,100045,100,99812,100,100068,100,99643,100,100098,100,99619,100,100109,200,99399,100
2019-06-28 09:45:30.000000000,100021,544,100001,644,100024,100,99935,100,100026,100,99922,100,100028,100,99910,100,100029,100,99885,100,100038,100,99824,100,100045,100,99812,100,100068,100,99643,100,100098,100,99619,100,100109,200,99399,100
2019-06-28 09:45:40.000000000,100021,251,100001,351,100024,247,99935,247,100026,247,99922,247,100028,100,99910,100,100029,100,99885,100,100038,100,99824,100,100045,100,99812,100,100068,100,99643,100,100098,100,99619,100,100109,200,99399,100
2019-06-28 09:45:50.000000000,100021,189,100001,289,100024,189,99935,189,100026,189,99922,189,100028,189,99910,189,100029,189,99885,189,100038,100,99824,100,100045,100,99812,100,100068,100,99643,100,100098,100,99619,100,100109,200,99399,100
2019-06-28 09:46:00.000000000,100021,322,100001,422,100024,322,99935,322,100026,100,99922,100,100028,100,99910,100,100029,100,99885,100,100038,100,99824,100,100045,100,99812,100,100068,100,99643,100,100098,100,99619,100,100109,200,99399,100
2019-06-28 09:46:10.000000000,100021,322,100001,422,100024,322,99935,322,100026,100,99922,100,100028,100,99910,100,100029,100,99885,100,100038,100,99824,100,100045,100,99812,100,100068,100,99643,100,100098,100,99619,100,100109,200,99399,100
2019-06-28 09:46:11.086263012,100021,322,100001,422,100024,322,99935,322,100026,100,99922,100,100028,100,99910,100,100029,100,99885,100,100038,100,99824,100,100045,100,99812,100,100068,100,99643,100,100098,100,99619,100,100109,200,99399,100
2019-06-28 09:46:11.271749536,100021,222,100001,422,100024,322,99935,322,100028,100,99922,100,100029,100,99910,100,100038,100,99885,100,100045,100,99824,100,100068,100,99812,100,100098,100,99643,100,100109,200,99619,100,100144,100,99399,100
2019-06-28 09:46:20.000000000,100024,544,100001,644,100028,100,99935,100,100029,100,99922,100,100038,100,99910,100,100045,100,99885,100,100068,100,99824,100,100098,100,99812,100,100109,200,99643,100,100144,100,99619,100,100164,100,99399,100
2019-06-28 09:46:30.000000000,100024,189,100001,289,100028,189,99935,189,100029,189,99922,189,100038,189,99910,189,100045,189,99885,189,100068,100,99824,100,100098,100,99812,100,100109,200,99643,100,100144,100,99619,100,100164,100,99399,100
2019-06-28 09:46:40.000000000,100024,544,100001,644,100028,100,99935,100,100029,100,99922,100,100038,100,99910,100,100045,100,99885,100,100068,100,99824,100,100098,100,99812,100,100109,200,99643,100,100144,100,99619,100,100164,100,99399,100
2019-06-28 09:46:50.000000000,100024,211,100001,311,100028,211,99935,211,100029,211,99922,211,100038,211,99910,211,100045,100,99885,100,100068,100,99824,100,100098,100,99812,100,100109,200,99643,100,100144,100,99619,100,100164,100,99399,100
2019-06-28 09:46:56.654992321,100024,111,100001,311,100028,211,99935,211,100029,211,99922,211,100038,211,99910,211,100045,100,99885,100,100068,100,99824,100,100098,100,99812,100,100109,200,99643,100,100144,100,99619,100,100164,100,99399,100
2019-06-28 09:47:00.000000000,100028,251,100001,351,100029,247,99935,247,100038,247,99922,247,100045,100,99910,100,100068,100,99885,100,100098,100,99824,100,100109,200,99812,100,100144,100,99643,100,100164,100,99619,100,100274,100,99399,100
2019-06-28 09:47:04.465550526,100028,251,100021,100,100029,247,100001,351,100038,247,99935,247,100045,100,99922,247,100068,100,99910,100,100098,100,99885,100,100109,200,99824,100,100144,100,99812,100,100164,100,99643,100,100274,100,99619,100
2019-06-28 09:47:10.000000000,100028,544,100021,544,100029,100,100001,200,100038,100,99935,100,100045,100,99922,100,100068,100,99910,100,100098,100,99885,100,100109,200,99824,100,100144,100,99812,100,100164,100,99643,100,100274,100,99619,100
2019-06-28 09:47:20.000000000,100028,189,100021,189,100029,189,100001,289,100038,189,99935,189,100045,189,99922,189,100068,189,99910,189,100098,100,99885,100,100109,200,99824,100,100144,100,99812,100,100164,100,99643,100,100274,100,99619,100
2019-06-28 09:47:22.845282725,100028,189,100021,189,100029,189,100001,289,100038,189,99935,189,100045,189,99922,189,100068,189,99910,189,100098,100,99885,100,100109,200,99824,100,100144,100,99812,100,100164,100,99619,100,100274,100,99399,100
2019-06-28 09:47:30.000000000,100028,189,100021,189,100029,189,100001,289,100038,189,99935,189,100045,189,99922,189,100068,189,99910,189,100098,100,99885,100,100109,200,99824,100,100144,100,99812,100,100164,100,99619,100,100274,100,99399,100
2019-06-28 09:47:38.540833912,100028,89,100021,189,100029,189,100001,289,100038,189,99935,189,100045,189,99922,189,100068,189,99910,189,100098,100,99885,100,100109,200,99824,100,100144,100,99812,100,100164,100,99619,100,100274,100,99399,100
2019-06-28 09:47:39.334198891,100029,189,100028,11,100038,189,100021,189,100045,189,100001,289,100068,189,99935,189,100098,100,99922,189,100109,200,99910,189,100144,100,99885,100,100164,100,99824,100,100274,100,99812,100,100430,100,99619,100
2019-06-28 09:47:40.000000000,100029,189,100028,100,100038,189,100021,189,100045,189,100001,289,100068,189,99935,189,100098,189,99922,189,100109,200,99910,100,100144,100,99885,100,100164,100,99824,100,100274,100,99812,100,100430,100,99619,100
2019-06-28 09:47:43.765183175,100029,89,100028,100,100038,189,100021,189,100045,189,100001,289,100068,189,99935,189,100098,189,99922,189,100109,200,99910,100,100144,100,99885,100,100164,100,99824,100,100274,100,99812,100,100430,100,99619,100
2019-06-28 09:47:48.317093894,100029,89,100028,100,100038,189,100021,189,100045,189,100001,189,100068,189,99935,189,100098,189,99922,189,100109,200,99910,100,100144,100,99885,100,100164,100,99824,100,100274,100,99812,100,100430,100,99619,100
2019-06-28 09:47:50.000000000,100038,251,100028,162,100045,247,100021,247,100068,247,100001,247,100098,100,99935,100,100109,200,99922,100,100144,100,99910,100,100164,100,99885,100,100274,100,99824,100,100430,100,99812,100,100684,100,99619,100
2019-06-28 09:48:00.000000000,100038,189,100028,100,100045,189,100021,189,100068,189,100001,189,100098,189,99935,189,100109,289,99922,189,100144,100,99910,100,100164,100,99885,100,100274,100,99824,100,100430,100,99812,100,100684,100,99619,100
2019-06-28 09:48:07.931035633,100038,89,100028,100,100045,189,100021,189,100068,189,100001,189,100098,189,99935,189,100109,289,99922,189,100144,100,99910,100,100164,100,99885,100,100274,100,99824,100,100430,100,99812,100,100684,100,99619,100
2019-06-28 09:48:10.000000000,100045,251,100028,162,100068,247,100021,247,100098,247,100001,247,100109,200,99935,100,100144,100,99922,100,100164,100,99910,100,100274,100,99885,100,100430,100,99824,100,100684,100,99812,100,100713,100,99619,100
2019-06-28 09:48:13.051672726,100045,151,100028,162,100068,247,100021,247,100098,247,100001,247,100109,200,99935,100,100144,100,99922,100,100164,100,99910,100,100274,100,99885,100,100430,100,99824,100,100684,100,99812,100,100713,100,99619,100
2019-06-28 09:48:20.000000000,100068,322,100028,233,100098,322,100021,322,100109,200,100001,100,100144,100,99935,100,100164,100,99922,100,100274,100,99910,100,100430,100,99885,100,100684,100,99824,100,100713,100,99812,100,,,99619,100
2019-06-28 09:48:20.216804462,100068,322,100038,100,100098,322,100028,233,100109,200,100021,322,100144,100,100001,100,100164,100,99935,100,100274,100,99922,100,100430,100,99910,100,100684,100,99885,100,100713,100,99824,100,,,99812,100
2019-06-28 09:48:30.000000000,100068,544,100038,544,100098,100,100028,11,100109,200,100021,100,100144,100,100001,100,100164,100,99935,100,100274,100,99922,100,100430,100,99910,100,100684,100,99885,100,100713,100,99824,100,,,99812,100
2019-06-28 09:48:40.000000000,100068,211,100038,211,100098,211,100028,122,100109,311,100021,211,100144,211,100001,211,100164,100,99935,100,100274,100,99922,100,100430,100,99910,100,100684,100,99885,100,100713,100,99824,100,,,99812,100
2019-06-28 09:48:42.225700707,100068,211,100038,311,100098,211,100028,122,100109,311,100021,211,100144,211,100001,211,100164,100,99935,100,100274,100,99922,100,100430,100,99910,100,100684,100,99885,100,100713,100,99824,100,,,99812,100
2019-06-28 09:48:50.000000000,100068,544,100038,644,100098,100,100028,11,100109,200,100021,100,100144,100,100001,100,100164,100,99935,100,100274,100,99922,100,100430,100,99910,100,100684,100,99885,100,100713,100,99824,100,,,99812,100
2019-06-28 09:48:52.988118518,100068,544,100038,644,100098,100,100028,11,100109,100,100021,100,100144,100,100001,100,100164,100,99935,100,100274,100,99922,100,100430,100,99910,100,100505,100,99885,100,100684,100,99824,100,100713,100,99812,100
2019-06-28 09:49:00.000000000,100068,322,100038,422,100098,322,100028,233,100109,100,100021,100,100144,100,100001,100,100164,100,99935,100,100274,100,99922,100,100430,100,99910,100,100505,100,99885,100,100684,100,99824,100,100713,100,99812,100
2019-06-28 09:49:02.303280334,100068,322,100038,522,100098,322,100028,233,100109,100,100021,100,100144,100,99935,100,100164,100,99922,100,100274,100,99910,100,100430,100,99885,100,100505,100,99824,100,100684,100,99812,100,100713,100,99619,100
2019-06-28 09:49:05.367745870,100068,222,100038,522,100098,322,100028,233,100109,100,100021,100,100144,100,99935,100,100164,100,99922,100,100274,100,99910,100,100430,100,99885,100,100505,100,99824,100,100684,100,99812,100,100713,100,99619,100
2019-06-28 09:49:05.952691728,100068,122,100038,522,100098,322,100028,233,100109,100,100021,100,100144,100,99935,100,100164,100,99922,100,100274,100,99910,100,100430,100,99885,100,100505,100,99824,100,100684,100,99812,100,100713,100,99619,100
2019-06-28 09:49:10.000000000,100098,189,100038,389,100109,189,100028,100,100144,189,100021,189,100164,189,99935,189,100274,189,99922,189,100430,100,99910,100,100505,100,99885,100,100684,100,99824,100,100713,100,99812,100,,,99619,100
2019-06-28 09:49:12.908851421,100098,189,100038,389,100109,189,100028,100,100144,189,100021,189,100164,189,99935,189,100274,189,99922,189,100430,100,99910,100,100505,100,99885,100,100587,100,99824,100,100684,100,99812,100,100713,100,99619,100
2019-06-28 09:49:20.000000000,100098,544,100038,744,100109,100,100028,11,100144,100,100021,100,100164,100,99935,100,100274,100,99922,100,100430,100,99910,100,100505,100,99885,100,100587,100,99824,100,100684,100,99812,100,100713,100,99619,100
2019-06-28 09:49:26.874268773,100098,444,100038,744,100109,100,100028,11,100144,100,100021,100,100164,100,99935,100,100274,100,99922,100,100430,100,99910,100,100505,100,99885,100,100587,100,99824,100,100684,100,99812,100,100713,100,99619,100
2019-06-28 09:49:30.000000000,100109,322,100038,522,100144,322,100028,233,100164,100,100021,100,100274,100,99935,100,100430,100,99922,100,100505,100,99910,100,100587,100,99885,100,100684,100,99824,100,100713,100,99812,100,,,99619,100
2019-06-28 09:49:38.224483836,100109,322,100068,100,100144,322,100038,522,100164,100,100028,233,100274,100,99935,100,100430,100,99922,100,100505,100,99910,100,100587,100,99885,100,100684,100,99824,100,100713,100,99812,100,,,99619,100
2019-06-28 09:49:40.000000000,100109,189,100068,189,100144,189,100038,389,100164,189,100028,100,100274,189,99935,189,100430,189,99922,189,100505,100,99910,100,100587,100,99885,100,100684,100,99824,100,100713,100,99812,100,,,99619,100
2019-06-28 09:49:50.000000000,100109,322,100068,322,100144,322,100038,522,100164,100,100028,11,100274,100,99935,100,100430,100,99922,100,100505,100,99910,100,100587,100,99885,100,100684,100,99824,100,100713,100,99812,100,,,99619,100
2019-06-28 09:49:59.987018117,100109,322,100068,322,100144,322,100038,522,100164,100,100028,11,100274,100,99935,100,100430,100,99922,100,100505,100,99910,100,100587,100,99885,100,100653,100,99824,100,100684,100,99812,100,100713,100,99619,100
2019-06-28 09:50:00.000000000,100109,211,100068,211,100144,211,100038,411,100164,211,100028,122,100274,211,99935,211,100430,100,99922,100,100505,100,99910,100,100587,100,99885,100,100653,100,99824,100,100684,100,99812,100,100713,100,99619,100
2019-06-28 09:50:07.547275110,100109,211,100068,211,100144,211,100038,411,100164,211,100028,122,100274,211,99935,211,100430,100,99922,100,100505,100,99910,100,100558,100,99885,100,100587,100,99824,100,100653,100,99619,100,100684,100,99399,100
2019-06-28 09:50:10.000000000,100109,251,100068,251,100144,247,100038,447,100164,247,100028,158,100274,100,99935,100,100430,100,99922,100,100505,100,99910,100,100558,100,99885,100,100587,100,99824,100,100653,100,99619,100,100684,100,99399,100
2019-06-28 09:50:20.000000000,100109,544,100068,544,100144,100,100038,300,100164,100,100028,11,100274,100,99935,100,100430,100,99922,100,100505,100,99910,100,100558,100,99885,100,100587,100,99824,100,100653,100,99619,100,100684,100,99399,100
2019-06-28 09:50:30.000000000,100109,322,100068,322,100144,322,100038,522,100164,100,100028,11,100274,100,99935,100,100430,100,99922,100,100505,100,99910,100,100558,100,99885,100,100587,100,99824,100,100653,100,99619,100,100684,100,99399,100
2019-06-28 09:50:40.000000000,100109,211,100068,211,100144,211,100038,411,100164,211,100028,122,100274,211,99935,211,100430,100,99922,100,100505,100,99910,100,100558,100,99885,100,100587,100,99824,100,100653,100,99619,100,100684,100,99399,100
2019-06-28 09:50:43.571253168,100109,211,100068,211,100144,211,100038,411,100164,211,100028,122,100274,211,99935,211,100430,100,99922,100,100505,100,99910,100,100558,100,99885,100,100587,100,99824,100,100588,100,99619,100,100653,100,99399,100
2019-06-28 09:50:46.876979501,100109,211,100068,211,100144,211,100038,411,100164,211,100028,122,100274,211,99935,211,100430,100,99922,100,100505,100,99910,100,100558,100,99885,100,100587,100,99824,100,100653,100,99619,100,100684,100,99399,100
2019-06-28 09:50:47.106342738,100109,111,100068,211,100144,211,100038,411,100164,211,100028,122,100274,211,99935,111,100430,100,99922,100,100505,100,99910,100,100558,100,99885,100,100587,100,99824,100,100653,100,99619,100,100684,100,99399,100
2019-06-28 09:50:48.906662704,100109,11,100068,211,100144,211,100038,411,100164,211,100028,122,100274,211,99935,111,100430,100,99922,100,100505,100,99910,100,100558,100,99885,100,100587,100,99824,100,100653,100,99619,100,100684,100,99399,100
2019-06-28 09:50:50.000000000,100144,322,100068,322,100164,322,100038,522,100274,100,100028,11,100430,100,99922,100,100505,100,99910,100,100558,100,99885,100,100587,100,99824,100,100653,100,99619,100,100684,100,99399,100,100713,100,,
2019-06-28 09:50:52.321552165,100144,322,100068,322,100164,322,100038,522,100274,100,100028,11,100430,100,99922,100,100505,100,99910,100,100543,100,99824,100,100558,100,99619,100,100587,100,99399,100,100653,100,,,100684,100,,
2019-06-28 09:51:00.000000000,100144,211,100068,211,100164,211,100038,411,100274,211,100028,122,100430,211,99922,211,100505,100,99910,100,100543,100,99824,100,100558,100,99619,100,100587,100,99399,100,100653,100,,,100684,100,,
2019-06-28 09:51:10.000000000,100144,189,100068,189,100164,189,100038,389,100274,189,100028,100,100430,189,99922,189,100505,189,99910,189,100543,100,99824,100,100558,100,99619,100,100587,100,99399,100,100653,100,,,100684,100,,
2019-06-28 09:51:20.000000000,100144,211,100068,211,100164,211,100038,411,100274,211,100028,122,100430,211,99922,211,100505,100,99910,100,100543,100,99824,100,100558,100,99619,100,100587,100,99399,100,100653,100,,,100684,100,,
2019-06-28 09:51:23.112782399,100144,211,100068,211,100164,211,100038,411,100274,211,100028,122,100430,211,99971,100,100505,100,99922,211,100543,100,99910,100,100558,100,99824,100,100587,100,99619,100,100653,100,99399,100,100684,100,,
2019-06-28 09:51:30.000000000,100144,189,100068,189,100164,189,100038,389,100274,189,100028,100,100430,189,99971,189,100505,189,99922,189,100543,100,99910,100,100558,100,99824,100,100587,100,99619,100,100653,100,99399,100,100684,100,,
2019-06-28 09:51:40.000000000,100144,544,100068,544,100164,100,100038,300,100274,100,100028,11,100430,100,99971,100,100505,100,99922,100,100543,100,99910,100,100558,100,99824,100,100587,100,99619,100,100653,100,99399,100,100684,100,,
2019-06-28 09:51:50.000000000,100144,322,100068,322,100164,322,100038,522,100274,100,100028,11,100430,100,99971,100,100505,100,99922,100,100543,100,99910,100,100558,100,99824,100,100587,100,99619,100,100653,100,99399,100,100684,100,,
2019-06-28 09:52:00.000000000,100144,189,100068,189,100164,189,100038,389,100274,189,100028,100,100430,189,99971,189,100505,189,99922,189,100543,100,99910,100,100558,100,99824,100,100587,100,99619,100,100653,100,99399,100,100684,100,,
2019-06-28 09:52:00.646495956,100144,89,100068,189,100164,189,100038,389,100274,189,100028,100,100430,189,99971,89,100505,189,99922,189,100543,100,99910,100,100558,100,99824,100,100587,100,99619,100,100653,100,99399,100,100684,100,,
2019-06-28 09:52:02.681070201,100144,89,100068,189,100164,189,100038,389,100274,189,100028,100,100430,189,99971,89,100505,189,99922,189,100543,100,99910,100,100558,100,99824,100,100587,100,99619,100,100653,100,,,100684,100,,
2019-06-28 09:52:10.000000000,100164,189,100068,189,100274,189,100038,389,100430,189,100028,100,100505,189,99922,189,100543,189,99910,189,100558,100,99824,100,100587,100,99619,100,100653,100,,,100684,100,,,100713,100,,
2019-06-28 09:52:11.166823343,100164,189,100068,189,100274,189,100038,389,100430,189,100028,100,100457,100,99922,189,100505,189,99910,189,100543,189,99824,100,100558,100,99619,100,100587,100,,,100653,100,,,100684,100,,
2019-06-28 09:52:20.000000000,100164,211,100068,211,100274,211,100038,411,100430,211,100028,122,100457,211,99922,211,100505,100,99910,100,100543,100,99824,100,100558,100,99619,100,100587,100,,,100653,100,,,100684,100,,
2019-06-28 09:52:20.464498653,100164,211,100068,211,100274,211,100038,311,100430,211,100028,122,100457,211,99922,211,100505,100,99910,100,100543,100,99824,100,100558,100,99619,100,100587,100,,,100653,100,,,100684,100,,
2019-06-28 09:52:22.039602745,100164,211,100068,211,100274,211,100038,311,100430,211,100028,122,100457,211,99922,211,100505,100,99910,100,100543,100,99824,100,100554,100,99619,100,100558,100,,,100653,100,,,100684,100,,
2019-06-28 09:52:30.000000000,100164,544,100068,544,100274,100,100038,200,100430,100,100028,11,100457,100,99922,100,100505,100,99910,100,100543,100,99824,100,100554,100,99619,100,100558,100,,,100653,100,,,100684,100,,
2019-06-28 09:52:40.000000000,100164,544,100068,544,100274,100,100038,200,100430,100,100028,11,100457,100,99922,100,100505,100,99910,100,100543,100,99824,100,100554,100,99619,100,100558,100,,,100653,100,,,100684,100,,
2019-06-28 09:52:50.000000000,100164,322,100068,322,100274,322,100038,422,100430,100,100028,11,100457,100,99922,100,100505,100,99910,100,100543,100,99824,100,100554,100,99619,100,100558,100,,,100653,100,,,100684,100,,
2019-06-28 09:52:55.630062021,100164,322,100109,100,100274,322,100068,322,100430,100,100038,422,100457,100,100028,11,100505,100,99922,100,100543,100,99910,100,100554,100,99824,100,100558,100,99619,100,100653,100,,,100684,100,,
2019-06-28 09:52:57.622208866,100164,222,100109,100,100274,322,100068,322,100430,100,100038,422,100457,100,100028,11,100505,100,99922,100,100543,100,99910,100,100554,100,99824,100,100558,100,99619,100,100653,100,,,100684,100,,
2019-06-28 09:53:00.000000000,100274,544,100109,544,100430,100,100068,100,100457,100,100038,200,100505,100,100028,11,100543,100,99922,100,100554,100,99910,100,100558,100,99824,100,100653,100,99619,100,100684,100,,,100713,100,,
2019-06-28 09:53:10.000000000,100274,251,100109,251,100430,247,100068,247,100457,247,100038,347,100505,100,100028,11,100543,100,99922,100,100554,100,99910,100,100558,100,99824,100,100653,100,99619,100,100684,100,,,100713,100,,
2019-06-28 09:53:18.162372353,100274,251,100109,251,100430,247,100068,247,100457,247,100038,347,100505,100,100028,11,100543,100,99922,100,100554,100,99910,100,100558,100,99824,100,100578,100,99619,100,100653,100,,,100684,100,,
2019-06-28 09:53:20.000000000,100274,322,100109,322,100430,322,100068,322,100457,100,100038,200,100505,100,100028,11,100543,100,99922,100,100554,100,99910,100,100558,100,99824,100,100578,100,99619,100,100653,100,,,100684,100,,
2019-06-28 09:53:27.567004017,100274,322,100109,322,100297,100,100068,322,100430,322,100038,200,100457,100,100028,11,100505,100,99922,100,100543,100,99910,100,100554,100,99824,100,100558,100,99619,100,100578,100,,,100653,100,,
2019-06-28 09:53:29.332868928,100274,322,100228,100,100297,100,100109,322,100430,322,100068,322,100457,100,100038,200,100505,100,100028,11,100543,100,99922,100,100554,100,99910,100,100558,100,99824,100,100578,100,99619,100,100653,100,,
2019-06-28 09:53:30.000000000,100274,189,100228,189,100297,189,100109,189,100430,189,100068,189,100457,189,100038,289,100505,189,100028,100,100543,100,99922,100,100554,100,99910,100,100558,100,99824,100,100578,100,99619,100,100653,100,,
2019-06-28 09:53:40.000000000,100274,211,100228,211,100297,211,100109,211,100430,211,100068,211,100457,211,100038,311,100505,100,100028,11,100543,100,99922,100,100554,100,99910,100,100558,100,99824,100,100578,100,99619,100,100653,100,,
2019-06-28 09:53:47.146393556,100274,111,100228,211,100297,211,100109,211,100430,211,100068,211,100457,211,100038,311,100505,100,100028,11,100543,100,99922,100,100554,100,99910,100,100558,100,99824,100,100653,100,99619,100,100713,100,,
2019-06-28 09:53:50.000000000,100297,211,100228,211,100430,211,100109,211,100457,211,100068,211,100505,211,100038,311,100543,100,100028,11,100554,100,99922,100,100558,100,99910,100,100653,100,99824,100,100713,100,99619,100,100727,100,,
2019-06-28 09:54:00.000000000,100297,211,100228,211,100430,211,100109,211,100457,211,100068,211,100505,211,100038,311,100543,100,100028,11,100554,100,99922,100,100558,100,99910,100,100653,100,99824,100,100713,100,99619,100,100727,100,,
2019-06-28 09:54:10.000000000,100297,322,100228,322,100430,322,100109,322,100457,100,100068,100,100505,100,100038,200,100543,100,100028,11,100554,100,99922,100,100558,100,99910,100,100653,100,99824,100,100713,100,99619,100,100727,100,,
2019-06-28 09:54:13.932597027,100297,322,100229,100,100430,322,100228,322,100457,100,100109,322,100505,100,100068,100,100543,100,100038,200,100554,100,100028,11,100558,100,99922,100,100653,100,99910,100,100713,100,99824,100,100727,100,99619,100
2019-06-28 09:54:16.484941101,100297,322,100229,100,100430,222,100228,322,100457,100,100109,322,100505,100,100068,100,100543,100,100038,200,100554,100,100028,11,100558,100,99922,100,100653,100,99910,100,100713,100,99824,100,100727,100,99619,100
2019-06-28 09:54:20.000000000,100297,544,100229,544,100457,100,100228,100,100505,100,100109,100,100543,100,100068,100,100554,100,100038,200,100558,100,100028,11,100653,100,99922,100,100713,100,99910,100,100727,100,99824,100,100759,100,99619,100
2019-06-28 09:54:30.000000000,100297,189,100229,189,100457,189,100228,189,100505,189,100109,189,100543,189,100068,189,100554,189,100038,289,100558,100,100028,11,100653,100,99922,100,100713,100,99910,100,100727,100,99824,100,100759,100,99619,100
2019-06-28 09:54:39.326397044,100297,189,100229,189,100457,189,100228,189,100505,189,100109,189,100543,189,100068,189,100554,189,100038,289,100558,100,100028,11,100653,100,99922,100,100713,100,99910,100,100727,100,99824,100,100759,100,99619,100
2019-06-28 09:54:39.743716059,100297,189,100229,189,100457,189,100228,189,100505,189,100109,189,100543,189,100068,189,100554,189,100038,289,100558,100,100028,11,100653,100,99922,100,100713,100,99910,100,100727,100,99824,100,100759,100,,
2019-06-28 09:54:40.000000000,100297,189,100229,189,100457,189,100228,189,100505,189,100109,189,100543,189,100068,189,100554,189,100038,289,100558,100,100028,11,100653,100,99922,100,100713,100,99910,100,100727,100,99824,100,100759,100,,
2019-06-28 09:54:50.000000000,100297,189,100229,189,100457,189,100228,189,100505,189,100109,189,100543,189,100068,189,100554,189,100038,289,100558,100,100028,11,100653,100,99922,100,100713,100,99910,100,100727,100,99824,100,100759,100,,
2019-06-28 09:54:50.471131128,100297,189,100229,289,100457,189,100228,189,100505,189,100109,89,100543,189,100068,189,100554,189,100038,289,100558,100,100028,11,100653,100,99922,100,100713,100,99910,100,100727,100,99824,100,100759,100,,
2019-06-28 09:55:00.000000000,100297,211,100229,311,100457,211,100228,211,100505,211,100068,211,100543,211,100038,311,100554,100,100028,11,100558,100,99922,100,100653,100,99910,100,100713,100,99824,100,100727,100,,,100759,100,,
2019-06-28 09:55:10.000000000,100297,251,100229,351,100457,247,100228,247,100505,247,100068,247,100543,100,100038,200,100554,100,100028,11,100558,100,99922,100,100653,100,99910,100,100713,100,99824,100,100727,100,,,100759,100,,
2019-06-28 09:55:20.000000000,100297,251,100229,351,100457,247,100228,247,100505,247,100068,247,100543,100,100038,200,100554,100,100028,11,100558,100,99922,100,100653,100,99910,100,100713,100,99824,100,100727,100,,,100759,100,,
2019-06-28 09:55:30.000000000,100297,251,100229,351,100457,247,100228,247,100505,247,100068,247,100543,100,100038,200,100554,100,100028,11,100558,100,99922,100,100653,100,99910,100,100713,100,99824,100,100727,100,,,100759,100,,
2019-06-28 09:55:37.286462963,100297,151,100229,351,100457,247,100228,247,100505,247,100068,247,100543,100,100038,200,100554,100,100028,11,100558,100,99922,100,100653,100,99910,100,100713,100,99824,100,100727,100,,,100759,100,,
2019-06-28 09:55:40.000000000,100457,189,100229,289,100505,189,100228,189,100543,189,100068,189,100554,189,100038,289,100558,189,100028,100,100653,100,99922,100,100713,100,99910,100,100727,100,99824,100,100759,100,,,101300,100,,
2019-06-28 09:55:50.000000000,100457,544,100229,644,100505,100,100228,100,100543,100,100068,100,100554,100,100038,200,100558,100,100028,11,100653,100,99922,100,100713,100,99910,100,100727,100,99824,100,100759,100,,,101300,100,,
2019-06-28 09:56:00.000000000,100457,544,100229,644,100505,100,100228,100,100543,100,100068,100,100554,100,100038,200,100558,100,100028,11,100653,100,99922,100,100713,100,99910,100,100727,100,99824,100,100759,100,,,101300,100,,
2019-06-28 09:56:03.791385943,100457,544,100229,644,100505,100,100228,100,100543,100,100068,100,100554,100,100038,200,100558,100,100028,11,100653,100,99922,100,100713,100,99910,100,100727,100,99824,100,100759,100,,,101300,100,,
2019-06-28 09:56:06.952284298,100457,444,100229,644,100505,100,100228,100,100543,100,100068,100,100554,100,100038,200,100558,100,100028,11,100653,100,99922,100,100713,100,99910,100,100727,100,99824,100,100759,100,,,101300,100,,
2019-06-28 09:56:09.094263293,100457,444,100297,100,100505,100,100229,644,100543,100,100228,100,100554,100,100068,100,100558,100,100038,100,100653,100,100028,11,100713,100,99922,100,100727,100,99910,100,100759,100,99824,100,101300,100,,
2019-06-28 09:56:10.000000000,100505,322,100297,322,100543,322,100229,422,100554,100,100228,100,100558,100,100068,100,100653,100,100038,100,100713,100,100028,11,100727,100,99922,100,100759,100,99910,100,101300,100,99824,100,101583,100,,
2019-06-28 09:56:10.636485943,100505,322,100297,422,100543,322,100229,422,100554,100,100228,100,100558,100,100068,100,100653,100,100038,100,100713,100,100028,11,100727,100,99922,100,100759,100,99910,100,101300,100,99824,100,101583,100,,
2019-06-28 09:56:20.000000000,100505,544,100297,644,100543,100,100229,200,100554,100,100228,100,100558,100,100068,100,100653,100,100038,100,100713,100,100028,11,100727,100,99922,100,100759,100,99910,100,101300,100,99824,100,101583,100,,
2019-06-28 09:56:30.000000000,100505,322,100297,422,100543,322,100229,422,100554,100,100228,100,100558,100,100068,100,100653,100,100038,100,100713,100,100028,11,100727,100,99922,100,100759,100,99910,100,101300,100,99824,100,101583,100,,
2019-06-28 09:56:40.000000000,100505,251,100297,351,100543,247,100229,347,100554,247,100228,247,100558,100,100068,100,100653,100,100038,100,100713,100,100028,11,100727,100,99922,100,100759,100,99910,100,101300,100,99824,100,101583,100,,
2019-06-28 09:56:50.000000000,100505,544,100297,644,100543,100,100229,200,100554,100,100228,100,100558,100,100068,100,100653,100,100038,100,100713,100,100028,11,100727,100,99922,100,100759,100,99910,100,101300,100,99824,100,101583,100,,
2019-06-28 09:56:51.035567126,100505,544,100297,644,100543,100,100229,200,100554,100,100228,100,100558,100,100068,100,100653,100,100038,100,100713,100,100028,11,100727,100,99922,100,100759,100,99910,100,101300,100,99824,100,101620,100,,
2019-06-28 09:57:00.000000000,100505,251,100297,351,100543,247,100229,347,100554,247,100228,247,100558,100,100068,100,100653,100,100038,100,100713,100,100028,11,100727,100,99922,100,100759,100,99910,100,101300,100,99824,100,101620,100,,
2019-06-28 09:57:03.402270115,100505,251,100297,351,100543,247,100229,347,100554,247,100228,247,100558,100,100068,100,100653,100,100038,100,100713,100,100028,11,100727,100,99922,100,100759,100,99910,100,101300,100,99824,100,101620,100,,
2019-06-28 09:57:10.000000000,100505,544,100297,644,100543,100,100229,200,100554,100,100228,100,100558,100,100068,100,100653,100,100038,100,100713,100,100028,11,100727,100,99922,100,100759,100,99910,100,101300,100,99824,100,101620,100,,
2019-06-28 09:57:12.869421061,100505,544,100297,644,100543,100,100229,200,100554,100,100228,100,100558,100,100068,100,100653,100,100038,100,100713,100,100028,11,100727,100,99922,100,100759,100,99910,100,101300,100,99824,100,101620,100,,
2019-06-28 09:57:13.635590816,100505,544,100297,744,100543,100,100229,200,100554,100,100228,100,100558,100,100068,100,100653,100,100038,100,100713,100,100028,11,100727,100,99922,100,100759,100,99910,100,101300,100,99824,100,101620,100,,
2019-06-28 09:57:15.679893844,100505,544,100297,744,100543,100,100229,200,100554,100,100228,100,100558,100,100068,100,100653,100,100038,100,100713,100,100028,11,100727,100,99922,100,100759,100,99910,100,101300,100,99824,100,101620,100,,
2019-06-28 09:57:20.000000000,100505,211,100297,411,100543,211,100229,311,100554,211,100228,211,100558,211,100068,211,100653,100,100038,100,100713,100,100028,11,100727,100,99922,100,100759,100,99910,100,101300,100,99824,100,101620,100,,
2019-06-28 09:57:25.780582570,100505,211,100297,411,100543,211,100229,311,100554,211,100228,211,100558,211,100068,211,100653,100,100038,100,100713,100,100028,11,100727,100,99922,100,100759,100,99910,100,101300,100,99824,100,101620,100,,
2019-06-28 09:57:30.000000000,100505,251,100297,451,100543,247,100229,347,100554,247,100228,247,100558,100,100068,100,100653,100,100038,100,100713,100,100028,11,100727,100,99922,100,100759,100,99910,100,101300,100,99824,100,101620,100,,
2019-06-28 09:57:39.118926650,100505,251,100297,451,100543,247,100229,347,100554,247,100228,247,100558,100,100068,100,100653,100,100038,100,100713,100,100028,11,100727,100,99922,100,100759,100,99910,100,101300,100,99824,100,101620,100,,
2019-06-28 09:57:40.000000000,100505,544,100297,744,100543,100,100229,200,100554,100,100228,100,100558,100,100068,100,100653,100,100038,100,100713,100,100028,11,100727,100,99922,100,100759,100,99910,100,101300,100,99824,100,101620,100,,
2019-06-28 09:57:48.876298655,100505,544,100297,844,100543,100,100229,200,100554,100,100228,100,100558,100,100068,100,100653,100,100038,100,100713,100,100028,11,100727,100,99922,100,100759,100,99910,100,101300,100,99824,100,101620,100,,
2019-06-28 09:57:50.000000000,100505,189,100297,489,100543,189,100229,289,100554,189,100228,189,100558,189,100068,189,100653,189,100038,189,100713,100,100028,11,100727,100,99922,100,100759,100,99910,100,101300,100,99824,100,101620,100,,
2019-06-28 09:57:50.948891924,100505,189,100297,489,100543,189,100229,289,100554,189,100228,189,100558,189,100068,189,100653,189,100038,189,100713,100,100028,11,100727,100,99922,100,100759,100,99910,100,101300,100,99824,100,101620,100,,
2019-06-28 09:58:00.000000000,100505,189,100297,489,100543,189,100229,289,100554,189,100228,189,100558,189,100068,189,100653,189,100038,189,100713,100,100028,11,100727,100,99922,100,100759,100,99910,100,101300,100,99824,100,101620,100,,
2019-06-28 09:58:10.000000000,100505,211,100297,511,100543,211,100229,311,100554,211,100228,211,100558,211,100068,211,100653,100,100038,100,100713,100,100028,11,100727,100,99922,100,100759,100,99910,100,101300,100,99824,100,101620,100,,
2019-06-28 09:58:20.000000000,100505,189,100297,489,100543,189,100229,289,100554,189,100228,189,100558,189,100068,189,100653,189,100038,189,100713,100,100028,11,100727,100,99922,100,100759,100,99910,100,101300,100,99824,100,101620,100,,
2019-06-28 09:58:23.771835382,100505,189,100297,489,100543,189,100229,289,100554,189,100228,189,100558,189,100068,189,100653,189,100038,189,100713,100,100028,11,100727,100,99922,100,100759,100,99910,100,101300,100,99824,100,101620,100,,
2019-06-28 09:58:30.000000000,100505,251,100297,551,100543,247,100229,347,100554,247,100228,247,100558,100,100068,100,100653,100,100038,100,100713,100,100028,11,100727,100,99922,100,100759,100,99910,100,101300,100,99824,100,101620,100,,
2019-06-28 09:58:35.745133987,100505,251,100297,651,100543,247,100229,347,100554,247,100228,247,100558,100,100068,100,100653,100,100038,100,100713,100,100028,11,100727,100,99922,100,100759,100,99910,100,101300,100,99824,100,101620,100,,
2019-06-28 09:58:40.000000000,100505,211,100297,611,100543,211,100229,311,100554,211,100228,211,100558,211,100068,211,100653,100,100038,100,100713,100,100028,11,100727,100,99922,100,100759,100,99910,100,101300,100,99824,100,101620,100,,
2019-06-28 09:58:45.500040755,100505,211,100297,711,100543,211,100229,211,100554,211,100228,211,100558,211,100068,211,100653,100,100038,100,100713,100,100028,11,100727,100,99922,100,100759,100,99910,100,101300,100,99824,100,101620,100,,
2019-06-28 09:58:49.416911568,100505,111,100297,711,100543,211,100229,211,100554,211,100228,211,100558,211,100068,211,100653,100,100038,100,100713,100,100028,11,100727,100,99922,100,100759,100,99910,100,101300,100,99824,100,101620,100,,
2019-06-28 09:58:50.000000000,100543,322,100297,822,100554,322,100229,322,100558,100,100228,100,100653,100,100068,100,100713,100,100038,100,100727,100,100028,11,100759,100,99922,100,101300,100,99910,100,101620,100,99824,100,102372,100,,
2019-06-28 09:58:57.264630034,100543,222,100297,822,100554,322,100229,322,100558,100,100228,100,100653,100,100068,100,100713,100,100038,100,100727,100,100028,11,100759,100,99922,100,101620,100,99910,100,102372,100,99824,100,102410,100,,
2019-06-28 09:59:00.000000000,100554,544,100297,1044,100558,100,100229,100,100653,100,100228,100,100713,100,100068,100,100727,100,100038,100,100759,100,100028,11,101620,100,99922,100,102372,100,99910,100,102410,100,99824,100,102417,100,,
2019-06-28 09:59:03.589208350,100554,544,100297,1044,100558,100,100229,100,100653,100,100228,100,100713,100,100068,100,100727,100,100038,100,100759,100,100028,11,101620,100,99922,100,102372,100,99910,100,102410,100,99824,100,102412,100,,
2019-06-28 09:59:10.000000000,100554,322,100297,822,100558,322,100229,322,100653,100,100228,100,100713,100,100068,100,100727,100,100038,100,100759,100,100028,11,101620,100,99922,100,102372,100,99910,100,102410,100,99824,100,102412,100,,
2019-06-28 09:59:13.808301017,100554,322,100297,822,100558,322,100229,322,100653,100,100228,100,100713,100,100068,100,100727,100,100038,100,100759,100,100028,11,101620,100,99922,100,102256,100,99910,100,102372,100,99824,100,102412,100,,
2019-06-28 09:59:14.399070901,100554,322,100505,100,100558,322,100297,822,100653,100,100229,222,100713,100,100228,100,100727,100,100068,100,100759,100,100038,100,101620,100,100028,11,102256,100,99922,100,102372,100,99910,100,102412,100,99824,100
2019-06-28 09:59:20.000000000,100554,211,100505,211,100558,211,100297,711,100653,211,100228,211,100713,211,100068,211,100727,100,100038,100,100759,100,100028,11,101620,100,99922,100,102256,100,99910,100,102372,100,99824,100,102412,100,,
2019-06-28 09:59:21.412415256,100554,211,100505,311,100558,211,100297,711,100653,211,100228,211,100713,211,100068,211,100727,100,100038,100,100759,100,100028,11,101620,100,99922,100,102256,100,99910,100,102372,100,99824,100,102412,100,,
2019-06-28 09:59:27.634839468,100554,211,100505,311,100558,211,100297,711,100653,211,100228,211,100713,211,100068,211,100727,100,100038,100,100759,100,100028,11,101620,100,99922,100,102256,100,99910,100,102322,100,99824,100,102372,100,,
2019-06-28 09:59:30.000000000,100554,189,100505,289,100558,189,100297,689,100653,189,100228,189,100713,189,100068,189,100727,189,100038,189,100759,100,100028,11,101620,100,99922,100,102256,100,99910,100,102322,100,99824,100,102372,100,,
2019-06-28 09:59:40.000000000,100554,544,100505,644,100558,100,100297,600,100653,100,100228,100,100713,100,100068,100,100727,100,100038,100,100759,100,100028,11,101620,100,99922,100,102256,100,99910,100,102322,100,99824,100,102372,100,,
2019-06-28 09:59:50.000000000,100554,322,100505,422,100558,322,100297,822,100653,100,100228,100,100713,100,100068,100,100727,100,100038,100,100759,100,100028,11,101620,100,99922,100,102256,100,99910,100,102322,100,99824,100,102372,100,,
2019-06-28 10:00:00.000000000,100554,544,100505,644,100558,100,100297,600,100653,100,100228,100,100713,100,100068,100,100727,100,100038,100,100759,100,100028,11,101620,100,99922,100,102256,100,99910,100,102322,100,99824,100,102372,100,,
2019-06-28 10:00:05.402924167,100554,444,100505,644,100558,100,100297,600,100653,100,100228,100,100713,100,100068,100,100727,100,100038,100,100759,100,100028,11,101620,100,99922,100,102256,100,99910,100,102322,100,99824,100,102372,100,,
2019-06-28 10:00:10.000000000,100558,544,100505,644,100653,100,100297,600,100713,100,100228,100,100727,100,100068,100,100759,100,100038,100,101620,100,100028,11,102256,100,99922,100,102322,100,99910,100,102372,100,99824,100,102412,100,,
2019-06-28 10:00:18.146928564,100558,544,100543,100,100653,100,100505,644,100713,100,100297,600,100727,100,100228,100,100759,100,100068,100,101620,100,100038,100,102256,100,100028,11,102322,100,99922,100,102372,100,99910,100,102412,100,99824,100
2019-06-28 10:00:19.350901415,100558,544,100543,200,100653,100,100505,644,100713,100,100297,600,100727,100,100228,100,100759,100,100068,100,101620,100,100038,100,102256,100,100028,11,102322,100,99922,100,102372,100,99910,100,102412,100,99824,100
2019-06-28 10:00:20.000000000,100558,189,100543,289,100653,189,100505,289,100713,189,100297,689,100727,189,100228,189,100759,189,100068,189,101620,100,100038,100,102256,100,100028,11,102322,100,99922,100,102372,100,99910,100,102412,100,99824,100
2019-06-28 10:00:28.104761300,100558,89,100543,289,100653,189,100505,289,100713,189,100297,689,100727,189,100228,189,100759,189,100068,189,101620,100,100038,100,102256,100,100028,11,102322,100,99922,100,102372,100,99910,100,102412,100,99824,100
2019-06-28 10:00:30.000000000,100653,211,100543,311,100713,211,100505,311,100727,211,100297,711,100759,211,100228,211,101620,100,100068,100,102256,100,100038,100,102322,100,100028,11,102372,100,99922,100,102412,100,99910,100,102417,100,99824,100
2019-06-28 10:00:34.143768201,100653,111,100543,311,100713,211,100505,311,100727,211,100297,711,100759,211,100228,211,101620,100,100068,100,102256,100,100038,100,102322,100,100028,11,102372,100,99922,100,102412,100,99910,100,102417,100,99824,100
2019-06-28 10:00:40.000000000,100713,322,100543,422,100727,322,100505,422,100759,100,100297,600,101620,100,100228,100,102256,100,100068,100,102322,100,100038,100,102372,100,100028,11,102412,100,99922,100,102417,100,99910,100,102521,100,99824,100
2019-06-28 10:00:42.697601156,100713,222,100543,422,100727,322,100505,422,100759,100,100297,600,101620,100,100228,100,102256,100,100068,100,102322,100,100038,100,102372,100,100028,11,102412,100,99922,100,102417,100,99910,100,102521,100,99824,100
2019-06-28 10:00:45.850049336,100713,222,100543,422,100727,322,100505,422,100759,100,100297,500,101620,100,100228,100,102256,100,100068,100,102322,100,100038,100,102372,100,100028,11,102412,100,99922,100,102417,100,99910,100,102521,100,99824,100
2019-06-28 10:00:50.000000000,100727,544,100543,644,100759,100,100505,200,101620,100,100297,500,102256,100,100228,100,102322,100,100068,100,102372,100,100038,100,102412,100,100028,11,102417,100,99922,100,102521,100,99910,100,102571,100,99824,100
2019-06-28 10:01:00.000000000,100727,251,100543,351,100759,247,100505,347,101620,247,100297,647,102256,100,100228,100,102322,100,100068,100,102372,100,100038,100,102412,100,100028,11,102417,100,99922,100,102521,100,99910,100,102571,100,99824,100
2019-06-28 10:01:02.878108470,100727,251,100653,100,100759,247,100543,251,101620,247,100505,347,102256,100,100297,647,102322,100,100228,100,102372,100,100068,100,102412,100,100038,100,102417,100,100028,11,102521,100,99922,100,102571,100,99910,100
2019-06-28 10:01:02.953438596,100727,251,100653,200,100759,247,100543,251,101620,247,100505,347,102256,100,100297,547,102322,100,100228,100,102372,100,100068,100,102412,100,100038,100,102417,100,100028,11,102521,100,99922,100,102571,100,99910,100
2019-06-28 10:01:07.657630397,100727,151,100653,200,100759,247,100543,251,101620,247,100505,347,102256,100,100297,547,102322,100,100228,100,102372,100,100068,100,102412,100,100038,100,102417,100,99922,100,102521,100,99910,100,102571,100,99824,100
2019-06-28 10:01:10.000000000,100759,189,100653,289,101620,189,100543,189,102256,189,100505,289,102322,189,100297,489,102372,189,100228,189,102412,100,100068,100,102417,100,100038,100,102521,100,99922,100,102571,100,99910,100,102658,100,99824,100
2019-06-28 10:01:10.010874522,100759,89,100653,289,101620,189,100543,189,102256,189,100505,289,102322,189,100297,489,102372,189,100228,189,102412,100,100068,100,102521,100,100038,100,102571,100,99922,100,102658,100,99910,100,102888,100,99824,100
2019-06-28 10:01:19.150505770,101620,189,100759,11,102256,189,100653,289,102322,189,100543,189,102372,189,100505,289,102412,100,100297,489,102521,100,100228,189,102571,100,100068,100,102658,100,100038,100,,,99922,100,,,99910,100
2019-06-28 10:01:20.000000000,101620,189,100759,100,102256,189,100653,289,102322,189,100543,189,102372,189,100505,289,102412,189,100297,489,102521,100,100228,100,102571,100,100068,100,102658,100,100038,100,,,99922,100,,,99910,100
2019-06-28 10:01:30.000000000,101620,322,100759,233,102256,322,100653,422,102322,100,100543,100,102372,100,100505,200,102412,100,100297,400,102521,100,100228,100,102571,100,100068,100,102658,100,100038,100,,,99922,100,,,99910,100
2019-06-28 10:01:32.552485578,101620,322,100759,233,102256,322,100653,422,102322,100,100543,100,102372,100,100505,200,102412,100,100297,300,102521,100,100228,100,102571,100,100068,100,102658,100,100038,100,,,99922,100,,,99910,100
2019-06-28 10:01:40.000000000,101620,544,100759,455,102256,100,100653,200,102322,100,100543,100,102372,100,100505,200,102412,100,100297,300,102521,100,100228,100,102571,100,100068,100,102658,100,100038,100,,,99922,100,,,99910,100
2019-06-28 10:01:50.000000000,101620,189,100759,100,102256,189,100653,289,102322,189,100543,189,102372,189,100505,289,102412,189,100297,389,102521,100,100228,100,102571,100,100068,100,102658,100,100038,100,,,99922,100,,,99910,100
2019-06-28 10:01:54.264908047,101620,189,100759,100,102102,100,100653,289,102256,189,100543,189,102322,189,100505,289,102372,189,100297,389,102412,189,100228,100,102521,100,100068,100,102571,100,100038,100,102658,100,99922,100,,,99910,100
2019-06-28 10:02:00.000000000,101620,251,100759,162,102102,247,100653,347,102256,247,100543,247,102322,100,100505,200,102372,100,100297,300,102412,100,100228,100,102521,100,100068,100,102571,100,100038,100,102658,100,99922,100,,,99910,100
2019-06-28 10:02:01.668641874,101620,251,100759,162,102102,247,100653,347,102176,100,100543,247,102256,247,100505,200,102322,100,100297,300,102372,100,100228,100,102412,100,100068,100,102521,100,100038,100,102571,100,99922,100,102658,100,99910,100
2019-06-28 10:02:09.612368356,101620,251,100759,162,102102,247,100653,347,102104,100,100543,247,102176,100,100505,200,102256,247,100297,300,102322,100,100068,100,102372,100,100038,100,102412,100,99922,100,102521,100,99910,100,102571,100,99824,100
2019-06-28 10:02:10.000000000,101620,322,100759,233,102102,322,100653,422,102104,100,100543,100,102176,100,100505,200,102256,100,100297,300,102322,100,100068,100,102372,100,100038,100,102412,100,99922,100,102521,100,99910,100,102571,100,99824,100
2019-06-28 10:02:16.941410872,101620,322,100759,233,101971,100,100653,422,102102,322,100543,100,102104,100,100505,200,102176,100,100297,300,102256,100,100068,100,102322,100,100038,100,102372,100,99922,100,102412,100,99910,100,102521,100,99824,100
2019-06-28 10:02:20.000000000,101620,251,100759,162,101971,247,100653,347,102102,247,100543,247,102104,100,100505,200,102176,100,100297,300,102256,100,100068,100,102322,100,100038,100,102372,100,99922,100,102412,100,99910,100,102521,100,99824,100
2019-06-28 10:02:30.000000000,101620,189,100759,100,101971,189,100653,289,102102,189,100543,189,102104,189,100505,289,102176,189,100297,389,102256,100,100068,100,102322,100,100038,100,102372,100,99922,100,102412,100,99910,100,102521,100,99824,100
2019-06-28 10:02:37.662025836,101620,89,100759,100,101971,189,100653,289,102102,189,100543,189,102104,189,100505,289,102176,189,100297,389,102256,100,100068,100,102322,100,100038,100,102372,100,99922,100,102412,100,99910,100,102521,100,99824,100
2019-06-28 10:02:40.000000000,101971,251,100759,162,102102,247,100653,347,102104,247,100543,247,102176,100,100505,200,102256,100,100297,300,102322,100,100068,100,102372,100,100038,100,102412,100,99922,100,102521,100,99910,100,102571,100,99824,100
2019-06-28 10:02:46.365324261,101971,251,100759,162,102102,247,100653,347,102104,247,100543,247,102176,100,100505,200,102256,100,100297,300,102322,100,100068,100,102372,100,100038,100,102412,100,99922,100,102415,100,99910,100,102521,100,99824,100
2019-06-28 10:02:50.000000000,101971,322,100759,233,102102,322,100653,422,102104,100,100543,100,102176,100,100505,200,102256,100,100297,300,102322,100,100068,100,102372,100,100038,100,102412,100,99922,100,102415,100,99910,100,102521,100,99824,100
2019-06-28 10:03:00.000000000,101971,544,100759,455,102102,100,100653,200,102104,100,100543,100,102176,100,100505,200,102256,100,100297,300,102322,100,100068,100,102372,100,100038,100,102412,100,99922,100,102415,100,99910,100,102521,100,99824,100
2019-06-28 10:03:10.000000000,101971,544,100759,455,102102,100,100653,200,102104,100,100543,100,102176,100,100505,200,102256,100,100297,300,102322,100,100068,100,102372,100,100038,100,102412,100,99922,100,102415,100,99910,100,102521,100,99824,100
2019-06-28 10:03:16.146159340,101971,544,100759,455,102086,100,100653,200,102102,100,100543,100,102104,100,100505,200,102176,100,100297,300,102256,100,100068,100,102322,100,100038,100,102372,100,99922,100,102412,100,99910,100,102415,100,99824,100
2019-06-28 10:03:18.508113400,101971,544,101828,100,102086,100,100759,455,102102,100,100653,200,102104,100,100543,100,102176,100,100505,200,102256,100,100297,300,102322,100,100068,100,102372,100,100038,100,102412,100,99922,100,102415,100,99910,100
2019-06-28 10:03:20.000000000,101971,251,101828,251,102086,247,100759,158,102102,247,100653,347,102104,100,100543,100,102176,100,100505,200,102256,100,100297,300,102322,100,100068,100,102372,100,100038,100,102412,100,99922,100,102415,100,99910,100
2019-06-28 10:03:20.135223705,101971,251,101828,251,102027,100,100759,158,102086,247,100653,347,102102,247,100543,100,102104,100,100505,200,102176,100,100297,300,102256,100,100068,100,102322,100,100038,100,102372,100,99922,100,102412,100,99910,100
2019-06-28 10:03:30.000000000,101971,189,101828,189,102027,189,100759,100,102086,189,100653,289,102102,189,100543,189,102104,189,100505,289,102176,100,100297,300,102256,100,100068,100,102322,100,100038,100,102372,100,99922,100,102412,100,99910,100
2019-06-28 10:03:34.121034754,101971,189,101828,89,102027,189,100759,100,102086,189,100653,289,102102,189,100543,189,102104,189,100505,289,102176,100,100297,300,102256,100,100068,100,102322,100,100038,100,102372,100,99922,100,102412,100,99910,100
2019-06-28 10:03:35.457331651,101971,189,101828,89,102027,189,100759,100,102086,189,100653,289,102102,189,100543,189,102104,189,100505,189,102176,100,100297,300,102256,100,100068,100,102322,100,100038,100,102372,100,99922,100,102412,100,99910,100
2019-06-28 10:03:40.000000000,101971,544,100759,455,102027,100,100653,200,102086,100,100543,100,102102,100,100505,100,102104,100,100297,300,102176,100,100068,100,102256,100,100038,100,102322,100,99922,100,102372,100,99910,100,102412,100,99824,100
2019-06-28 10:03:47.355976351,101971,544,101596,100,102027,100,100759,455,102086,100,100653,200,102102,100,100543,100,102176,100,100505,100,102256,100,100297,300,102322,100,100068,100,102372,100,100038,100,102412,100,99922,100,102415,100,99910,100
2019-06-28 10:03:50.000000000,101971,544,101596,544,102027,100,100759,11,102086,100,100653,200,102102,100,100543,100,102176,100,100505,100,102256,100,100297,300,102322,100,100068,100,102372,100,100038,100,102412,100,99922,100,102415,100,99910,100
2019-06-28 10:04:00.000000000,101971,322,101596,322,102027,322,100759,233,102086,100,100653,200,102102,100,100543,100,102176,100,100505,100,102256,100,100297,300,102322,100,100068,100,102372,100,100038,100,102412,100,99922,100,102415,100,99910,100
2019-06-28 10:04:10.000000000,101971,251,101596,251,102027,247,100759,158,102086,247,100653,347,102102,100,100543,100,102176,100,100505,100,102256,100,100297,300,102322,100,100068,100,102372,100,100038,100,102412,100,99922,100,102415,100,99910,100
2019-06-28 10:04:17.860788299,101971,251,101596,151,102027,247,100759,158,102086,247,100653,347,102102,100,100543,100,102176,100,100505,100,102256,100,100297,300,102322,100,100068,100,102372,100,100038,100,102412,100,99922,100,102415,100,99910,100
2019-06-28 10:04:20.000000000,101971,211,100759,122,102027,211,100653,311,102086,211,100543,211,102102,211,100505,211,102176,100,100297,300,102256,100,100068,100,102322,100,100038,100,102372,100,99922,100,102412,100,99910,100,102415,100,99824,100
2019-06-28 10:04:23.424462970,101828,100,100759,122,101971,211,100653,311,102027,211,100543,211,102086,211,100505,211,102102,211,100297,300,102176,100,100068,100,102256,100,100038,100,102322,100,99922,100,102372,100,99910,100,102412,100,99824,100
2019-06-28 10:04:26.190235508,101828,200,100759,122,101971,211,100653,311,102027,211,100543,211,102086,211,100505,211,102102,211,100297,300,102176,100,100068,100,102256,100,100038,100,102322,100,99922,100,102372,100,99910,100,102412,100,99824,100
2019-06-28 10:04:30.000000000,101828,351,100759,162,101971,247,100653,347,102027,247,100543,247,102086,100,100505,100,102102,100,100297,300,102176,100,100068,100,102256,100,100038,100,102322,100,99922,100,102372,100,99910,100,102412,100,99824,100
2019-06-28 10:04:32.482729181,101828,351,101281,100,101971,247,100759,162,102027,247,100653,347,102086,100,100543,247,102102,100,100505,100,102176,100,100297,300,102256,100,100068,100,102322,100,100038,100,102372,100,99922,100,102412,100,99910,100
2019-06-28 10:04:40.000000000,101828,289,101281,189,101971,189,100759,100,102027,189,100653,289,102086,189,100543,189,102102,189,100505,189,102176,100,100297,300,102256,100,100068,100,102322,100,100038,100,102372,100,99922,100,102412,100,99910,100
2019-06-28 10:04:50.000000000,101828,422,101281,322,101971,322,100759,233,102027,100,100653,200,102086,100,100543,100,102102,100,100505,100,102176,100,100297,300,102256,100,100068,100,102322,100,100038,100,102372,100,99922,100,102412,100,99910,100
2019-06-28 10:05:00.000000000,101828,311,101281,211,101971,211,100759,122,102027,211,100653,311,102086,211,100543,211,102102,100,100505,100,102176,100,100297,300,102256,100,100068,100,102322,100,100038,100,102372,100,99922,100,102412,100,99910,100
2019-06-28 10:05:10.000000000,101828,289,101281,189,101971,189,100759,100,102027,189,100653,289,102086,189,100543,189,102102,189,100505,189,102176,100,100297,300,102256,100,100068,100,102322,100,100038,100,102372,100,99922,100,102412,100,99910,100
2019-06-28 10:05:20.000000000,101828,311,101281,211,101971,211,100759,122,102027,211,100653,311,102086,211,100543,211,102102,100,100505,100,102176,100,100297,300,102256,100,100068,100,102322,100,100038,100,102372,100,99922,100,102412,100,99910,100
2019-06-28 10:05:30.000000000,101828,311,101281,211,101971,211,100759,122,102027,211,100653,311,102086,211,100543,211,102102,100,100505,100,102176,100,100297,300,102256,100,100068,100,102322,100,100038,100,102372,100,99922,100,102412,100,99910,100
2019-06-28 10:05:36.490994675,101828,311,101281,111,101971,211,100759,122,102027,211,100653,311,102086,211,100543,211,102102,100,100505,100,102176,100,100297,300,102256,100,100068,100,102322,100,100038,100,102372,100,99922,100,102412,100,99910,100
2019-06-28 10:05:40.000000000,101828,422,100759,233,101971,322,100653,422,102027,100,100543,100,102086,100,100505,100,102102,100,100297,300,102176,100,100068,100,102256,100,100038,100,102322,100,99922,100,102372,100,99910,100,102412,100,99824,100
2019-06-28 10:05:49.066662581,101828,422,101131,100,101971,322,100759,233,102027,100,100653,422,102086,100,100543,100,102102,100,100505,100,102176,100,100297,300,102256,100,100068,100,102322,100,100038,100,102372,100,99922,100,102412,100,99910,100
2019-06-28 10:05:49.512058562,101352,100,101131,100,101828,422,100759,233,101971,322,100653,422,102027,100,100543,100,102086,100,100505,100,102102,100,100297,300,102176,100,100068,100,102256,100,100038,100,102322,100,99922,100,102372,100,99910,100
2019-06-28 10:05:50.000000000,101352,211,101131,211,101828,311,100759,122,101971,211,100653,311,102027,211,100543,211,102086,100,100505,100,102102,100,100297,300,102176,100,100068,100,102256,100,100038,100,102322,100,99922,100,102372,100,99910,100
2019-06-28 10:05:50.877635373,101240,100,101131,211,101352,211,100759,122,101828,311,100653,311,101971,211,100543,211,102027,211,100505,100,102086,100,100297,300,102102,100,100068,100,102176,100,100038,100,102256,100,99922,100,102372,100,99910,100
2019-06-28 10:05:52.101530379,101240,100,101131,211,101352,211,101041,100,101828,311,100759,122,101971,211,100653,311,102027,211,100543,211,102086,100,100505,100,102102,100,100297,300,102176,100,100068,100,102256,100,100038,100,102372,100,99910,100
2019-06-28 10:06:00.000000000,101240,189,101131,189,101352,189,101041,189,101828,289,100759,100,101971,189,100653,289,102027,189,100543,189,102086,100,100505,100,102102,100,100297,300,102176,100,100068,100,102256,100,100038,100,102372,100,99910,100
2019-06-28 10:06:06.536163447,101240,189,101131,189,101352,189,101041,189,101596,100,100759,100,101828,289,100653,289,101971,189,100543,189,102027,189,100505,100,102086,100,100297,300,102102,100,100068,100,102176,100,100038,100,102256,100,99910,100
2019-06-28 10:06:10.000000000,101240,251,101131,251,101352,247,101041,247,101596,247,100759,158,101828,200,100653,200,101971,100,100543,100,102027,100,100505,100,102086,100,100297,300,102102,100,100068,100,102176,100,100038,100,102256,100,99910,100
2019-06-28 10:06:11.314565462,101240,251,101131,251,101352,247,101048,100,101596,247,101041,247,101828,200,100759,158,101971,100,100653,200,102027,100,100543,100,102086,100,100505,100,102102,100,100297,300,102176,100,100068,100,102256,100,100038,100
2019-06-28 10:06:20.000000000,101240,322,101131,322,101352,322,101048,322,101596,100,101041,100,101828,200,100759,11,101971,100,100653,200,102027,100,100543,100,102086,100,100505,100,102102,100,100297,300,102176,100,100068,100,102256,100,100038,100
2019-06-28 10:06:25.423916251,101240,322,101131,322,101279,100,101048,322,101352,322,101041,100,101596,100,100759,11,101828,200,100653,200,101971,100,100543,100,102027,100,100505,100,102086,100,100297,300,102102,100,100068,100,102176,100,100038,100
2019-06-28 10:06:30.000000000,101240,211,101131,211,101279,211,101048,211,101352,211,101041,211,101596,211,100759,122,101828,200,100653,200,101971,100,100543,100,102027,100,100505,100,102086,100,100297,300,102102,100,100068,100,102176,100,100038,100
2019-06-28 10:06:35.956945558,101201,100,101131,211,101240,211,101048,211,101279,211,101041,211,101352,211,100759,122,101596,211,100653,200,101828,200,100543,100,101971,100,100505,100,102027,100,100297,300,102086,100,100068,100,102102,100,100038,100
