,ask_price_1,ask_size_1,bid_price_1,bid_size_1,ask_price_2,ask_size_2,bid_price_2,bid_size_2,ask_price_3,ask_size_3,bid_price_3,bid_size_3,ask_price_4,ask_size_4,bid_price_4,bid_size_4,ask_price_5,ask_size_5,bid_price_5,bid_size_5,ask_price_6,ask_size_6,bid_price_6,bid_size_6,ask_price_7,ask_size_7,bid_price_7,bid_size_7,ask_price_8,ask_size_8,bid_price_8,bid_size_8,ask_price_9,ask_size_9,bid_price_9,bid_size_9,ask_price_10,ask_size_10,bid_price_10,bid_size_10
2019-06-28 09:30:00.000000001,100024,100,,,,,,,,,,,,,,,,,,,,,,,,,,,,,,,,,,,,,,
2019-06-28 09:30:00.000000002,100024,100,99871,100,,,,,,,,,,,,,,,,,,,,,,,,,,,,,,,,,,,,
2019-06-28 09:30:00.000000008,100024,100,99991,100,,,99871,100,,,,,,,,,,,,,,,,,,,,,,,,,,,,,,,,
2019-06-28 09:30:00.000000009,100024,100,99991,100,,,99871,100,,,99784,100,,,,,,,,,,,,,,,,,,,,,,,,,,,,
2019-06-28 09:30:00.000000010,99993,100,99991,100,100024,100,99871,100,,,99865,100,,,99784,100,,,,,,,,,,,,,,,,,,,,,,,,
2019-06-28 09:30:00.000000015,99993,100,99991,100,100024,100,99871,100,100098,100,99865,100,,,99784,100,,,,,,,,,,,,,,,,,,,,,,,,
2019-06-28 09:30:00.000000017,99993,100,99991,100,100024,100,99895,100,100098,100,99871,100,,,99865,100,,,99784,100,,,,,,,,,,,,,,,,,,,,
2019-06-28 09:30:00.000000018,99993,100,99991,100,100024,100,99895,100,100056,100,99871,100,100098,100,99865,100,,,99784,100,,,,,,,,,,,,,,,,,,,,
2019-06-28 09:30:00.000000022,99993,100,99991,100,100007,100,99895,100,100024,100,99871,100,100056,100,99865,100,100073,100,99784,100,100098,100,,,,,,,,,,,,,,,,,,
2019-06-28 09:30:00.000000023,99993,100,99991,100,100007,100,99937,100,100024,100,99895,100,100056,100,99871,100,100073,100,99865,100,100098,100,99860,100,,,99784,100,,,,,,,,,,,,
2019-06-28 09:30:00.000000025,99993,100,99991,100,100007,100,99937,100,100024,100,99895,100,100056,100,99871,100,100073,100,99865,100,100098,100,99860,100,100156,100,99784,100,,,,,,,,,,,,
2019-06-28 09:30:00.000000027,100007,100,99991,100,100024,100,99937,100,100056,100,99895,100,100073,100,99890,100,100098,100,99871,100,100156,100,99865,100,,,99860,100,,,99784,100,,,,,,,,
2019-06-28 09:30:00.000000030,100007,100,99937,100,100024,100,99895,100,100056,100,99890,100,100073,100,99871,100,100098,100,99865,100,100156,100,99860,100,,,99784,100,,,,,,,,,,,,
2019-06-28 09:30:00.000000031,100007,100,99937,100,100020,100,99895,100,100024,100,99890,100,100056,100,99871,100,100073,100,99865,100,100098,100,99860,100,100156,100,99784,100,,,,,,,,,,,,
2019-06-28 09:30:00.000000034,100020,100,99937,100,100024,100,99895,100,100056,100,99890,100,100073,100,99871,100,100098,100,99865,100,100156,100,99860,100,,,99784,100,,,,,,,,,,,,
2019-06-28 09:30:00.000000036,100020,100,99991,100,100024,100,99937,100,100041,100,99895,100,100056,100,99890,100,100073,100,99871,100,100098,100,99865,100,100156,100,99860,100,,,99784,100,,,,,,,,
2019-06-28 09:30:00.000000038,100020,100,99991,100,100024,100,99937,100,100041,100,99895,100,100056,100,99890,100,100073,100,99871,100,100098,100,99865,100,100139,100,99860,100,100156,100,99784,100,,,,,,,,
2019-06-28 09:30:00.000000040,100020,100,99937,100,100024,100,99902,100,100041,100,99895,100,100056,100,99890,100,100073,100,99871,100,100098,100,99865,100,100139,100,99860,100,100156,100,99784,100,,,,,,,,
2019-06-28 09:30:00.000000043,100020,100,99991,100,100024,100,99937,100,100041,100,99902,100,100056,100,99895,100,100073,100,99890,100,100098,100,99871,100,100134,100,99865,100,100139,100,99860,100,100156,100,99784,100,,,,
2019-06-28 09:30:00.000000047,100020,100,99991,100,100024,100,99937,100,100041,100,99902,100,100056,100,99895,100,100073,100,99890,100,100098,100,99871,100,100134,100,99868,100,100139,100,99865,100,100156,100,99860,100,,,99784,100
2019-06-28 09:30:00.000000049,100020,100,99941,100,100024,100,99937,100,100041,100,99902,100,100056,100,99895,100,100073,100,99890,100,100098,100,99871,100,100134,100,99868,100,100139,100,99865,100,100156,100,99860,100,,,99784,100
2019-06-28 09:30:00.000000052,100020,100,99986,100,100024,100,99943,100,100041,100,99941,100,100056,100,99937,100,100073,100,99902,100,100098,100,99897,100,100134,100,99895,100,100139,100,99890,100,100156,100,99871,100,,,99868,100
2019-06-28 09:30:00.000000053,100020,100,99986,100,100024,100,99943,100,100041,100,99941,100,100056,100,99937,100,100073,100,99902,100,100098,100,99897,200,100134,100,99895,100,100139,100,99890,100,100156,100,99871,100,,,99868,100
2019-06-28 09:30:00.000000056,100020,100,99986,100,100024,100,99945,100,100041,100,99943,100,100056,100,99941,100,100073,100,99937,100,100098,100,99902,100,100134,100,99897,200,100139,100,99895,100,100156,100,99890,100,,,99871,100
2019-06-28 09:30:00.000000057,100020,100,99986,100,100024,100,99945,100,100041,100,99943,100,100056,100,99941,100,100073,100,99937,100,100098,100,99919,100,100134,100,99902,100,100139,100,99897,200,100156,100,99895,100,,,99890,100
2019-06-28 09:30:00.000000060,100020,100,99986,100,100024,100,99945,100,100041,100,99943,100,100056,100,99941,100,100073,200,99937,100,100098,100,99919,100,100134,100,99902,100,100139,100,99897,200,100156,100,99895,100,,,99890,100
2019-06-28 09:30:00.000000066,100020,100,99986,100,100024,100,99945,100,100041,100,99943,100,100056,100,99941,100,100073,200,99937,100,100098,100,99919,100,100123,100,99902,100,100134,100,99897,200,100139,100,99895,100,100156,100,99890,100
2019-06-28 09:30:00.000000070,99991,100,99986,100,100020,100,99945,100,100024,100,99943,100,100041,100,99941,100,100056,100,99937,100,100073,200,99919,100,100098,100,99902,100,100123,100,99897,200,100134,100,99895,100,100139,100,99890,100
2019-06-28 09:30:00.000000071,100020,100,99986,100,100024,100,99945,100,100041,100,99943,100,100056,100,99941,100,100073,200,99937,100,100098,100,99919,100,100123,100,99902,100,100134,100,99897,200,100139,100,99895,100,100156,100,99890,100
2019-06-28 09:30:00.000000072,100024,100,99986,100,100041,100,99945,100,100056,100,99943,100,100073,200,99941,100,100098,100,99937,100,100123,100,99919,100,100134,100,99902,100,100139,100,99897,200,100156,100,99895,100,,,99890,100
2019-06-28 09:30:00.000000073,100024,100,99986,100,100041,100,99945,100,100056,100,99943,100,100073,200,99941,100,100098,100,99937,100,100123,100,99919,100,100134,100,99902,100,100139,100,99897,200,100156,100,99895,100,,,99890,100
2019-06-28 09:30:00.000000074,100024,100,99991,100,100041,100,99986,100,100056,100,99945,100,100073,200,99943,100,100098,100,99941,100,100123,100,99937,100,100134,100,99919,100,100139,100,99918,100,100156,100,99902,100,,,99897,200
2019-06-28 09:30:00.000000081,100024,100,99991,300,100041,100,99986,100,100056,100,99945,100,100073,200,99943,100,100098,100,99941,100,100123,100,99937,100,100134,100,99919,100,100139,100,99918,100,100156,100,99902,100,100171,100,99901,100
2019-06-28 09:30:00.000000082,100024,100,99991,300,100041,100,99986,100,100056,100,99945,100,100073,200,99943,100,100098,100,99941,100,100123,200,99937,100,100134,100,99919,100,100139,100,99918,100,100156,100,99902,100,100171,100,99901,100
2019-06-28 09:30:00.000000086,100020,100,99991,300,100024,100,99986,100,100041,100,99945,100,100056,100,99943,100,100073,200,99941,100,100098,100,99937,100,100123,200,99919,100,100134,100,99918,100,100139,100,99902,100,100156,100,99901,100
2019-06-28 09:30:00.000000089,100020,200,99991,300,100024,100,99986,100,100041,100,99945,100,100056,100,99943,100,100073,200,99941,100,100098,100,99937,100,100110,100,99919,100,100123,200,99918,100,100134,100,99902,100,100139,100,99901,100
2019-06-28 09:30:00.000000090,100020,100,99991,300,100024,100,99986,100,100041,100,99947,100,100056,100,99945,100,100073,200,99943,100,100098,100,99941,100,100110,100,99937,100,100123,200,99919,100,100134,100,99918,100,100139,100,99902,100
2019-06-28 09:30:00.000000091,100024,100,99991,300,100041,100,99986,100,100056,100,99947,100,100073,200,99945,100,100098,100,99943,100,100110,100,99941,100,100123,200,99937,100,100134,100,99919,100,100139,100,99918,100,100156,100,99902,100
2019-06-28 09:30:00.000000092,100024,100,99991,300,100041,100,99986,100,100056,100,99947,100,100073,200,99945,100,100098,100,99943,100,100110,100,99941,100,100123,200,99937,100,100134,100,99919,100,100139,100,99918,100,100156,100,99902,100
2019-06-28 09:30:00.000000094,100024,100,99991,300,100041,100,99986,100,100056,100,99947,100,100073,200,99945,100,100098,100,99943,100,100110,100,99941,100,100123,200,99937,100,100134,100,99919,100,100139,100,99918,100,100156,100,99902,100
2019-06-28 09:30:00.000000096,100024,100,99991,300,100034,100,99986,100,100041,100,99966,100,100056,100,99947,100,100073,200,99945,100,100098,100,99943,100,100110,100,99941,100,100123,200,99937,100,100134,100,99919,100,100139,100,99918,100
2019-06-28 09:30:00.000000098,100020,100,99991,300,100024,100,99986,100,100034,100,99966,100,100041,100,99947,100,100056,100,99945,100,100073,200,99943,100,100098,100,99941,100,100110,100,99937,100,100123,200,99919,100,100134,100,99918,100
2019-06-28 09:30:00.000000099,100020,100,99991,300,100024,100,99989,100,100034,100,99986,100,100041,100,99966,100,100056,100,99947,100,100073,200,99945,100,100098,100,99943,100,100110,100,99941,100,100123,200,99937,100,100134,100,99919,100
2019-06-28 09:30:10.000000000,100020,327,99991,527,100024,327,99989,327,100034,100,99986,100,100041,100,99966,100,100056,100,99947,100,100073,200,99945,100,100098,100,99943,100,100110,100,99941,100,100123,200,99937,100,100134,100,99919,100
2019-06-28 09:30:14.423049362,100020,327,99991,427,100024,327,99989,327,100034,100,99986,100,100041,100,99966,100,100056,100,99945,100,100073,200,99943,100,100098,100,99941,100,100110,100,99937,100,100123,200,99919,100,100134,100,99918,100
2019-06-28 09:30:20.000000000,100020,254,99991,354,100024,250,99989,250,100034,250,99986,250,100041,100,99966,100,100056,100,99945,100,100073,200,99943,100,100098,100,99941,100,100110,100,99937,100,100123,200,99919,100,100134,100,99918,100
2019-06-28 09:30:24.691152170,100012,100,99991,354,100020,254,99989,250,100024,250,99986,250,100034,250,99966,100,100041,100,99945,100,100056,100,99943,100,100073,200,99941,100,100098,100,99937,100,100110,100,99919,100,100123,200,99918,100
2019-06-28 09:30:24.901099028,100012,100,99991,354,100020,254,99989,250,100024,250,99986,250,100034,250,99966,100,100041,100,99945,100,100056,100,99943,100,100073,200,99941,100,100098,100,99937,100,100110,100,99919,100,100123,200,99918,100
2019-06-28 09:30:30.000000000,100012,327,99991,427,100020,327,99989,327,100024,100,99986,100,100034,100,99966,100,100041,100,99945,100,100056,100,99943,100,100073,200,99941,100,100098,100,99937,100,100110,100,99919,100,100123,200,99918,100
2019-06-28 09:30:37.176135987,100012,327,99991,427,100020,327,99989,327,100024,100,99986,100,100034,100,99966,100,100041,100,99945,100,100056,100,99943,100,100073,200,99941,100,100098,100,99937,100,100110,100,99919,100,100123,200,99918,100
2019-06-28 09:30:40.000000000,100012,254,99991,354,100020,250,99989,250,100024,250,99986,250,100034,100,99966,100,100041,100,99945,100,100056,100,99943,100,100073,200,99941,100,100098,100,99937,100,100110,100,99919,100,100123,200,99918,100
2019-06-28 09:30:50.000000000,100012,254,99991,354,100020,250,99989,250,100024,250,99986,250,100034,100,99966,100,100041,100,99945,100,100056,100,99943,100,100073,200,99941,100,100098,100,99937,100,100110,100,99919,100,100123,200,99918,100
2019-06-28 09:31:00.000000000,100012,327,99991,427,100020,327,99989,327,100024,100,99986,100,100034,100,99966,100,100041,100,99945,100,100056,100,99943,100,100073,200,99941,100,100098,100,99937,100,100110,100,99919,100,100123,200,99918,100
2019-06-28 09:31:09.904330882,100012,327,99991,327,100020,327,99989,327,100024,100,99986,100,100034,100,99966,100,100041,100,99945,100,100056,100,99943,100,100073,200,99941,100,100110,100,99937,100,100123,200,99919,100,100134,100,99918,100
2019-06-28 09:31:10.000000000,100012,191,99991,191,100020,191,99989,191,100024,191,99986,191,100034,191,99966,191,100041,191,99945,191,100056,100,99943,100,100073,200,99941,100,100110,100,99937,100,100123,200,99919,100,100134,100,99918,100
2019-06-28 09:31:20.000000000,100012,554,99991,554,100020,100,99989,100,100024,100,99986,100,100034,100,99966,100,100041,100,99945,100,100056,100,99943,100,100073,200,99941,100,100110,100,99937,100,100123,200,99919,100,100134,100,99918,100
2019-06-28 09:31:30.000000000,100012,254,99991,254,100020,250,99989,250,100024,250,99986,250,100034,100,99966,100,100041,100,99945,100,100056,100,99943,100,100073,200,99941,100,100110,100,99937,100,100123,200,99919,100,100134,100,99918,100
2019-06-28 09:31:37.684828313,100012,254,99991,254,100020,250,99989,250,100024,250,99986,250,100034,100,99966,100,100056,100,99945,100,100073,200,99943,100,100110,100,99941,100,100123,200,99937,100,100134,100,99919,100,100139,100,99918,100
2019-06-28 09:31:40.000000000,100012,327,99991,327,100020,327,99989,327,100024,100,99986,100,100034,100,99966,100,100056,100,99945,100,100073,200,99943,100,100110,100,99941,100,100123,200,99937,100,100134,100,99919,100,100139,100,99918,100
2019-06-28 09:31:50.000000000,100012,214,99991,214,100020,214,99989,214,100024,214,99986,214,100034,214,99966,214,100056,100,99945,100,100073,200,99943,100,100110,100,99941,100,100123,200,99937,100,100134,100,99919,100,100139,100,99918,100
2019-06-28 09:32:00.000000000,100012,254,99991,254,100020,250,99989,250,100024,250,99986,250,100034,100,99966,100,100056,100,99945,100,100073,200,99943,100,100110,100,99941,100,100123,200,99937,100,100134,100,99919,100,100139,100,99918,100
2019-06-28 09:32:01.592350299,100012,254,99991,254,100020,250,99989,250,100024,250,99986,250,100034,100,99966,100,100056,100,99945,100,100073,200,99943,100,100110,100,99941,100,100123,200,99937,100,100134,100,99919,100,100139,100,99918,100
2019-06-28 09:32:04.612773837,100012,254,99991,254,100020,250,99989,250,100024,250,99986,250,100034,100,99966,100,100056,100,99945,100,100073,200,99943,100,100110,100,99941,100,100123,200,99937,100,100139,100,99919,100,100156,100,99918,100
2019-06-28 09:32:10.000000000,100012,554,99991,554,100020,100,99989,100,100024,100,99986,100,100034,100,99966,100,100056,100,99945,100,100073,200,99943,100,100110,100,99941,100,100123,200,99937,100,100139,100,99919,100,100156,100,99918,100
2019-06-28 09:32:20.000000000,100012,214,99991,214,100020,214,99989,214,100024,214,99986,214,100034,214,99966,214,100056,100,99945,100,100073,200,99943,100,100110,100,99941,100,100123,200,99937,100,100139,100,99919,100,100156,100,99918,100
2019-06-28 09:32:30.000000000,100012,254,99991,254,100020,250,99989,250,100024,250,99986,250,100034,100,99966,100,100056,100,99945,100,100073,200,99943,100,100110,100,99941,100,100123,200,99937,100,100139,100,99919,100,100156,100,99918,100
2019-06-28 09:32:30.557902978,100012,254,99991,254,100020,250,99989,250,100024,250,99986,250,100034,100,99966,100,100056,100,99945,100,100073,200,99943,100,100110,100,99941,100,100123,200,99925,100,100139,100,99919,100,100156,100,99918,100
2019-06-28 09:32:35.077072868,100012,254,99991,254,100020,250,99989,250,100024,250,99986,250,100034,100,99966,100,100045,100,99945,100,100056,100,99943,100,100073,200,99941,100,100110,100,99919,100,100123,200,99918,100,100139,100,99902,100
2019-06-28 09:32:40.000000000,100012,254,99991,254,100020,250,99989,250,100024,250,99986,250,100034,100,99966,100,100045,100,99945,100,100056,100,99943,100,100073,200,99941,100,100110,100,99919,100,100123,200,99918,100,100139,100,99902,100
2019-06-28 09:32:47.819118315,100012,254,99991,154,100020,250,99989,250,100024,250,99986,250,100034,100,99966,100,100045,100,99945,100,100056,100,99943,100,100073,200,99941,100,100110,100,99919,100,100123,200,99918,100,100139,100,99902,100
2019-06-28 09:32:50.000000000,100012,327,99989,327,100020,327,99986,327,100024,100,99966,100,100034,100,99945,100,100045,100,99943,100,100056,100,99941,100,100073,200,99919,100,100110,100,99918,100,100123,200,99902,100,100139,100,99901,100
2019-06-28 09:32:50.079798380,100012,327,99989,227,100020,327,99986,327,100024,100,99966,100,100034,100,99945,100,100045,100,99943,100,100056,100,99941,100,100073,200,99919,100,100110,100,99918,100,100123,100,99902,100,100139,100,99901,100
2019-06-28 09:32:54.548227155,100012,327,99989,127,100020,327,99986,327,100024,100,99966,100,100034,100,99945,100,100045,100,99941,100,100056,100,99919,100,100073,200,99918,100,100110,100,99902,100,100123,100,99901,100,100139,100,99900,100
2019-06-28 09:33:00.000000000,100012,554,99986,554,100020,100,99966,100,100024,100,99945,100,100034,100,99941,100,100045,100,99919,100,100056,100,99918,100,100073,200,99902,100,100110,100,99901,100,100123,100,99900,100,100139,100,99898,100
2019-06-28 09:33:10.000000000,100012,254,99986,254,100020,250,99966,250,100024,250,99945,250,100034,100,99941,100,100045,100,99919,100,100056,100,99918,100,100073,200,99902,100,100110,100,99901,100,100123,100,99900,100,100139,100,99898,100
2019-06-28 09:33:20.000000000,100012,327,99986,327,100020,327,99966,327,100024,100,99945,100,100034,100,99941,100,100045,100,99919,100,100056,100,99918,100,100073,200,99902,100,100110,100,99901,100,100123,100,99900,100,100139,100,99898,100
2019-06-28 09:33:23.033339235,99989,100,99986,327,100012,327,99966,327,100020,327,99945,100,100024,100,99941,100,100034,100,99919,100,100045,100,99918,100,100056,100,99902,100,100073,200,99901,100,100110,100,99900,100,100123,100,99898,100
2019-06-28 09:33:30.000000000,99989,191,99986,191,100012,191,99966,191,100020,191,99945,191,100024,191,99941,191,100034,191,99919,191,100045,100,99918,100,100056,100,99902,100,100073,200,99901,100,100110,100,99900,100,100123,100,99898,100
2019-06-28 09:33:40.000000000,99989,254,99986,254,100012,250,99966,250,100020,250,99945,250,100024,100,99941,100,100034,100,99919,100,100045,100,99918,100,100056,100,99902,100,100073,200,99901,100,100110,100,99900,100,100123,100,99898,100
2019-06-28 09:33:48.728392002,99989,254,99986,154,100012,250,99966,250,100020,250,99945,250,100024,100,99941,100,100034,100,99919,100,100045,100,99918,100,100056,100,99902,100,100073,200,99901,100,100110,100,99900,100,100123,100,99898,100
2019-06-28 09:33:50.000000000,99989,327,99966,327,100012,327,99945,327,100020,100,99941,100,100024,100,99919,100,100034,100,99918,100,100045,100,99902,100,100056,100,99901,100,100073,200,99900,100,100110,100,99898,100,100123,100,99897,200
2019-06-28 09:33:51.731632659,99989,327,99966,327,100012,327,99945,327,100020,100,99941,100,100024,100,99919,100,100034,100,99918,100,100045,100,99902,100,100056,100,99901,100,100073,200,99900,100,100110,100,99898,100,100123,100,99897,200
2019-06-28 09:34:00.000000000,99989,554,99966,554,100012,100,99945,100,100020,100,99941,100,100024,100,99919,100,100034,100,99918,100,100045,100,99902,100,100056,100,99901,100,100073,200,99900,100,100110,100,99898,100,100123,100,99897,200
2019-06-28 09:34:00.183845280,99989,554,99966,454,100012,100,99945,100,100020,100,99941,100,100024,100,99919,100,100034,100,99918,100,100045,100,99902,100,100056,100,99901,100,100073,200,99900,100,100110,100,99898,100,100123,100,99897,200
2019-06-28 09:34:01.079238584,99989,554,99966,354,100012,100,99945,100,100020,100,99919,100,100024,100,99918,100,100034,100,99902,100,100045,100,99901,100,100056,100,99900,100,100073,200,99898,100,100110,100,99897,200,100123,100,99895,100
2019-06-28 09:34:10.000000000,99989,554,99945,554,100012,100,99919,100,100020,100,99918,100,100024,100,99902,100,100034,100,99901,100,100045,100,99900,100,100056,100,99898,100,100073,200,99897,200,100110,100,99895,100,100123,100,99890,100
2019-06-28 09:34:20.000000000,99989,327,99945,327,100012,327,99919,327,100020,100,99918,100,100024,100,99902,100,100034,100,99901,100,100045,100,99900,100,100056,100,99898,100,100073,200,99897,200,100110,100,99895,100,100123,100,99890,100
2019-06-28 09:34:30.000000000,99989,191,99945,191,100012,191,99919,191,100020,191,99918,191,100024,191,99902,191,100034,191,99901,191,100045,100,99900,100,100056,100,99898,100,100073,200,99897,200,100110,100,99895,100,100123,100,99890,100
2019-06-28 09:34:31.783159969,99989,191,99945,191,100012,191,99919,191,100020,91,99918,191,100024,191,99902,191,100034,191,99901,191,100045,100,99900,100,100056,100,99898,100,100073,200,99897,200,100110,100,99895,100,100123,100,99890,100
2019-06-28 09:34:40.000000000,99989,214,99945,214,100012,214,99919,214,100024,214,99918,214,100034,214,99902,214,100045,100,99901,100,100056,100,99900,100,100073,200,99898,100,100110,100,99897,200,100123,100,99895,100,100139,100,99890,100
2019-06-28 09:34:48.310734206,99989,214,99945,114,100012,214,99919,214,100024,214,99918,214,100034,214,99902,214,100045,100,99901,100,100056,100,99900,100,100073,200,99897,200,100110,100,99895,100,100123,100,99890,100,100139,100,99888,100
2019-06-28 09:34:50.000000000,99989,214,99919,214,100012,214,99918,214,100024,214,99902,214,100034,214,99901,214,100045,100,99900,100,100056,100,99897,200,100073,200,99895,100,100110,100,99890,100,100123,100,99888,100,100139,100,99871,100
2019-06-28 09:35:00.000000000,99989,254,99919,254,100012,250,99918,250,100024,250,99902,250,100034,100,99901,100,100045,100,99900,100,100056,100,99897,200,100073,200,99895,100,100110,100,99890,100,100123,100,99888,100,100139,100,99871,100
2019-06-28 09:35:10.000000000,99989,327,99919,327,100012,327,99918,327,100024,100,99902,100,100034,100,99901,100,100045,100,99900,100,100056,100,99897,200,100073,200,99895,100,100110,100,99890,100,100123,100,99888,100,100139,100,99871,100
2019-06-28 09:35:20.000000000,99989,191,99919,191,100012,191,99918,191,100024,191,99902,191,100034,191,99901,191,100045,191,99900,191,100056,100,99897,200,100073,200,99895,100,100110,100,99890,100,100123,100,99888,100,100139,100,99871,100
2019-06-28 09:35:30.000000000,99989,214,99919,214,100012,214,99918,214,100024,214,99902,214,100034,214,99901,214,100045,100,99900,100,100056,100,99897,200,100073,200,99895,100,100110,100,99890,100,100123,100,99888,100,100139,100,99871,100
2019-06-28 09:35:30.522208673,99966,100,99919,214,99989,214,99918,214,100012,214,99902,214,100024,214,99901,214,100034,214,99900,100,100045,100,99897,200,100056,100,99895,100,100073,200,99890,100,100110,100,99888,100,100123,100,99871,100
2019-06-28 09:35:40.000000000,99966,214,99919,214,99989,214,99918,214,100012,214,99902,214,100024,214,99901,214,100034,100,99900,100,100045,100,99897,200,100056,100,99895,100,100073,200,99890,100,100110,100,99888,100,100123,100,99871,100
2019-06-28 09:35:50.000000000,99966,214,99919,214,99989,214,99918,214,100012,214,99902,214,100024,214,99901,214,100034,100,99900,100,100045,100,99897,200,100056,100,99895,100,100073,200,99890,100,100110,100,99888,100,100123,100,99871,100
2019-06-28 09:36:00.000000000,99966,554,99919,554,99989,100,99918,100,100012,100,99902,100,100024,100,99901,100,100034,100,99900,100,100045,100,99897,200,100056,100,99895,100,100073,200,99890,100,100110,100,99888,100,100123,100,99871,100
2019-06-28 09:36:10.000000000,99966,327,99919,327,99989,327,99918,327,100012,100,99902,100,100024,100,99901,100,100034,100,99900,100,100045,100,99897,200,100056,100,99895,100,100073,200,99890,100,100110,100,99888,100,100123,100,99871,100
2019-06-28 09:36:20.000000000,99966,191,99919,191,99989,191,99918,191,100012,191,99902,191,100024,191,99901,191,100034,191,99900,191,100045,100,99897,200,100056,100,99895,100,100073,200,99890,100,100110,100,99888,100,100123,100,99871,100
2019-06-28 09:36:30.000000000,99966,191,99919,191,99989,191,99918,191,100012,191,99902,191,100024,191,99901,191,100034,191,99900,191,100045,100,99897,200,100056,100,99895,100,100073,200,99890,100,100110,100,99888,100,100123,100,99871,100
2019-06-28 09:36:40.000000000,99966,254,99919,254,99989,250,99918,250,100012,250,99902,250,100024,100,99901,100,100034,100,99900,100,100045,100,99897,200,100056,100,99895,100,100073,200,99890,100,100110,100,99888,100,100123,100,99871,100
2019-06-28 09:36:44.601975899,99966,254,99919,254,99989,250,99918,250,100012,250,99902,250,100024,100,99901,100,100034,100,99900,100,100045,100,99897,200,100056,100,99895,100,100073,200,99890,100,100110,100,99888,100,100123,100,99871,100
2019-06-28 09:36:47.867913623,99966,154,99919,254,99989,250,99918,250,100012,250,99902,250,100024,100,99901,100,100034,100,99900,100,100045,100,99897,200,100056,100,99895,100,100073,200,99890,100,100110,100,99888,100,100123,100,99871,100
2019-06-28 09:36:50.000000000,99989,214,99919,214,100012,214,99918,214,100024,214,99902,214,100034,214,99901,214,100045,100,99900,100,100056,100,99897,200,100073,200,99895,100,100110,100,99890,100,100123,100,99888,100,100139,100,99871,100
2019-06-28 09:37:00.000000000,99989,554,99919,554,100012,100,99918,100,100024,100,99902,100,100034,100,99901,100,100045,100,99900,100,100056,100,99897,200,100073,200,99895,100,100110,100,99890,100,100123,100,99888,100,100139,100,99871,100
2019-06-28 09:37:05.294133072,99989,454,99919,554,100012,100,99918,100,100024,100,99902,100,100034,100,99901,100,100056,100,99900,100,100073,200,99897,200,100110,100,99895,100,100123,100,99890,100,100139,100,99888,100,100156,100,99871,100
2019-06-28 09:37:05.411273729,99989,454,99919,554,100012,100,99918,100,100024,100,99902,100,100034,100,99901,100,100056,100,99900,100,100073,200,99897,200,100110,100,99895,100,100123,100,99890,100,100139,100,99888,100,100156,100,99871,100
2019-06-28 09:37:10.000000000,100012,254,99919,254,100024,250,99918,250,100034,250,99902,250,100056,100,99901,100,100073,200,99900,100,100110,100,99897,200,100123,100,99895,100,100139,100,99890,100,100156,100,99888,100,100158,100,99871,100
2019-06-28 09:37:11.288224830,100012,254,99966,100,100024,250,99919,254,100034,250,99918,250,100056,100,99902,250,100073,200,99901,100,100110,100,99900,100,100123,100,99897,200,100139,100,99895,100,100156,100,99890,100,100158,100,99888,100
2019-06-28 09:37:18.180660835,100012,154,99966,100,100024,250,99919,254,100034,250,99918,250,100056,100,99902,250,100073,200,99901,100,100110,100,99900,100,100123,100,99897,200,100139,100,99895,100,100156,100,99890,100,100158,100,99888,100
2019-06-28 09:37:20.000000000,100024,554,99966,554,100034,100,99919,100,100056,100,99918,100,100073,200,99902,100,100110,100,99901,100,100123,100,99900,100,100139,100,99897,200,100156,100,99895,100,100158,100,99890,100,100171,100,99888,100
2019-06-28 09:37:24.424821197,100024,554,99989,100,100034,100,99966,554,100056,100,99919,100,100073,200,99918,100,100110,100,99902,100,100123,100,99901,100,100139,100,99900,100,100156,100,99897,200,100158,100,99895,100,100171,100,99890,100
2019-06-28 09:37:30.000000000,100024,327,99989,327,100034,327,99966,327,100056,100,99919,100,100073,200,99918,100,100110,100,99902,100,100123,100,99901,100,100139,100,99900,100,100156,100,99897,200,100158,100,99895,100,100171,100,99890,100
2019-06-28 09:37:39.024932619,100024,227,99989,327,100034,327,99966,327,100056,100,99919,100,100073,200,99918,100,100110,100,99902,100,100123,100,99901,100,100139,100,99900,100,100156,100,99897,200,100158,100,99895,100,100171,100,99890,100
2019-06-28 09:37:40.000000000,100034,214,99989,214,100056,214,99966,214,100073,314,99919,214,100110,214,99918,214,100123,100,99902,100,100139,100,99901,100,100156,100,99900,100,100158,100,99897,200,100171,100,99895,100,100214,100,99890,100
2019-06-28 09:37:47.475954015,100034,114,99989,214,100056,214,99966,214,100073,314,99919,214,100110,214,99918,214,100123,100,99902,100,100139,100,99901,100,100156,100,99900,100,100158,100,99897,200,100171,100,99895,100,100214,100,99890,100
2019-06-28 09:37:50.000000000,100056,254,99989,254,100073,350,99966,250,100110,250,99919,250,100123,100,99918,100,100139,100,99902,100,100156,100,99901,100,100158,100,99900,100,100171,100,99897,200,100214,100,99895,100,100425,100,99890,100
2019-06-28 09:38:00.000000000,100056,554,99989,554,100073,200,99966,100,100110,100,99919,100,100123,100,99918,100,100139,100,99902,100,100156,100,99901,100,100158,100,99900,100,100171,100,99897,200,100214,100,99895,100,100425,100,99890,100
2019-06-28 09:38:06.235592250,100056,554,100024,100,100073,200,99989,554,100110,100,99966,100,100123,100,99919,100,100139,100,99918,100,100156,100,99902,100,100158,100,99901,100,100171,100,99900,100,100214,100,99897,200,100425,100,99895,100
2019-06-28 09:38:10.000000000,100056,214,100024,214,100073,314,99989,214,100110,214,99966,214,100123,214,99919,214,100139,100,99918,100,100156,100,99902,100,100158,100,99901,100,100171,100,99900,100,100214,100,99897,200,100425,100,99895,100
2019-06-28 09:38:20.000000000,100056,327,100024,327,100073,427,99989,327,100110,100,99966,100,100123,100,99919,100,100139,100,99918,100,100156,100,99902,100,100158,100,99901,100,100171,100,99900,100,100214,100,99897,200,100425,100,99895,100
2019-06-28 09:38:30.000000000,100056,214,100024,214,100073,314,99989,214,100110,214,99966,214,100123,214,99919,214,100139,100,99918,100,100156,100,99902,100,100158,100,99901,100,100171,100,99900,100,100214,100,99897,200,100425,100,99895,100
2019-06-28 09:38:40.000000000,100056,554,100024,554,100073,200,99989,100,100110,100,99966,100,100123,100,99919,100,100139,100,99918,100,100156,100,99902,100,100158,100,99901,100,100171,100,99900,100,100214,100,99897,200,100425,100,99895,100
2019-06-28 09:38:50.000000000,100056,254,100024,254,100073,350,99989,250,100110,250,99966,250,100123,100,99919,100,100139,100,99918,100,100156,100,99902,100,100158,100,99901,100,100171,100,99900,100,100214,100,99897,200,100425,100,99895,100
2019-06-28 09:38:50.653078012,100056,254,100024,354,100073,350,99989,250,100110,250,99966,250,100123,100,99919,100,100139,100,99918,100,100156,100,99902,100,100158,100,99901,100,100171,100,99900,100,100214,100,99897,200,100425,100,99895,100
2019-06-28 09:39:00.000000000,100056,254,100024,354,100073,350,99989,250,100110,250,99966,250,100123,100,99919,100,100139,100,99918,100,100156,100,99902,100,100158,100,99901,100,100171,100,99900,100,100214,100,99897,200,100425,100,99895,100
2019-06-28 09:39:07.242035246,100056,254,100024,454,100073,250,99989,250,100110,250,99966,250,100123,100,99919,100,100139,100,99918,100,100156,100,99902,100,100158,100,99901,100,100171,100,99900,100,100214,100,99897,200,100425,100,99895,100
2019-06-28 09:39:10.000000000,100056,327,100024,527,100073,327,99989,327,100110,100,99966,100,100123,100,99919,100,100139,100,99918,100,100156,100,99902,100,100158,100,99901,100,100171,100,99900,100,100214,100,99897,200,100425,100,99895,100
2019-06-28 09:39:10.564780296,100056,327,100024,527,100073,327,99989,327,100110,100,99966,100,100123,100,99919,100,100139,100,99918,100,100156,100,99902,100,100158,100,99901,100,100171,100,99900,100,100214,100,99897,200,100264,100,99895,100
2019-06-28 09:39:12.622979117,100056,227,100024,527,100073,327,99989,327,100110,100,99966,100,100123,100,99919,100,100139,100,99918,100,100156,100,99902,100,100158,100,99901,100,100171,100,99900,100,100214,100,99897,200,100264,100,99895,100
2019-06-28 09:39:14.077259473,100056,127,100024,527,100073,327,99989,327,100110,100,99966,100,100123,100,99918,100,100139,100,99902,100,100156,100,99901,100,100158,100,99900,100,100171,100,99897,200,100214,100,99895,100,100264,100,99890,100
2019-06-28 09:39:20.000000000,100073,214,100024,414,100110,214,99989,214,100123,214,99966,214,100139,214,99918,214,100156,100,99902,100,100158,100,99901,100,100171,100,99900,100,100214,100,99897,200,100264,100,99895,100,100425,100,99890,100
2019-06-28 09:39:30.000000000,100073,191,100024,391,100110,191,99989,191,100123,191,99966,191,100139,191,99918,191,100156,191,99902,191,100158,100,99901,100,100171,100,99900,100,100214,100,99897,200,100264,100,99895,100,100425,100,99890,100
2019-06-28 09:39:34.842072151,100073,191,100024,391,100110,191,99989,191,100123,191,99966,191,100139,191,99918,191,100156,191,99902,191,100158,100,99901,100,100171,100,99900,100,100214,100,99897,200,100264,100,99895,100,100316,100,99890,100
2019-06-28 09:39:40.000000000,100073,214,100024,414,100110,214,99989,214,100123,214,99966,214,100139,214,99918,214,100156,100,99902,100,100158,100,99901,100,100171,100,99900,100,100214,100,99897,200,100264,100,99895,100,100316,100,99890,100
2019-06-28 09:39:47.951754682,100073,214,100024,414,100110,214,99989,214,100123,214,99966,214,100139,214,99918,214,100156,100,99902,100,100158,100,99901,100,100171,100,99900,100,100264,100,99897,200,100316,100,99895,100,100425,100,99890,100
2019-06-28 09:39:48.666668979,100073,114,100024,414,100110,214,99989,214,100123,214,99966,214,100139,214,99918,214,100156,100,99902,100,100158,100,99901,100,100171,100,99900,100,100264,100,99897,200,100316,100,99895,100,100425,100,99890,100
2019-06-28 09:39:50.000000000,100110,214,100024,414,100123,214,99989,214,100139,214,99966,214,100156,214,99918,214,100158,100,99902,100,100171,100,99901,100,100264,100,99900,100,100316,100,99897,200,100425,100,99895,100,100469,100,99890,100
2019-06-28 09:39:53.661373968,100110,114,100024,414,100123,214,99989,214,100139,214,99966,214,100156,214,99918,214,100158,100,99902,100,100171,100,99901,100,100264,100,99900,100,100316,100,99897,200,100425,100,99895,100,100469,100,99888,100
2019-06-28 09:39:58.999514220,100110,114,100024,414,100123,214,99989,214,100139,214,99966,214,100156,214,99918,214,100158,100,99902,100,100171,100,99901,100,100264,100,99900,100,100316,100,99897,200,100363,100,99895,100,100425,100,99888,100
2019-06-28 09:40:00.000000000,100123,191,100024,391,100139,191,99989,191,100156,191,99966,191,100158,191,99918,191,100171,191,99902,191,100264,100,99901,100,100316,100,99900,100,100363,100,99897,200,100425,100,99895,100,100469,100,99888,100
2019-06-28 09:40:10.000000000,100123,214,100024,414,100139,214,99989,214,100156,214,99966,214,100158,214,99918,214,100171,100,99902,100,100264,100,99901,100,100316,100,99900,100,100363,100,99897,200,100425,100,99895,100,100469,100,99888,100
2019-06-28 09:40:20.000000000,100123,254,100024,454,100139,250,99989,250,100156,250,99966,250,100158,100,99918,100,100171,100,99902,100,100264,100,99901,100,100316,100,99900,100,100363,100,99897,200,100425,100,99895,100,100469,100,99888,100
2019-06-28 09:40:30.000000000,100123,327,100024,527,100139,327,99989,327,100156,100,99966,100,100158,100,99918,100,100171,100,99902,100,100264,100,99901,100,100316,100,99900,100,100363,100,99897,200,100425,100,99895,100,100469,100,99888,100
2019-06-28 09:40:30.963915178,100123,327,100024,527,100139,327,99989,327,100156,100,99966,100,100158,100,99918,100,100171,100,99902,100,100264,100,99901,100,100284,100,99900,100,100316,100,99897,200,100363,100,99895,100,100425,100,99888,100
2019-06-28 09:40:40.000000000,100123,214,100024,414,100139,214,99989,214,100156,214,99966,214,100158,214,99918,214,100171,100,99902,100,100264,100,99901,100,100284,100,99900,100,100316,100,99897,200,100363,100,99895,100,100425,100,99888,100
2019-06-28 09:40:49.706843961,100123,214,100024,314,100139,214,99989,214,100156,214,99966,214,100158,214,99918,214,100171,100,99902,100,100264,100,99901,100,100284,100,99900,100,100316,100,99897,200,100363,100,99895,100,100425,100,99888,100
2019-06-28 09:40:49.873916664,100123,114,100024,314,100139,214,99989,214,100156,214,99966,214,100158,214,99918,214,100171,100,99902,100,100264,100,99901,100,100284,100,99900,100,100316,100,99897,200,100363,100,99895,100,100425,100,99888,100
2019-06-28 09:40:50.000000000,100139,191,100024,291,100156,191,99989,191,100158,191,99966,191,100171,191,99918,191,100264,191,99902,191,100284,100,99901,100,100316,100,99900,100,100363,100,99897,200,100425,100,99895,100,100469,100,99888,100
2019-06-28 09:40:51.070760022,100031,100,100024,291,100139,191,99989,191,100156,191,99966,191,100158,191,99918,91,100171,191,99902,191,100264,191,99901,100,100284,100,99900,100,100316,100,99897,200,100363,100,99895,100,100425,100,99888,100
2019-06-28 09:41:00.000000000,100031,214,100024,314,100139,214,99989,214,100156,214,99966,214,100158,214,99902,214,100171,100,99901,100,100264,100,99900,100,100284,100,99897,200,100316,100,99895,100,100363,100,99888,100,100425,100,99871,100
2019-06-28 09:41:10.000000000,100031,327,100024,427,100139,327,99989,327,100156,100,99966,100,100158,100,99902,100,100171,100,99901,100,100264,100,99900,100,100284,100,99897,200,100316,100,99895,100,100363,100,99888,100,100425,100,99871,100
2019-06-28 09:41:18.829802423,100031,327,100024,427,100139,327,99989,327,100156,100,99966,100,100171,100,99902,100,100264,100,99901,100,100284,100,99900,100,100316,100,99897,200,100363,100,99895,100,100425,100,99888,100,100469,100,99871,100
2019-06-28 09:41:19.611696451,100031,227,100024,427,100139,327,99989,327,100156,100,99966,100,100171,100,99902,100,100264,100,99901,100,100284,100,99900,100,100316,100,99897,200,100363,100,99895,100,100425,100,99888,100,100469,100,99871,100
2019-06-28 09:41:20.000000000,100139,327,100024,427,100156,327,99989,327,100171,100,99966,100,100264,100,99902,100,100284,100,99901,100,100316,100,99900,100,100363,100,99897,200,100425,100,99895,100,100469,100,99888,100,100818,100,99871,100
2019-06-28 09:41:30.000000000,100139,214,100024,314,100156,214,99989,214,100171,214,99966,214,100264,214,99902,214,100284,100,99901,100,100316,100,99900,100,100363,100,99897,200,100425,100,99895,100,100469,100,99888,100,100818,100,99871,100
2019-06-28 09:41:40.000000000,100139,254,100024,354,100156,250,99989,250,100171,250,99966,250,100264,100,99902,100,100284,100,99901,100,100316,100,99900,100,100363,100,99897,200,100425,100,99895,100,100469,100,99888,100,100818,100,99871,100
2019-06-28 09:41:50.000000000,100139,327,100024,427,100156,327,99989,327,100171,100,99966,100,100264,100,99902,100,100284,100,99901,100,100316,100,99900,100,100363,100,99897,200,100425,100,99895,100,100469,100,99888,100,100818,100,99871,100
2019-06-28 09:41:55.524105007,100139,327,100024,427,100156,327,99989,327,100171,100,99966,100,100264,100,99902,100,100284,100,99901,100,100316,100,99900,100,100363,100,99897,200,100425,100,99895,100,100469,100,99888,100,100818,100,99868,100
2019-06-28 09:41:59.419260056,100139,327,100024,327,100156,327,99989,327,100171,100,99966,100,100264,100,99902,100,100284,100,99901,100,100316,100,99900,100,100363,100,99897,200,100425,100,99895,100,100469,100,99888,100,100818,100,99868,100
2019-06-28 09:41:59.856743378,100030,100,100024,327,100139,327,99989,327,100156,327,99966,100,100171,100,99902,100,100264,100,99901,100,100284,100,99900,100,100316,100,99897,200,100363,100,99895,100,100425,100,99888,100,100469,100,99868,100
2019-06-28 09:42:00.000000000,100030,254,100024,254,100139,250,99989,250,100156,250,99966,250,100171,100,99902,100,100264,100,99901,100,100284,100,99900,100,100316,100,99897,200,100363,100,99895,100,100425,100,99888,100,100469,100,99868,100
2019-06-28 09:42:04.397672271,100030,254,100024,254,100139,250,99989,250,100156,250,99966,250,100171,100,99902,100,100264,100,99901,100,100284,100,99900,100,100316,100,99897,200,100363,100,99895,100,100425,100,99888,100,100469,100,99868,100
2019-06-28 09:42:10.000000000,100030,214,100024,214,100139,214,99989,214,100156,214,99966,214,100171,214,99902,214,100264,100,99901,100,100284,100,99900,100,100316,100,99897,200,100363,100,99895,100,100425,100,99888,100,100469,100,99868,100
2019-06-28 09:42:20.000000000,100030,214,100024,214,100139,214,99989,214,100156,214,99966,214,100171,214,99902,214,100264,100,99901,100,100284,100,99900,100,100316,100,99897,200,100363,100,99895,100,100425,100,99888,100,100469,100,99868,100
2019-06-28 09:42:25.701046454,100030,214,100024,114,100139,214,99989,214,100156,214,99966,214,100171,214,99902,214,100264,100,99900,100,100284,100,99897,200,100316,100,99895,100,100363,100,99888,100,100425,100,99868,100,100469,100,99863,100
2019-06-28 09:42:30.000000000,100030,214,99989,214,100139,214,99966,214,100156,214,99902,214,100171,214,99900,214,100264,100,99897,200,100284,100,99895,100,100316,100,99888,100,100363,100,99868,100,100425,100,99863,100,100469,100,99851,100
2019-06-28 09:42:37.672963222,100030,214,99989,114,100139,214,99966,214,100156,214,99902,214,100171,214,99900,214,100264,100,99897,200,100284,100,99895,100,100316,100,99868,100,100363,100,99863,100,100425,100,99851,100,100469,100,99833,100
2019-06-28 09:42:40.000000000,100030,191,99966,191,100139,191,99902,191,100156,191,99900,191,100171,191,99897,291,100264,191,99895,191,100284,100,99868,100,100316,100,99863,100,100363,100,99851,100,100425,100,99833,100,100469,100,99790,100
2019-06-28 09:42:50.000000000,100030,554,99966,554,100139,100,99902,100,100156,100,99900,100,100171,100,99897,200,100264,100,99895,100,100284,100,99868,100,100316,100,99863,100,100363,100,99851,100,100425,100,99833,100,100469,100,99790,100
2019-06-28 09:42:51.848382211,100030,654,99966,554,100139,100,99902,100,100156,100,99900,100,100171,100,99897,200,100264,100,99895,100,100284,100,99868,100,100316,100,99863,100,100363,100,99851,100,100469,100,99833,100,100818,100,99790,100
2019-06-28 09:43:00.000000000,100030,291,99966,191,100139,191,99902,191,100156,191,99900,191,100171,191,99897,291,100264,191,99895,191,100284,100,99868,100,100316,100,99863,100,100363,100,99851,100,100469,100,99833,100,100818,100,99790,100
2019-06-28 09:43:03.866097040,100030,191,99966,191,100139,191,99902,191,100156,191,99900,191,100171,191,99897,291,100264,191,99895,191,100284,100,99868,100,100316,100,99863,100,100363,100,99851,100,100818,100,99833,100,,,99790,100
2019-06-28 09:43:06.366199787,100030,191,99966,191,100092,100,99902,191,100139,191,99900,191,100156,191,99897,291,100171,191,99895,191,100264,191,99868,100,100284,100,99863,100,100316,100,99851,100,100363,100,99833,100,100818,100,99790,100
2019-06-28 09:43:10.000000000,100030,327,99966,327,100092,327,99902,327,100139,100,99900,100,100156,100,99897,200,100171,100,99895,100,100264,100,99868,100,100284,100,99863,100,100316,100,99851,100,100363,100,99833,100,100818,100,99790,100
2019-06-28 09:43:20.000000000,100030,554,99966,554,100092,100,99902,100,100139,100,99900,100,100156,100,99897,200,100171,100,99895,100,100264,100,99868,100,100284,100,99863,100,100316,100,99851,100,100363,100,99833,100,100818,100,99790,100
2019-06-28 09:43:26.591495567,100030,554,99966,554,100092,100,99902,100,100139,100,99900,100,100156,100,99897,200,100171,100,99895,100,100264,100,99868,100,100270,100,99863,100,100284,100,99851,100,100316,100,99833,100,100363,100,99790,100
2019-06-28 09:43:30.000000000,100030,554,99966,554,100092,100,99902,100,100139,100,99900,100,100156,100,99897,200,100171,100,99895,100,100264,100,99868,100,100270,100,99863,100,100284,100,99851,100,100316,100,99833,100,100363,100,99790,100
2019-06-28 09:43:40.000000000,100030,191,99966,191,100092,191,99902,191,100139,191,99900,191,100156,191,99897,291,100171,191,99895,191,100264,100,99868,100,100270,100,99863,100,100284,100,99851,100,100316,100,99833,100,100363,100,99790,100
2019-06-28 09:43:43.062496506,100030,191,99966,191,100092,191,99902,191,100139,191,99900,191,100156,191,99897,291,100171,191,99895,191,100206,100,99868,100,100264,100,99863,100,100270,100,99851,100,100284,100,99833,100,100316,100,99790,100
2019-06-28 09:43:50.000000000,100030,554,99966,554,100092,100,99902,100,100139,100,99900,100,100156,100,99897,200,100171,100,99895,100,100206,100,99868,100,100264,100,99863,100,100270,100,99851,100,100284,100,99833,100,100316,100,99790,100
2019-06-28 09:44:00.000000000,100030,214,99966,214,100092,214,99902,214,100139,214,99900,214,100156,214,99897,314,100171,100,99895,100,100206,100,99868,100,100264,100,99863,100,100270,100,99851,100,100284,100,99833,100,100316,100,99790,100
2019-06-28 09:44:10.000000000,100030,254,99966,254,100092,250,99902,250,100139,250,99900,250,100156,100,99897,200,100171,100,99895,100,100206,100,99868,100,100264,100,99863,100,100270,100,99851,100,100284,100,99833,100,100316,100,99790,100
2019-06-28 09:44:20.000000000,100030,554,99966,554,100092,100,99902,100,100139,100,99900,100,100156,100,99897,200,100171,100,99895,100,100206,100,99868,100,100264,100,99863,100,100270,100,99851,100,100284,100,99833,100,100316,100,99790,100
2019-06-28 09:44:21.973862179,100030,554,99966,554,100092,100,99902,100,100139,100,99900,100,100156,100,99897,200,100171,100,99895,100,100206,100,99868,100,100264,100,99851,100,100270,100,99833,100,100284,100,99790,100,100298,100,99781,100
2019-06-28 09:44:30.000000000,100030,191,99966,191,100092,191,99902,191,100139,191,99900,191,100156,191,99897,291,100171,191,99895,191,100206,100,99868,100,100264,100,99851,100,100270,100,99833,100,100284,100,99790,100,100298,100,99781,100
2019-06-28 09:44:40.000000000,100030,191,99966,191,100092,191,99902,191,100139,191,99900,191,100156,191,99897,291,100171,191,99895,191,100206,100,99868,100,100264,100,99851,100,100270,100,99833,100,100284,100,99790,100,100298,100,99781,100
2019-06-28 09:44:40.209649493,100030,191,99966,191,100092,191,99902,191,100139,91,99900,191,100156,191,99897,291,100171,191,99895,191,100206,100,99868,100,100263,100,99851,100,100264,100,99833,100,100270,100,99790,100,100284,100,99781,100
2019-06-28 09:44:50.000000000,100030,214,99966,214,100092,214,99902,214,100156,214,99900,214,100171,214,99897,314,100206,100,99895,100,100263,100,99868,100,100264,100,99851,100,100270,100,99833,100,100284,100,99790,100,100298,100,99781,100
2019-06-28 09:45:00.000000000,100030,554,99966,554,100092,100,99902,100,100156,100,99900,100,100171,100,99897,200,100206,100,99895,100,100263,100,99868,100,100264,100,99851,100,100270,100,99833,100,100284,100,99790,100,100298,100,99781,100
2019-06-28 09:45:10.000000000,100030,214,99966,214,100092,214,99902,214,100156,214,99900,214,100171,214,99897,314,100206,100,99895,100,100263,100,99868,100,100264,100,99851,100,100270,100,99833,100,100284,100,99790,100,100298,100,99781,100
2019-06-28 09:45:10.634077916,100029,100,99966,214,100030,214,99902,214,100092,214,99900,214,100156,214,99897,314,100171,214,99895,100,100206,100,99868,100,100263,100,99851,100,100264,100,99833,100,100270,100,99790,100,100284,100,99781,100
2019-06-28 09:45:20.000000000,100029,554,99966,554,100030,100,99902,100,100092,100,99900,100,100156,100,99897,200,100171,100,99895,100,100206,100,99868,100,100263,100,99851,100,100264,100,99833,100,100270,100,99790,100,100284,100,99781,100
2019-06-28 09:45:30.000000000,100029,254,99966,254,100030,250,99902,250,100092,250,99900,250,100156,100,99897,200,100171,100,99895,100,100206,100,99868,100,100263,100,99851,100,100264,100,99833,100,100270,100,99790,100,100284,100,99781,100
2019-06-28 09:45:40.000000000,100029,191,99966,191,100030,191,99902,191,100092,191,99900,191,100156,191,99897,291,100171,191,99895,191,100206,100,99868,100,100263,100,99851,100,100264,100,99833,100,100270,100,99790,100,100284,100,99781,100
2019-06-28 09:45:50.000000000,100029,254,99966,254,100030,250,99902,250,100092,250,99900,250,100156,100,99897,200,100171,100,99895,100,100206,100,99868,100,100263,100,99851,100,100264,100,99833,100,100270,100,99790,100,100284,100,99781,100
2019-06-28 09:45:57.545826378,100029,254,99966,154,100030,250,99902,250,100092,250,99900,250,100156,100,99897,200,100171,100,99895,100,100206,100,99868,100,100263,100,99851,100,100264,100,99833,100,100284,100,99790,100,100298,100,99781,100
2019-06-28 09:46:00.000000000,100029,554,99902,554,100030,100,99900,100,100092,100,99897,200,100156,100,99895,100,100171,100,99868,100,100206,100,99851,100,100263,100,99833,100,100264,100,99790,100,100284,100,99781,100,100298,100,99431,100
2019-06-28 09:46:10.000000000,100029,214,99902,214,100030,214,99900,214,100092,214,99897,314,100156,214,99895,214,100171,100,99868,100,100206,100,99851,100,100263,100,99833,100,100264,100,99790,100,100284,100,99781,100,100298,100,99431,100
2019-06-28 09:46:11.561103569,100029,214,99902,114,100030,214,99900,214,100092,214,99897,314,100156,214,99895,214,100171,100,99868,100,100206,100,99851,100,100263,100,99833,100,100264,100,99790,100,100284,100,99781,100,100298,100,99431,100
2019-06-28 09:46:20.000000000,100029,191,99900,191,100030,191,99897,291,100092,191,99895,191,100156,191,99868,191,100171,191,99851,191,100206,100,99833,100,100263,100,99790,100,100264,100,99781,100,100284,100,99431,100,100298,100,,
2019-06-28 09:46:30.000000000,100029,214,99900,214,100030,214,99897,314,100092,214,99895,214,100156,214,99868,214,100171,100,99851,100,100206,100,99833,100,100263,100,99790,100,100264,100,99781,100,100284,100,99431,100,100298,100,,
2019-06-28 09:46:40.000000000,100029,327,99900,327,100030,327,99897,427,100092,100,99895,100,100156,100,99868,100,100171,100,99851,100,100206,100,99833,100,100263,100,99790,100,100264,100,99781,100,100284,100,99431,100,100298,100,,
2019-06-28 09:46:50.000000000,100029,327,99900,327,100030,327,99897,427,100092,100,99895,100,100156,100,99868,100,100171,100,99851,100,100206,100,99833,100,100263,100,99790,100,100264,100,99781,100,100284,100,99431,100,100298,100,,
2019-06-28 09:46:51.473879554,100018,100,99900,327,100029,327,99897,427,100030,327,99895,100,100092,100,99868,100,100156,100,99851,100,100171,100,99833,100,100206,100,99790,100,100263,100,99781,100,100264,100,99431,100,100284,100,,
2019-06-28 09:47:00.000000000,100018,254,99900,254,100029,250,99897,350,100030,250,99895,250,100092,100,99868,100,100156,100,99851,100,100171,100,99833,100,100206,100,99790,100,100263,100,99781,100,100264,100,99431,100,100284,100,,
2019-06-28 09:47:02.623787013,100018,154,99900,254,100029,250,99897,350,100030,250,99895,250,100092,100,99868,100,100156,100,99851,100,100171,100,99833,100,100206,100,99790,100,100263,100,99781,100,100264,100,99759,100,100284,100,99431,100
2019-06-28 09:47:10.000000000,100029,214,99900,214,100030,214,99897,314,100092,214,99895,214,100156,214,99868,214,100171,100,99851,100,100206,100,99833,100,100263,100,99790,100,100264,100,99781,100,100284,100,99759,100,100316,100,99431,100
2019-06-28 09:47:20.000000000,100029,327,99900,327,100030,327,99897,427,100092,100,99895,100,100156,100,99868,100,100171,100,99851,100,100206,100,99833,100,100263,100,99790,100,100264,100,99781,100,100284,100,99759,100,100316,100,99431,100
2019-06-28 09:47:30.000000000,100029,554,99900,554,100030,100,99897,200,100092,100,99895,100,100156,100,99868,100,100171,100,99851,100,100206,100,99833,100,100263,100,99790,100,100264,100,99781,100,100284,100,99759,100,100316,100,99431,100
2019-06-28 09:47:40.000000000,100029,554,99900,554,100030,100,99897,200,100092,100,99895,100,100156,100,99868,100,100171,100,99851,100,100206,100,99833,100,100263,100,99790,100,100264,100,99781,100,100284,100,99759,100,100316,100,99431,100
2019-06-28 09:47:47.455724443,100029,554,99967,100,100030,100,99900,554,100092,100,99897,200,100156,100,99895,100,100171,100,99868,100,100206,100,99851,100,100263,100,99833,100,100264,100,99790,100,100284,100,99781,100,100316,100,99759,100
2019-06-28 09:47:50.000000000,100029,214,99967,214,100030,214,99900,214,100092,214,99897,314,100156,214,99895,214,100171,100,99868,100,100206,100,99851,100,100263,100,99833,100,100264,100,99790,100,100284,100,99781,100,100316,100,99759,100
2019-06-28 09:48:00.000000000,100029,214,99967,214,100030,214,99900,214,100092,214,99897,314,100156,214,99895,214,100171,100,99868,100,100206,100,99851,100,100263,100,99833,100,100264,100,99790,100,100284,100,99781,100,100316,100,99759,100
2019-06-28 09:48:10.000000000,100029,254,99967,254,100030,250,99900,250,100092,250,99897,350,100156,100,99895,100,100171,100,99868,100,100206,100,99851,100,100263,100,99833,100,100264,100,99790,100,100284,100,99781,100,100316,100,99759,100
2019-06-28 09:48:14.866343576,100029,154,99967,254,100030,250,99900,250,100092,250,99897,350,100156,100,99895,100,100171,100,99868,100,100206,100,99851,100,100263,100,99833,100,100264,100,99790,100,100284,100,99781,100,100316,100,99759,100
2019-06-28 09:48:20.000000000,100030,214,99967,214,100092,214,99900,214,100156,214,99897,314,100171,214,99895,214,100206,100,99868,100,100263,100,99851,100,100264,100,99833,100,100284,100,99790,100,100316,100,99781,100,100818,100,99759,100
2019-06-28 09:48:28.808534924,100030,214,99967,214,100092,214,99900,214,100156,214,99897,314,100171,214,99895,214,100206,100,99868,100,100264,100,99851,100,100284,100,99833,100,100316,100,99790,100,100349,100,99781,100,100818,100,99759,100
2019-06-28 09:48:29.125291488,100030,214,99968,100,100092,214,99967,214,100156,214,99900,214,100171,214,99897,314,100206,100,99895,214,100264,100,99868,100,100284,100,99851,100,100316,100,99833,100,100349,100,99790,100,100818,100,99781,100
2019-06-28 09:48:30.000000000,100030,327,99968,327,100092,327,99967,327,100156,100,99900,100,100171,100,99897,200,100206,100,99895,100,100264,100,99868,100,100284,100,99851,100,100316,100,99833,100,100349,100,99790,100,100818,100,99781,100
2019-06-28 09:48:40.000000000,100030,214,99968,214,100092,214,99967,214,100156,214,99900,214,100171,214,99897,314,100206,100,99895,100,100264,100,99868,100,100284,100,99851,100,100316,100,99833,100,100349,100,99790,100,100818,100,99781,100
2019-06-28 09:48:50.000000000,100030,214,99968,214,100092,214,99967,214,100156,214,99900,214,100171,214,99897,314,100206,100,99895,100,100264,100,99868,100,100284,100,99851,100,100316,100,99833,100,100349,100,99790,100,100818,100,99781,100
2019-06-28 09:49:00.000000000,100030,214,99968,214,100092,214,99967,214,100156,214,99900,214,100171,214,99897,314,100206,100,99895,100,100264,100,99868,100,100284,100,99851,100,100316,100,99833,100,100349,100,99790,100,100818,100,99781,100
2019-06-28 09:49:10.000000000,100030,254,99968,254,100092,250,99967,250,100156,250,99900,250,100171,100,99897,200,100206,100,99895,100,100264,100,99868,100,100284,100,99851,100,100316,100,99833,100,100349,100,99790,100,100818,100,99781,100
2019-06-28 09:49:13.466921807,100030,254,99968,254,100092,250,99967,250,100156,250,99900,250,100171,100,99897,200,100206,100,99895,100,100264,100,99868,100,100284,100,99851,100,100349,100,99833,100,100818,100,99790,100,,,99785,100
2019-06-28 09:49:20.000000000,100030,191,99968,191,100092,191,99967,191,100156,191,99900,191,100171,191,99897,291,100206,191,99895,191,100264,100,99868,100,100284,100,99851,100,100349,100,99833,100,100818,100,99790,100,,,99785,100
2019-06-28 09:49:20.419505919,100030,191,99968,91,100092,191,99967,191,100156,191,99900,191,100171,191,99897,291,100206,91,99895,191,100264,100,99868,100,100284,100,99851,100,100349,100,99833,100,100818,100,99790,100,,,99785,100
2019-06-28 09:49:28.539963019,100030,191,99968,91,100092,191,99967,191,100156,191,99900,191,100171,191,99897,291,100206,91,99895,191,100264,100,99868,100,100284,100,99851,100,100349,100,99833,100,,,99796,100,,,99790,100
2019-06-28 09:49:30.000000000,100030,191,99967,191,100092,191,99900,191,100156,191,99897,291,100171,191,99895,191,100264,191,99868,191,100284,100,99851,100,100349,100,99833,100,,,99796,100,,,99790,100,,,99785,100
2019-06-28 09:49:37.900421225,100030,191,99967,191,100092,191,99900,191,100156,191,99897,291,100171,191,99895,191,100264,191,99868,191,100284,100,99851,100,100349,100,99833,100,,,99796,100,,,99790,100,,,99785,100
2019-06-28 09:49:40.000000000,100030,191,99967,191,100092,191,99900,191,100156,191,99897,291,100171,191,99895,191,100264,191,99868,191,100284,100,99851,100,100349,100,99833,100,,,99796,100,,,99790,100,,,99785,100
2019-06-28 09:49:40.809834561,100017,100,99967,191,100030,191,99900,191,100092,191,99897,291,100156,191,99895,191,100171,191,99868,191,100264,191,99851,100,100284,100,99833,100,100349,100,99796,100,,,99790,100,,,99785,100
2019-06-28 09:49:45.804607155,100017,100,99967,191,100030,191,99900,191,100092,191,99897,291,100156,191,99895,191,100171,191,99868,191,100264,191,99851,100,100284,100,99833,100,100349,100,99796,100,,,99790,100,,,99785,100
2019-06-28 09:49:49.342100367,100017,100,99967,191,100030,191,99900,191,100092,191,99897,291,100156,91,99895,191,100171,191,99868,191,100264,191,99851,100,100284,100,99833,100,100349,100,99814,100,,,99796,100,,,99790,100
2019-06-28 09:49:50.000000000,100017,191,99967,191,100030,191,99900,191,100092,191,99897,291,100171,191,99895,191,100264,191,99868,191,100284,100,99851,100,100349,100,99833,100,,,99814,100,,,99796,100,,,99790,100
2019-06-28 09:50:00.000000000,100017,191,99967,191,100030,191,99900,191,100092,191,99897,291,100171,191,99895,191,100264,191,99868,191,100284,100,99851,100,100349,100,99833,100,,,99814,100,,,99796,100,,,99790,100
2019-06-28 09:50:01.301443715,100017,191,99967,191,100030,191,99900,191,100092,191,99897,291,100171,191,99895,191,100264,191,99868,191,100284,100,99851,100,100349,100,99833,100,,,99814,100,,,99796,100,,,99790,100
2019-06-28 09:50:10.000000000,100017,554,99967,554,100030,100,99900,100,100092,100,99897,200,100171,100,99895,100,100264,100,99868,100,100284,100,99851,100,100349,100,99833,100,,,99814,100,,,99796,100,,,99790,100
2019-06-28 09:50:18.402643352,100017,554,99967,554,100030,100,99897,200,100092,100,99895,100,100171,100,99868,100,100264,100,99851,100,100284,100,99833,100,100349,100,99814,100,,,99796,100,,,99790,100,,,99785,100
2019-06-28 09:50:19.439479903,100017,654,99967,554,100030,100,99897,200,100092,100,99895,100,100171,100,99868,100,100264,100,99851,100,100284,100,99833,100,100349,100,99814,100,,,99796,100,,,99790,100,,,99785,100
2019-06-28 09:50:20.000000000,100017,354,99967,254,100030,250,99897,350,100092,250,99895,250,100171,100,99868,100,100264,100,99851,100,100284,100,99833,100,100349,100,99814,100,,,99796,100,,,99790,100,,,99785,100
2019-06-28 09:50:30.000000000,100017,354,99967,254,100030,250,99897,350,100092,250,99895,250,100171,100,99868,100,100264,100,99851,100,100284,100,99833,100,100349,100,99814,100,,,99796,100,,,99790,100,,,99785,100
2019-06-28 09:50:40.000000000,100017,354,99967,254,100030,250,99897,350,100092,250,99895,250,100171,100,99868,100,100264,100,99851,100,100284,100,99833,100,100349,100,99814,100,,,99796,100,,,99790,100,,,99785,100
2019-06-28 09:50:50.000000000,100017,291,99967,191,100030,191,99897,291,100092,191,99895,191,100171,191,99868,191,100264,191,99851,191,100284,100,99833,100,100349,100,99814,100,,,99796,100,,,99790,100,,,99785,100
2019-06-28 09:50:54.804333496,99986,100,99967,191,100017,291,99897,291,100030,191,99895,191,100092,191,99868,191,100171,191,99851,191,100264,191,99833,100,100284,100,99814,100,100349,100,99796,100,,,99790,100,,,99785,100
2019-06-28 09:51:00.000000000,99986,327,99967,327,100017,427,99897,427,100030,100,99895,100,100092,100,99868,100,100171,100,99851,100,100264,100,99833,100,100284,100,99814,100,100349,100,99796,100,,,99790,100,,,99785,100
2019-06-28 09:51:10.000000000,99986,327,99967,327,100017,427,99897,427,100030,100,99895,100,100092,100,99868,100,100171,100,99851,100,100264,100,99833,100,100284,100,99814,100,100349,100,99796,100,,,99790,100,,,99785,100
2019-06-28 09:51:13.831480570,99986,327,99967,327,100017,427,99900,100,100030,100,99897,427,100092,100,99895,100,100171,100,99868,100,100264,100,99851,100,100284,100,99833,100,100349,100,99814,100,,,99796,100,,,99790,100
2019-06-28 09:51:20.000000000,99986,554,99967,554,100017,200,99900,100,100030,100,99897,200,100092,100,99895,100,100171,100,99868,100,100264,100,99851,100,100284,100,99833,100,100349,100,99814,100,,,99796,100,,,99790,100
2019-06-28 09:51:30.000000000,99986,327,99967,327,100017,427,99900,327,100030,100,99897,200,100092,100,99895,100,100171,100,99868,100,100264,100,99851,100,100284,100,99833,100,100349,100,99814,100,,,99796,100,,,99790,100
2019-06-28 09:51:40.000000000,99986,327,99967,327,100017,427,99900,327,100030,100,99897,200,100092,100,99895,100,100171,100,99868,100,100264,100,99851,100,100284,100,99833,100,100349,100,99814,100,,,99796,100,,,99790,100
2019-06-28 09:51:50.000000000,99986,327,99967,327,100017,427,99900,327,100030,100,99897,200,100092,100,99895,100,100171,100,99868,100,100264,100,99851,100,100284,100,99833,100,100349,100,99814,100,,,99796,100,,,99790,100
2019-06-28 09:52:00.000000000,99986,554,99967,554,100017,200,99900,100,100030,100,99897,200,100092,100,99895,100,100171,100,99868,100,100264,100,99851,100,100284,100,99833,100,100349,100,99814,100,,,99796,100,,,99790,100
2019-06-28 09:52:03.939515400,99986,454,99967,554,100017,200,99900,100,100030,100,99897,200,100092,100,99895,100,100171,100,99868,100,100264,100,99851,100,100284,100,99833,100,100349,100,99814,100,,,99796,100,,,99790,100
2019-06-28 09:52:10.000000000,100017,427,99967,327,100030,327,99900,327,100092,100,99897,200,100171,100,99895,100,100264,100,99868,100,100284,100,99851,100,100349,100,99833,100,,,99814,100,,,99796,100,,,99790,100
2019-06-28 09:52:20.000000000,100017,314,99967,214,100030,214,99900,214,100092,214,99897,314,100171,214,99895,214,100264,100,99868,100,100284,100,99851,100,100349,100,99833,100,,,99814,100,,,99796,100,,,99790,100
2019-06-28 09:52:30.000000000,100017,354,99967,254,100030,250,99900,250,100092,250,99897,350,100171,100,99895,100,100264,100,99868,100,100284,100,99851,100,100349,100,99833,100,,,99814,100,,,99796,100,,,99790,100
2019-06-28 09:52:40.000000000,100017,354,99967,254,100030,250,99900,250,100092,250,99897,350,100171,100,99895,100,100264,100,99868,100,100284,100,99851,100,100349,100,99833,100,,,99814,100,,,99796,100,,,99790,100
2019-06-28 09:52:50.000000000,100017,654,99967,554,100030,100,99900,100,100092,100,99897,200,100171,100,99895,100,100264,100,99868,100,100284,100,99851,100,100349,100,99833,100,,,99814,100,,,99796,100,,,99790,100
2019-06-28 09:53:00.000000000,100017,291,99967,191,100030,191,99900,191,100092,191,99897,291,100171,191,99895,191,100264,191,99868,191,100284,100,99851,100,100349,100,99833,100,,,99814,100,,,99796,100,,,99790,100
2019-06-28 09:53:04.599171489,100017,291,99967,191,100030,191,99900,191,100092,191,99897,191,100171,191,99895,191,100264,191,99868,191,100284,100,99851,100,100349,100,99833,100,100518,100,99814,100,,,99796,100,,,99790,100
2019-06-28 09:53:07.861503435,100017,291,99967,191,100030,191,99900,191,100092,191,99897,191,100171,191,99895,191,100264,191,99868,191,100284,100,99851,100,100349,100,99833,100,100518,100,99814,100,100718,100,99796,100,,,99790,100
2019-06-28 09:53:10.000000000,100017,427,99967,327,100030,327,99900,327,100092,100,99897,100,100171,100,99895,100,100264,100,99868,100,100284,100,99851,100,100349,100,99833,100,100518,100,99814,100,100718,100,99796,100,,,99790,100
2019-06-28 09:53:20.000000000,100017,291,99967,191,100030,191,99900,191,100092,191,99897,191,100171,191,99895,191,100264,191,99868,191,100284,100,99851,100,100349,100,99833,100,100518,100,99814,100,100718,100,99796,100,,,99790,100
2019-06-28 09:53:23.111306686,100017,291,99969,100,100030,191,99967,191,100092,191,99900,191,100171,191,99897,191,100264,191,99895,191,100284,100,99868,191,100349,100,99851,100,100518,100,99833,100,100718,100,99814,100,,,99796,100
2019-06-28 09:53:30.000000000,100017,427,99969,327,100030,327,99967,327,100092,100,99900,100,100171,100,99897,100,100264,100,99895,100,100284,100,99868,100,100349,100,99851,100,100518,100,99833,100,100718,100,99814,100,,,99796,100
2019-06-28 09:53:40.000000000,100017,427,99969,327,100030,327,99967,327,100092,100,99900,100,100171,100,99897,100,100264,100,99895,100,100284,100,99868,100,100349,100,99851,100,100518,100,99833,100,100718,100,99814,100,,,99796,100
2019-06-28 09:53:43.723409616,100017,427,99969,427,100030,327,99967,327,100092,100,99900,100,100171,100,99897,100,100264,100,99895,100,100284,100,99868,100,100349,100,99851,100,100518,100,99833,100,100718,100,99814,100,,,99796,100
2019-06-28 09:53:50.000000000,100017,291,99969,291,100030,191,99967,191,100092,191,99900,191,100171,191,99897,191,100264,191,99895,191,100284,100,99868,100,100349,100,99851,100,100518,100,99833,100,100718,100,99814,100,,,99796,100
2019-06-28 09:54:00.000000000,100017,354,99969,354,100030,250,99967,250,100092,250,99900,250,100171,100,99897,100,100264,100,99895,100,100284,100,99868,100,100349,100,99851,100,100518,100,99833,100,100718,100,99814,100,,,99796,100
2019-06-28 09:54:07.396811591,100017,354,99969,454,100030,250,99967,250,100092,250,99900,250,100171,100,99897,100,100264,100,99895,100,100284,100,99868,100,100349,100,99851,100,100518,100,99833,100,100718,100,99814,100,,,99796,100
2019-06-28 09:54:10.000000000,100017,291,99969,391,100030,191,99967,191,100092,191,99900,191,100171,191,99897,191,100264,191,99895,191,100284,100,99868,100,100349,100,99851,100,100518,100,99833,100,100718,100,99814,100,,,99796,100
2019-06-28 09:54:20.000000000,100017,654,99969,754,100030,100,99967,100,100092,100,99900,100,100171,100,99897,100,100264,100,99895,100,100284,100,99868,100,100349,100,99851,100,100518,100,99833,100,100718,100,99814,100,,,99796,100
2019-06-28 09:54:24.822245814,100017,654,99978,100,100030,100,99969,754,100092,100,99967,100,100171,100,99900,100,100264,100,99897,100,100284,100,99895,100,100349,100,99868,100,100518,100,99851,100,100718,100,99833,100,,,99814,100
2019-06-28 09:54:30.000000000,100017,291,99978,191,100030,191,99969,391,100092,191,99967,191,100171,191,99900,191,100264,191,99897,191,100284,100,99895,100,100349,100,99868,100,100518,100,99851,100,100718,100,99833,100,,,99814,100
2019-06-28 09:54:40.000000000,100017,314,99978,214,100030,214,99969,414,100092,214,99967,214,100171,214,99900,214,100264,100,99897,100,100284,100,99895,100,100349,100,99868,100,100518,100,99851,100,100718,100,99833,100,,,99814,100
2019-06-28 09:54:50.000000000,100017,291,99978,191,100030,191,99969,391,100092,191,99967,191,100171,191,99900,191,100264,191,99897,191,100284,100,99895,100,100349,100,99868,100,100518,100,99851,100,100718,100,99833,100,,,99814,100
2019-06-28 09:54:56.747853542,100017,191,99978,191,100030,191,99969,391,100092,191,99967,191,100171,191,99900,191,100264,191,99897,191,100284,100,99895,100,100349,100,99868,100,100518,100,99851,100,100718,100,99833,100,,,99814,100
2019-06-28 09:55:00.000000000,100017,214,99978,214,100030,214,99969,414,100092,214,99967,214,100171,214,99900,214,100264,100,99897,100,100284,100,99895,100,100349,100,99868,100,100518,100,99851,100,100718,100,99833,100,,,99814,100
2019-06-28 09:55:10.000000000,100017,327,99978,327,100030,327,99969,527,100092,100,99967,100,100171,100,99900,100,100264,100,99897,100,100284,100,99895,100,100349,100,99868,100,100518,100,99851,100,100718,100,99833,100,,,99814,100
2019-06-28 09:55:20.000000000,100017,191,99978,191,100030,191,99969,391,100092,191,99967,191,100171,191,99900,191,100264,191,99897,191,100284,100,99895,100,100349,100,99868,100,100518,100,99851,100,100718,100,99833,100,,,99814,100
2019-06-28 09:55:26.666239944,100017,191,100011,100,100030,191,99978,191,100092,191,99969,391,100171,191,99967,191,100264,191,99900,191,100284,100,99897,191,100349,100,99895,100,100518,100,99868,100,100718,100,99851,100,,,99833,100
2019-06-28 09:55:30.000000000,100017,554,100011,554,100030,100,99978,100,100092,100,99969,300,100171,100,99967,100,100264,100,99900,100,100284,100,99897,100,100349,100,99895,100,100518,100,99868,100,100718,100,99851,100,,,99833,100
2019-06-28 09:55:36.988036410,100017,554,100011,554,100030,100,99978,100,100092,100,99969,300,100171,100,99967,100,100264,100,99900,100,100284,100,99897,100,100349,100,99895,100,100407,100,99868,100,100518,100,99851,100,100718,100,99833,100
2019-06-28 09:55:40.000000000,100017,254,100011,254,100030,250,99978,250,100092,250,99969,450,100171,100,99967,100,100264,100,99900,100,100284,100,99897,100,100349,100,99895,100,100407,100,99868,100,100518,100,99851,100,100718,100,99833,100
2019-06-28 09:55:48.855386180,100017,154,100011,254,100030,250,99978,250,100092,250,99969,450,100171,100,99967,100,100264,100,99900,100,100284,100,99897,100,100349,100,99895,100,100407,100,99868,100,100518,100,99851,100,100718,100,99833,100
2019-06-28 09:55:50.000000000,100030,191,100011,191,100092,191,99978,191,100171,191,99969,391,100264,191,99967,191,100284,191,99900,191,100349,100,99897,100,100407,100,99895,100,100518,100,99868,100,100718,100,99851,100,,,99833,100
2019-06-28 09:55:57.367052535,100030,91,100011,191,100092,191,99978,191,100171,91,99969,391,100264,191,99967,191,100284,191,99900,191,100349,100,99897,100,100407,100,99895,100,100518,100,99868,100,100718,100,99851,100,,,99833,100
2019-06-28 09:56:00.000000000,100092,254,100011,254,100264,250,99978,250,100284,250,99969,450,100349,100,99967,100,100407,100,99900,100,100518,100,99897,100,100718,100,99895,100,,,99868,100,,,99851,100,,,99833,100
2019-06-28 09:56:10.000000000,100092,327,100011,327,100264,327,99978,327,100284,100,99969,300,100349,100,99967,100,100407,100,99900,100,100518,100,99897,100,100718,100,99895,100,,,99868,100,,,99851,100,,,99833,100
2019-06-28 09:56:20.000000000,100092,214,100011,214,100264,214,99978,214,100284,214,99969,414,100349,214,99967,214,100407,100,99900,100,100518,100,99897,100,100718,100,99895,100,,,99868,100,,,99851,100,,,99833,100
2019-06-28 09:56:23.031138724,100092,214,100011,214,100264,214,99978,214,100284,214,99969,414,100316,100,99967,214,100349,214,99900,100,100407,100,99897,100,100518,100,99895,100,100718,100,99868,100,,,99851,100,,,99814,100
2019-06-28 09:56:30.000000000,100092,254,100011,254,100264,250,99978,250,100284,250,99969,450,100316,100,99967,100,100349,100,99900,100,100407,100,99897,100,100518,100,99895,100,100718,100,99868,100,,,99851,100,,,99814,100
2019-06-28 09:56:40.000000000,100092,191,100011,191,100264,191,99978,191,100284,191,99969,391,100316,191,99967,191,100349,191,99900,191,100407,100,99897,100,100518,100,99895,100,100718,100,99868,100,,,99851,100,,,99814,100
2019-06-28 09:56:46.927559819,100092,191,100017,100,100264,191,100011,191,100284,191,99978,191,100316,191,99969,391,100349,191,99967,191,100407,100,99900,191,100518,100,99897,100,100718,100,99895,100,,,99868,100,,,99851,100
2019-06-28 09:56:50.000000000,100092,327,100017,327,100264,327,100011,327,100284,100,99978,100,100316,100,99969,300,100349,100,99967,100,100407,100,99900,100,100518,100,99897,100,100718,100,99895,100,,,99868,100,,,99851,100
2019-06-28 09:57:00.000000000,100092,554,100017,554,100264,100,100011,100,100284,100,99978,100,100316,100,99969,300,100349,100,99967,100,100407,100,99900,100,100518,100,99897,100,100718,100,99895,100,,,99868,100,,,99851,100
2019-06-28 09:57:01.148011518,100092,554,100017,554,100248,100,100011,100,100264,100,99969,300,100284,100,99967,100,100316,100,99900,100,100349,100,99897,100,100407,100,99895,100,100518,100,99868,100,100718,100,99851,100,,,99814,100
2019-06-28 09:57:08.152751625,100092,454,100017,554,100248,100,100011,100,100264,100,99969,300,100284,100,99967,100,100316,100,99900,100,100349,100,99897,100,100407,100,99895,100,100518,100,99868,100,100718,100,99851,100,,,99814,100
2019-06-28 09:57:10.000000000,100248,214,100017,214,100264,214,100011,214,100284,214,99969,414,100316,214,99967,214,100349,100,99900,100,100407,100,99897,100,100518,100,99895,100,100718,100,99868,100,,,99851,100,,,99814,100
2019-06-28 09:57:20.000000000,100248,254,100017,254,100264,250,100011,250,100284,250,99969,450,100316,100,99967,100,100349,100,99900,100,100407,100,99897,100,100518,100,99895,100,100718,100,99868,100,,,99851,100,,,99814,100
2019-06-28 09:57:20.380730307,100248,254,100030,100,100264,250,100017,254,100284,250,100011,250,100316,100,99969,450,100349,100,99967,100,100407,100,99900,100,100518,100,99897,100,100718,100,99895,100,,,99868,100,,,99851,100
2019-06-28 09:57:30.000000000,100248,327,100030,327,100264,327,100017,327,100284,100,100011,100,100316,100,99969,300,100349,100,99967,100,100407,100,99900,100,100518,100,99897,100,100718,100,99895,100,,,99868,100,,,99851,100
2019-06-28 09:57:33.615255133,100248,327,100030,427,100264,327,100017,327,100284,100,100011,100,100316,100,99969,300,100349,100,99967,100,100407,100,99900,100,100518,100,99897,100,100718,100,99895,100,,,99868,100,,,99851,100
2019-06-28 09:57:39.841364429,100248,327,100030,427,100264,327,100017,327,100284,100,100011,100,100316,100,100007,100,100349,100,99969,300,100407,100,99967,100,100518,100,99900,100,100718,100,99897,100,,,99895,100,,,99868,100
2019-06-28 09:57:40.000000000,100248,191,100030,291,100264,191,100017,191,100284,191,100011,191,100316,191,100007,191,100349,191,99969,391,100407,100,99967,100,100518,100,99900,100,100718,100,99897,100,,,99895,100,,,99868,100
2019-06-28 09:57:50.000000000,100248,327,100030,427,100264,327,100017,327,100284,100,100011,100,100316,100,100007,100,100349,100,99969,300,100407,100,99967,100,100518,100,99900,100,100718,100,99897,100,,,99895,100,,,99868,100
2019-06-28 09:57:51.779988745,100248,227,100030,427,100264,327,100017,327,100284,100,100011,100,100316,100,100007,100,100349,100,99969,300,100407,100,99967,100,100511,100,99900,100,100518,100,99897,100,100718,100,99895,100,,,99868,100
2019-06-28 09:58:00.000000000,100264,191,100030,291,100284,191,100017,191,100316,191,100011,191,100349,191,100007,191,100407,191,99969,391,100511,100,99967,100,100518,100,99900,100,100718,100,99897,100,,,99895,100,,,99868,100
2019-06-28 09:58:00.372025707,100264,191,100030,291,100284,191,100017,191,100316,191,100011,191,100349,191,100007,191,100407,191,99969,391,100473,100,99967,100,100511,100,99900,100,100518,100,99897,100,100718,100,99895,100,,,99868,100
2019-06-28 09:58:03.152539459,100264,91,100030,291,100284,191,100017,191,100316,191,100011,191,100349,191,100007,191,100407,191,99969,391,100473,100,99967,100,100511,100,99900,100,100518,100,99897,100,100718,100,99895,100,,,99868,100
2019-06-28 09:58:10.000000000,100284,191,100030,291,100316,191,100017,191,100349,191,100011,191,100407,191,100007,191,100473,191,99969,391,100511,100,99967,100,100518,100,99900,100,100718,100,99897,100,,,99895,100,,,99868,100
2019-06-28 09:58:20.000000000,100284,254,100030,354,100316,250,100017,250,100349,250,100011,250,100407,100,100007,100,100473,100,99969,300,100511,100,99967,100,100518,100,99900,100,100718,100,99897,100,,,99895,100,,,99868,100
2019-06-28 09:58:30.000000000,100284,554,100030,654,100316,100,100017,100,100349,100,100011,100,100407,100,100007,100,100473,100,99969,300,100511,100,99967,100,100518,100,99900,100,100718,100,99897,100,,,99895,100,,,99868,100
2019-06-28 09:58:40.000000000,100284,327,100030,427,100316,327,100017,327,100349,100,100011,100,100407,100,100007,100,100473,100,99969,300,100511,100,99967,100,100518,100,99900,100,100718,100,99897,100,,,99895,100,,,99868,100
2019-06-28 09:58:42.067621092,100091,100,100030,427,100284,327,100017,327,100316,327,100011,100,100349,100,100007,100,100407,100,99969,300,100473,100,99967,100,100511,100,99900,100,100518,100,99897,100,100718,100,99895,100,,,99868,100
2019-06-28 09:58:47.182874701,100087,100,100030,427,100091,100,100017,327,100284,327,100011,100,100316,327,100007,100,100349,100,99969,300,100407,100,99967,100,100473,100,99900,100,100511,100,99897,100,100518,100,99895,100,100718,100,99868,100
2019-06-28 09:58:50.000000000,100087,191,100030,291,100091,191,100017,191,100284,191,100011,191,100316,191,100007,191,100349,191,99969,391,100407,100,99967,100,100473,100,99900,100,100511,100,99897,100,100518,100,99895,100,100718,100,99868,100
2019-06-28 09:59:00.000000000,100087,191,100030,291,100091,191,100017,191,100284,191,100011,191,100316,191,100007,191,100349,191,99969,391,100407,100,99967,100,100473,100,99900,100,100511,100,99897,100,100518,100,99895,100,100718,100,99868,100
2019-06-28 09:59:00.792988794,100087,191,100030,291,100091,191,100017,191,100247,100,100011,191,100284,191,100007,191,100316,191,99969,391,100349,191,99967,100,100407,100,99900,100,100473,100,99897,100,100511,100,99895,100,100518,100,99868,100
2019-06-28 09:59:10.000000000,100087,327,100030,427,100091,327,100017,327,100247,100,100011,100,100284,100,100007,100,100316,100,99969,300,100349,100,99967,100,100407,100,99900,100,100473,100,99897,100,100511,100,99895,100,100518,100,99868,100
2019-06-28 09:59:12.523287767,100087,327,100030,427,100091,327,100017,327,100247,100,100011,100,100284,100,100007,100,100316,100,99969,300,100349,100,99967,100,100407,100,99900,100,100473,100,99897,100,100511,100,99895,100,100518,100,99868,100
2019-06-28 09:59:14.016609274,100087,327,100030,327,100091,327,100017,327,100247,100,100011,100,100284,100,100007,100,100316,100,99969,300,100349,100,99967,100,100407,100,99900,100,100473,100,99897,100,100511,100,99895,100,100518,100,99868,100
2019-06-28 09:59:19.331182882,100087,327,100030,327,100091,327,100017,227,100247,100,100011,100,100284,100,100007,100,100316,100,99969,300,100349,100,99967,100,100407,100,99900,100,100473,100,99897,100,100511,100,99895,100,100518,100,99868,100
2019-06-28 09:59:20.000000000,100087,554,100030,554,100091,100,100011,100,100247,100,100007,100,100284,100,99969,300,100316,100,99967,100,100349,100,99900,100,100407,100,99897,100,100473,100,99895,100,100511,100,99868,100,100518,100,99851,100
2019-06-28 09:59:30.000000000,100087,214,100030,214,100091,214,100011,214,100247,214,100007,214,100284,214,99969,414,100316,100,99967,100,100349,100,99900,100,100407,100,99897,100,100473,100,99895,100,100511,100,99868,100,100518,100,99851,100
2019-06-28 09:59:40.000000000,100087,554,100030,554,100091,100,100011,100,100247,100,100007,100,100284,100,99969,300,100316,100,99967,100,100349,100,99900,100,100407,100,99897,100,100473,100,99895,100,100511,100,99868,100,100518,100,99851,100
2019-06-28 09:59:50.000000000,100087,327,100030,327,100091,327,100011,327,100247,100,100007,100,100284,100,99969,300,100316,100,99967,100,100349,100,99900,100,100407,100,99897,100,100473,100,99895,100,100511,100,99868,100,100518,100,99851,100
2019-06-28 09:59:57.557047310,100087,327,100030,327,100091,327,100011,327,100247,100,100007,100,100284,100,99969,300,100316,100,99967,100,100349,100,99900,100,100407,100,99897,100,100473,100,99895,100,100511,100,99868,100,100518,100,99851,100
2019-06-28 09:59:58.326776883,100087,327,100030,227,100091,327,100011,327,100247,100,100007,100,100284,100,99969,300,100316,100,99967,100,100349,100,99900,100,100407,100,99897,100,100473,100,99895,100,100511,100,99868,100,100518,100,99851,100
2019-06-28 10:00:00.000000000,100087,191,100011,191,100091,191,100007,191,100247,191,99969,391,100284,191,99967,191,100316,191,99900,191,100349,100,99897,100,100407,100,99895,100,100473,100,99868,100,100511,100,99851,100,100518,100,99833,100
2019-06-28 10:00:10.000000000,100087,191,100011,191,100091,191,100007,191,100247,191,99969,391,100284,191,99967,191,100316,191,99900,191,100349,100,99897,100,100407,100,99895,100,100473,100,99868,100,100511,100,99851,100,100518,100,99833,100
2019-06-28 10:00:20.000000000,100087,214,100011,214,100091,214,100007,214,100247,214,99969,414,100284,214,99967,214,100316,100,99900,100,100349,100,99897,100,100407,100,99895,100,100473,100,99868,100,100511,100,99851,100,100518,100,99833,100
2019-06-28 10:00:20.650612183,100087,114,100011,114,100091,214,100007,214,100247,214,99969,414,100284,214,99967,214,100316,100,99900,100,100349,100,99897,100,100407,100,99895,100,100473,100,99868,100,100511,100,99851,100,100518,100,99833,100
2019-06-28 10:00:30.000000000,100091,254,100007,254,100247,250,99969,450,100284,250,99967,250,100316,100,99900,100,100349,100,99897,100,100407,100,99895,100,100473,100,99868,100,100511,100,99851,100,100518,100,99833,100,100718,100,99814,100
2019-06-28 10:00:40.000000000,100091,191,100007,191,100247,191,99969,391,100284,191,99967,191,100316,191,99900,191,100349,191,99897,191,100407,100,99895,100,100473,100,99868,100,100511,100,99851,100,100518,100,99833,100,100718,100,99814,100
2019-06-28 10:00:45.000365807,100091,191,100007,191,100247,191,99969,391,100284,191,99967,191,100316,191,99900,191,100349,191,99897,91,100407,100,99895,100,100473,100,99868,100,100511,100,99851,100,100518,100,99833,100,100718,100,99828,100
2019-06-28 10:00:45.567376152,100030,100,100007,191,100091,191,99969,391,100247,191,99967,191,100284,191,99900,191,100316,191,99897,91,100349,191,99895,100,100407,100,99868,100,100473,100,99851,100,100511,100,99833,100,100518,100,99828,100
2019-06-28 10:00:50.000000000,100030,214,100007,214,100091,214,99969,414,100247,214,99967,214,100284,214,99900,214,100316,100,99895,100,100349,100,99868,100,100407,100,99851,100,100473,100,99833,100,100511,100,99828,100,100518,100,99814,100
2019-06-28 10:00:55.404063489,100030,214,100007,214,100091,214,99969,414,100161,100,99967,214,100247,214,99900,214,100284,214,99895,100,100316,100,99868,100,100349,100,99851,100,100407,100,99828,100,100473,100,99814,100,100511,100,99796,100
2019-06-28 10:01:00.000000000,100030,191,100007,191,100091,191,99969,391,100161,191,99967,191,100247,191,99900,191,100284,191,99895,191,100316,100,99868,100,100349,100,99851,100,100407,100,99828,100,100473,100,99814,100,100511,100,99796,100
2019-06-28 10:01:10.000000000,100030,214,100007,214,100091,214,99969,414,100161,214,99967,214,100247,214,99900,214,100284,100,99895,100,100316,100,99868,100,100349,100,99851,100,100407,100,99828,100,100473,100,99814,100,100511,100,99796,100
2019-06-28 10:01:20.000000000,100030,327,100007,327,100091,327,99969,527,100161,100,99967,100,100247,100,99900,100,100284,100,99895,100,100316,100,99868,100,100349,100,99851,100,100407,100,99828,100,100473,100,99814,100,100511,100,99796,100
2019-06-28 10:01:27.707589577,100030,327,100007,327,100091,327,99969,427,100161,100,99967,100,100247,100,99900,100,100284,100,99895,100,100316,100,99868,100,100349,100,99851,100,100407,100,99828,100,100473,100,99814,100,100511,100,99796,100
2019-06-28 10:01:30.000000000,100030,254,100007,254,100091,250,99969,350,100161,250,99967,250,100247,100,99900,100,100284,100,99895,100,100316,100,99868,100,100349,100,99851,100,100407,100,99828,100,100473,100,99814,100,100511,100,99796,100
2019-06-28 10:01:40.000000000,100030,191,100007,191,100091,191,99969,291,100161,191,99967,191,100247,191,99900,191,100284,191,99895,191,100316,100,99868,100,100349,100,99851,100,100407,100,99828,100,100473,100,99814,100,100511,100,99796,100
2019-06-28 10:01:50.000000000,100030,214,100007,214,100091,214,99969,314,100161,214,99967,214,100247,214,99900,214,100284,100,99895,100,100316,100,99868,100,100349,100,99851,100,100407,100,99828,100,100473,100,99814,100,100511,100,99796,100
2019-06-28 10:01:51.233279662,100030,214,100007,114,100091,214,99969,314,100161,214,99967,214,100247,214,99900,214,100284,100,99895,100,100316,100,99868,100,100349,100,99851,100,100407,100,99828,100,100473,100,99814,100,100511,100,99796,100
2019-06-28 10:01:56.559891044,100030,314,100007,114,100091,214,99969,314,100161,214,99967,114,100247,214,99900,214,100284,100,99895,100,100316,100,99868,100,100349,100,99851,100,100407,100,99828,100,100473,100,99814,100,100511,100,99796,100
2019-06-28 10:02:00.000000000,100030,354,99969,354,100091,250,99900,250,100161,250,99895,250,100247,100,99868,100,100284,100,99851,100,100316,100,99828,100,100349,100,99814,100,100407,100,99796,100,100473,100,99790,100,100511,100,99785,100
2019-06-28 10:02:10.000000000,100030,654,99969,654,100091,100,99900,100,100161,100,99895,100,100247,100,99868,100,100284,100,99851,100,100316,100,99828,100,100349,100,99814,100,100407,100,99796,100,100473,100,99790,100,100511,100,99785,100
2019-06-28 10:02:20.000000000,100030,427,99969,427,100091,327,99900,327,100161,100,99895,100,100247,100,99868,100,100284,100,99851,100,100316,100,99828,100,100349,100,99814,100,100407,100,99796,100,100473,100,99790,100,100511,100,99785,100
2019-06-28 10:02:21.027762103,100030,427,99969,427,100091,327,99900,327,100161,100,99895,100,100247,100,99868,100,100284,100,99851,100,100316,100,99828,100,100349,100,99814,100,100407,100,99796,100,100473,100,99790,100,100511,100,99785,100
2019-06-28 10:02:30.000000000,100030,314,99969,314,100091,214,99900,214,100161,214,99895,214,100247,214,99868,214,100284,100,99851,100,100316,100,99828,100,100349,100,99814,100,100407,100,99796,100,100473,100,99790,100,100511,100,99785,100
2019-06-28 10:02:40.000000000,100030,291,99969,291,100091,191,99900,191,100161,191,99895,191,100247,191,99868,191,100284,191,99851,191,100316,100,99828,100,100349,100,99814,100,100407,100,99796,100,100473,100,99790,100,100511,100,99785,100
2019-06-28 10:02:50.000000000,100030,291,99969,291,100091,191,99900,191,100161,191,99895,191,100247,191,99868,191,100284,191,99851,191,100316,100,99828,100,100349,100,99814,100,100407,100,99796,100,100473,100,99790,100,100511,100,99785,100
2019-06-28 10:03:00.000000000,100030,654,99969,654,100091,100,99900,100,100161,100,99895,100,100247,100,99868,100,100284,100,99851,100,100316,100,99828,100,100349,100,99814,100,100407,100,99796,100,100473,100,99790,100,100511,100,99785,100
2019-06-28 10:03:10.000000000,100030,291,99969,291,100091,191,99900,191,100161,191,99895,191,100247,191,99868,191,100284,191,99851,191,100316,100,99828,100,100349,100,99814,100,100407,100,99796,100,100473,100,99790,100,100511,100,99785,100
2019-06-28 10:03:10.147942805,100030,291,99969,291,100091,191,99900,191,100161,191,99895,191,100247,91,99868,191,100284,191,99851,191,100316,100,99828,100,100349,100,99814,100,100407,100,99796,100,100473,100,99790,100,100511,100,99785,100
2019-06-28 10:03:18.797437698,100030,291,99969,291,100031,100,99900,191,100091,191,99895,191,100161,191,99868,191,100247,91,99851,191,100284,191,99828,100,100316,100,99814,100,100349,100,99796,100,100407,100,99790,100,100473,100,99785,100
2019-06-28 10:03:20.000000000,100030,427,99969,427,100031,327,99900,327,100091,100,99895,100,100161,100,99868,100,100284,100,99851,100,100316,100,99828,100,100349,100,99814,100,100407,100,99796,100,100473,100,99790,100,100511,100,99785,100
2019-06-28 10:03:30.000000000,100030,654,99969,654,100031,100,99900,100,100091,100,99895,100,100161,100,99868,100,100284,100,99851,100,100316,100,99828,100,100349,100,99814,100,100407,100,99796,100,100473,100,99790,100,100511,100,99785,100
2019-06-28 10:03:40.000000000,100030,354,99969,354,100031,250,99900,250,100091,250,99895,250,100161,100,99868,100,100284,100,99851,100,100316,100,99828,100,100349,100,99814,100,100407,100,99796,100,100473,100,99790,100,100511,100,99785,100
2019-06-28 10:03:41.573197902,100030,354,100016,100,100031,250,99969,354,100091,250,99900,250,100161,100,99895,250,100284,100,99868,100,100316,100,99851,100,100349,100,99828,100,100407,100,99814,100,100473,100,99796,100,100511,100,99790,100
2019-06-28 10:03:50.000000000,100030,354,100016,254,100031,250,99969,350,100091,250,99900,250,100161,100,99895,100,100284,100,99868,100,100316,100,99851,100,100349,100,99828,100,100407,100,99814,100,100473,100,99796,100,100511,100,99790,100
2019-06-28 10:03:53.832458643,100030,354,100016,254,100031,250,99969,350,100091,250,99900,250,100161,100,99895,100,100284,200,99868,100,100316,100,99851,100,100349,100,99828,100,100407,100,99814,100,100473,100,99796,100,100511,100,99790,100
2019-06-28 10:04:00.000000000,100030,291,100016,191,100031,191,99969,291,100091,191,99900,191,100161,191,99895,191,100284,291,99868,191,100316,100,99851,100,100349,100,99828,100,100407,100,99814,100,100473,100,99796,100,100511,100,99790,100
2019-06-28 10:04:10.000000000,100030,427,100016,327,100031,327,99969,427,100091,100,99900,100,100161,100,99895,100,100284,200,99868,100,100316,100,99851,100,100349,100,99828,100,100407,100,99814,100,100473,100,99796,100,100511,100,99790,100
2019-06-28 10:04:14.449140856,100030,427,100016,327,100031,327,99969,427,100091,100,99900,100,100161,100,99895,100,100284,200,99868,100,100316,100,99851,100,100349,100,99828,100,100407,100,99814,100,100473,100,99796,100,100511,100,99790,100
2019-06-28 10:04:20.000000000,100030,427,100016,327,100031,327,99969,427,100091,100,99900,100,100161,100,99895,100,100284,200,99868,100,100316,100,99851,100,100349,100,99828,100,100407,100,99814,100,100473,100,99796,100,100511,100,99790,100
2019-06-28 10:04:28.446010323,100030,427,100016,227,100031,327,99969,427,100091,100,99900,100,100161,100,99895,100,100284,100,99868,100,100316,100,99851,100,100349,100,99828,100,100407,100,99814,100,100473,100,99796,100,100511,100,99790,100
2019-06-28 10:04:30.000000000,100030,291,99969,291,100031,191,99900,191,100091,191,99895,191,100161,191,99868,191,100284,191,99851,191,100316,100,99828,100,100349,100,99814,100,100407,100,99796,100,100473,100,99790,100,100511,100,99785,100
2019-06-28 10:04:40.000000000,100030,314,99969,314,100031,214,99900,214,100091,214,99895,214,100161,214,99868,214,100284,100,99851,100,100316,100,99828,100,100349,100,99814,100,100407,100,99796,100,100473,100,99790,100,100511,100,99785,100
2019-06-28 10:04:50.000000000,100030,291,99969,291,100031,191,99900,191,100091,191,99895,191,100161,191,99868,191,100284,191,99851,191,100316,100,99828,100,100349,100,99814,100,100407,100,99796,100,100473,100,99790,100,100511,100,99785,100
2019-06-28 10:05:00.000000000,100030,654,99969,654,100031,100,99900,100,100091,100,99895,100,100161,100,99868,100,100284,100,99851,100,100316,100,99828,100,100349,100,99814,100,100407,100,99796,100,100473,100,99790,100,100511,100,99785,100
2019-06-28 10:05:10.000000000,100030,291,99969,291,100031,191,99900,191,100091,191,99895,191,100161,191,99868,191,100284,191,99851,191,100316,100,99828,100,100349,100,99814,100,100407,100,99796,100,100473,100,99790,100,100511,100,99785,100
2019-06-28 10:05:20.000000000,100030,654,99969,654,100031,100,99900,100,100091,100,99895,100,100161,100,99868,100,100284,100,99851,100,100316,100,99828,100,100349,100,99814,100,100407,100,99796,100,100473,100,99790,100,100511,100,99785,100
2019-06-28 10:05:30.000000000,100030,354,99969,354,100031,250,99900,250,100091,250,99895,250,100161,100,99868,100,100284,100,99851,100,100316,100,99828,100,100349,100,99814,100,100407,100,99796,100,100473,100,99790,100,100511,100,99785,100
2019-06-28 10:05:31.734069055,100030,354,99994,100,100031,250,99969,354,100091,250,99900,250,100161,100,99895,250,100284,100,99868,100,100316,100,99851,100,100349,100,99828,100,100407,100,99814,100,100473,100,99796,100,100511,100,99790,100
2019-06-28 10:05:40.000000000,100030,314,99994,214,100031,214,99969,314,100091,214,99900,214,100161,214,99895,214,100284,100,99868,100,100316,100,99851,100,100349,100,99828,100,100407,100,99814,100,100473,100,99796,100,100511,100,99790,100
2019-06-28 10:05:50.000000000,100030,314,99994,214,100031,214,99969,314,100091,214,99900,214,100161,214,99895,214,100284,100,99868,100,100316,100,99851,100,100349,100,99828,100,100407,100,99814,100,100473,100,99796,100,100511,100,99790,100
2019-06-28 10:05:58.567871375,100030,314,100017,100,100031,214,99994,214,100091,214,99969,314,100161,214,99900,214,100284,100,99895,214,100316,100,99868,100,100349,100,99851,100,100407,100,99828,100,100473,100,99814,100,100511,100,99796,100
2019-06-28 10:06:00.000000000,100030,354,100017,254,100031,250,99994,250,100091,250,99969,350,100161,100,99900,100,100284,100,99895,100,100316,100,99868,100,100349,100,99851,100,100407,100,99828,100,100473,100,99814,100,100511,100,99796,100
2019-06-28 10:06:10.000000000,100030,314,100017,214,100031,214,99994,214,100091,214,99969,314,100161,214,99900,214,100284,100,99895,100,100316,100,99868,100,100349,100,99851,100,100407,100,99828,100,100473,100,99814,100,100511,100,99796,100
2019-06-28 10:06:10.783127244,100030,314,100017,314,100031,214,99994,214,100091,214,99969,314,100161,214,99900,214,100284,100,99895,100,100316,100,99868,100,100349,100,99851,100,100407,100,99828,100,100473,100,99814,100,100511,100,99796,100
2019-06-28 10:06:11.479612722,100030,314,100017,414,100031,214,99994,214,100091,214,99969,314,100161,214,99900,214,100284,100,99895,100,100316,100,99868,100,100349,100,99851,100,100407,100,99828,100,100473,100,99814,100,100511,100,99796,100
2019-06-28 10:06:12.037190824,100030,314,100017,414,100031,214,99994,214,100091,214,99969,314,100103,100,99900,214,100161,214,99895,100,100284,100,99868,100,100316,100,99851,100,100349,100,99828,100,100407,100,99814,100,100473,100,99796,100
2019-06-28 10:06:13.768050656,100030,314,100017,414,100031,214,99994,214,100091,214,99969,314,100103,100,99900,214,100161,214,99895,100,100284,100,99868,100,100316,100,99851,100,100349,100,99828,100,100407,100,99814,100,100423,100,99796,100
2019-06-28 10:06:20.000000000,100030,354,100017,454,100031,250,99994,250,100091,250,99969,350,100103,100,99900,100,100161,100,99895,100,100284,100,99868,100,100316,100,99851,100,100349,100,99828,100,100407,100,99814,100,100423,100,99796,100
2019-06-28 10:06:20.018260874,100030,354,100017,454,100031,250,99994,250,100091,250,99969,350,100103,100,99900,100,100161,100,99895,100,100284,100,99881,100,100316,100,99868,100,100349,100,99851,100,100407,100,99828,100,100423,100,99814,100
2019-06-28 10:06:26.043526171,100030,354,100017,454,100031,250,99994,250,100091,250,99969,350,100103,100,99900,100,100161,100,99895,100,100273,100,99881,100,100284,100,99868,100,100316,100,99851,100,100349,100,99828,100,100407,100,99814,100
2019-06-28 10:06:30.000000000,100030,654,100017,754,100031,100,99994,100,100091,100,99969,200,100103,100,99900,100,100161,100,99895,100,100273,100,99881,100,100284,100,99868,100,100316,100,99851,100,100349,100,99828,100,100407,100,99814,100
2019-06-28 10:06:30.530248342,100030,654,100017,754,100031,100,99994,100,100091,100,99969,200,100103,100,99900,100,100161,100,99895,100,100268,100,99881,100,100273,100,99868,100,100284,100,99851,100,100316,100,99828,100,100349,100,99796,100
2019-06-28 10:06:40.000000000,100030,654,100017,754,100031,100,99994,100,100091,100,99969,200,100103,100,99900,100,100161,100,99895,100,100268,100,99881,100,100273,100,99868,100,100284,100,99851,100,100316,100,99828,100,100349,100,99796,100
2019-06-28 10:06:50.000000000,100030,291,100017,391,100031,191,99994,191,100091,191,99969,291,100103,191,99900,191,100161,191,99895,191,100268,100,99881,100,100273,100,99868,100,100284,100,99851,100,100316,100,99828,100,100349,100,99796,100
2019-06-28 10:06:59.284990505,100030,191,100017,391,100031,191,99994,191,100091,191,99969,291,100103,191,99900,191,100161,191,99895,191,100268,100,99881,100,100273,100,99868,100,100284,100,99851,100,100316,100,99828,100,100349,100,99796,100
2019-06-28 10:07:00.000000000,100030,327,100017,527,100031,327,99994,327,100091,100,99969,200,100103,100,99900,100,100161,100,99895,100,100268,100,99881,100,100273,100,99868,100,100284,100,99851,100,100316,100,99828,100,100349,100,99796,100
2019-06-28 10:07:10.000000000,100030,214,100017,414,100031,214,99994,214,100091,214,99969,314,100103,214,99900,214,100161,100,99895,100,100268,100,99881,100,100273,100,99868,100,100284,100,99851,100,100316,100,99828,100,100349,100,99796,100
2019-06-28 10:07:17.734253944,100030,214,100017,414,100031,214,99994,214,100091,214,99969,314,100103,214,99900,214,100161,100,99895,100,100268,100,99881,100,100284,100,99868,100,100316,100,99851,100,100349,100,99828,100,100407,100,99796,100
2019-06-28 10:07:20.000000000,100030,191,100017,391,100031,191,99994,191,100091,191,99969,291,100103,191,99900,191,100161,191,99895,191,100268,100,99881,100,100284,100,99868,100,100316,100,99851,100,100349,100,99828,100,100407,100,99796,100
2019-06-28 10:07:30.000000000,100030,214,100017,414,100031,214,99994,214,100091,214,99969,314,100103,214,99900,214,100161,100,99895,100,100268,100,99881,100,100284,100,99868,100,100316,100,99851,100,100349,100,99828,100,100407,100,99796,100
2019-06-28 10:07:38.328583208,100030,214,100017,414,100031,214,99994,214,100091,214,99969,314,100103,214,99900,214,100161,100,99895,100,100268,100,99881,100,100284,100,99851,100,100316,100,99828,100,100349,100,99796,100,100388,100,99790,100
2019-06-28 10:07:40.000000000,100030,254,100017,454,100031,250,99994,250,100091,250,99969,350,100103,100,99900,100,100161,100,99895,100,100268,100,99881,100,100284,100,99851,100,100316,100,99828,100,100349,100,99796,100,100388,100,99790,100
2019-06-28 10:07:50.000000000,100030,254,100017,454,100031,250,99994,250,100091,250,99969,350,100103,100,99900,100,100161,100,99895,100,100268,100,99881,100,100284,100,99851,100,100316,100,99828,100,100349,100,99796,100,100388,100,99790,100
2019-06-28 10:07:51.071491236,100030,154,100017,454,100031,250,99994,250,100091,250,99969,350,100103,100,99900,100,100161,100,99895,100,100268,100,99881,100,100284,100,99851,100,100316,100,99828,100,100349,100,99796,100,100388,100,99790,100
2019-06-28 10:08:00.000000000,100031,254,100017,454,100091,250,99994,250,100103,250,99969,350,100161,100,99900,100,100268,100,99895,100,100284,100,99881,100,100316,100,99851,100,100349,100,99828,100,100388,100,99796,100,100407,100,99790,100
2019-06-28 10:08:09.575180259,100031,254,100017,454,100091,250,99994,250,100103,250,99969,350,100161,100,99900,100,100268,100,99895,100,100316,100,99881,100,100349,100,99851,100,100388,100,99828,100,100407,100,99796,100,100423,100,99790,100
2019-06-28 10:08:10.000000000,100031,254,100017,454,100091,250,99994,250,100103,250,99969,350,100161,100,99900,100,100268,100,99895,100,100316,100,99881,100,100349,100,99851,100,100388,100,99828,100,100407,100,99796,100,100423,100,99790,100
2019-06-28 10:08:13.139793622,100031,254,100017,454,100091,250,99994,250,100103,250,99969,350,100161,100,99900,100,100316,100,99895,100,100349,100,99881,100,100388,100,99851,100,100407,100,99828,100,100423,100,99796,100,100473,100,99790,100
2019-06-28 10:08:20.000000000,100031,254,100017,454,100091,250,99994,250,100103,250,99969,350,100161,100,99900,100,100316,100,99895,100,100349,100,99881,100,100388,100,99851,100,100407,100,99828,100,100423,100,99796,100,100473,100,99790,100
2019-06-28 10:08:30.000000000,100031,554,100017,754,100091,100,99994,100,100103,100,99969,200,100161,100,99900,100,100316,100,99895,100,100349,100,99881,100,100388,100,99851,100,100407,100,99828,100,100423,100,99796,100,100473,100,99790,100
2019-06-28 10:08:40.000000000,100031,327,100017,527,100091,327,99994,327,100103,100,99969,200,100161,100,99900,100,100316,100,99895,100,100349,100,99881,100,100388,100,99851,100,100407,100,99828,100,100423,100,99796,100,100473,100,99790,100
2019-06-28 10:08:50.000000000,100031,191,100017,391,100091,191,99994,191,100103,191,99969,291,100161,191,99900,191,100316,191,99895,191,100349,100,99881,100,100388,100,99851,100,100407,100,99828,100,100423,100,99796,100,100473,100,99790,100
2019-06-28 10:09:00.000000000,100031,214,100017,414,100091,214,99994,214,100103,214,99969,314,100161,214,99900,214,100316,100,99895,100,100349,100,99881,100,100388,100,99851,100,100407,100,99828,100,100423,100,99796,100,100473,100,99790,100
2019-06-28 10:09:10.000000000,100031,254,100017,454,100091,250,99994,250,100103,250,99969,350,100161,100,99900,100,100316,100,99895,100,100349,100,99881,100,100388,100,99851,100,100407,100,99828,100,100423,100,99796,100,100473,100,99790,100
2019-06-28 10:09:17.967292700,100031,154,100017,454,100091,250,99994,250,100103,250,99969,350,100161,100,99900,100,100316,100,99895,100,100349,100,99881,100,100388,100,99851,100,100407,100,99828,100,100423,100,99796,100,100473,100,99790,100
2019-06-28 10:09:20.000000000,100091,191,100017,391,100103,191,99994,191,100161,191,99969,291,100316,191,99900,191,100349,191,99895,191,100388,100,99881,100,100407,100,99851,100,100423,100,99828,100,100473,100,99796,100,100518,100,99790,100
2019-06-28 10:09:26.505958157,100091,191,100017,391,100103,191,99994,191,100161,191,99969,291,100316,191,99900,191,100349,191,99895,191,100388,100,99881,100,100407,100,99851,100,100423,100,99828,100,100473,100,99796,100,100518,100,99790,100
2019-06-28 10:09:30.000000000,100091,214,100017,414,100103,214,99994,214,100161,214,99969,314,100316,214,99900,214,100349,100,99895,100,100388,100,99881,100,100407,100,99851,100,100423,100,99828,100,100473,100,99796,100,100518,100,99790,100
2019-06-28 10:09:40.000000000,100091,554,100017,754,100103,100,99994,100,100161,100,99969,200,100316,100,99900,100,100349,100,99895,100,100388,100,99881,100,100407,100,99851,100,100423,100,99828,100,100473,100,99796,100,100518,100,99790,100
2019-06-28 10:09:50.000000000,100091,214,100017,414,100103,214,99994,214,100161,214,99969,314,100316,214,99900,214,100349,100,99895,100,100388,100,99881,100,100407,100,99851,100,100423,100,99828,100,100473,100,99796,100,100518,100,99790,100
2019-06-28 10:09:58.891897212,100091,214,100017,414,100103,214,99994,214,100161,214,99969,314,100316,214,99900,214,100349,100,99881,100,100388,100,99851,100,100407,100,99828,100,100423,100,99796,100,100473,100,99790,100,100518,100,99785,100
2019-06-28 10:10:00.000000000,100091,327,100017,527,100103,327,99994,327,100161,100,99969,200,100316,100,99900,100,100349,100,99881,100,100388,100,99851,100,100407,100,99828,100,100423,100,99796,100,100473,100,99790,100,100518,100,99785,100
2019-06-28 10:10:10.000000000,100091,191,100017,391,100103,191,99994,191,100161,191,99969,291,100316,191,99900,191,100349,191,99881,191,100388,100,99851,100,100407,100,99828,100,100423,100,99796,100,100473,100,99790,100,100518,100,99785,100
