,ask_price_1,ask_size_1,bid_price_1,bid_size_1,ask_price_2,ask_size_2,bid_price_2,bid_size_2,ask_price_3,ask_size_3,bid_price_3,bid_size_3,ask_price_4,ask_size_4,bid_price_4,bid_size_4,ask_price_5,ask_size_5,bid_price_5,bid_size_5,ask_price_6,ask_size_6,bid_price_6,bid_size_6,ask_price_7,ask_size_7,bid_price_7,bid_size_7,ask_price_8,ask_size_8,bid_price_8,bid_size_8,ask_price_9,ask_size_9,bid_price_9,bid_size_9,ask_price_10,ask_size_10,bid_price_10,bid_size_10
2019-06-28 09:30:00.000000001,100135,100,99921,100,,,,,,,,,,,,,,,,,,,,,,,,,,,,,,,,,,,,
2019-06-28 09:30:00.000000002,100135,100,99993,100,,,99921,100,,,99885,100,,,,,,,,,,,,,,,,,,,,,,,,,,,,
2019-06-28 09:30:00.000000003,100083,100,99993,100,100135,100,99937,100,,,99921,100,,,99885,100,,,,,,,,,,,,,,,,,,,,,,,,
2019-06-28 09:30:00.000000005,100083,100,99993,100,100135,100,99937,100,100170,100,99921,100,,,99885,100,,,,,,,,,,,,,,,,,,,,,,,,
2019-06-28 09:30:00.000000006,100047,100,99993,100,100083,100,99937,100,100135,100,99921,100,100170,100,99885,100,,,,,,,,,,,,,,,,,,,,,,,,
2019-06-28 09:30:00.000000010,100047,100,99993,100,100083,100,99937,100,100135,100,99921,100,100170,100,99885,100,,,99835,100,,,,,,,,,,,,,,,,,,,,
2019-06-28 09:30:00.000000016,100047,100,99993,100,100083,200,99937,100,100135,100,99921,100,100170,100,99885,100,,,99835,100,,,,,,,,,,,,,,,,,,,,
2019-06-28 09:30:00.000000017,100047,100,99993,100,100083,200,99937,100,100135,100,99921,100,100170,100,99885,100,,,99835,100,,,99772,100,,,,,,,,,,,,,,,,
2019-06-28 09:30:00.000000019,100047,100,99993,100,100083,200,99937,100,100093,100,99921,100,100135,100,99885,100,100170,100,99835,100,,,99772,100,,,,,,,,,,,,,,,,
2019-06-28 09:30:00.000000020,100047,100,99993,100,100083,200,99937,100,100088,100,99921,100,100093,100,99885,100,100135,100,99835,100,100170,100,99772,100,,,,,,,,,,,,,,,,
2019-06-28 09:30:00.000000029,100047,100,99993,100,100083,200,99970,100,100088,100,99960,100,100093,100,99937,100,100135,100,99921,100,100170,100,99885,100,,,99835,100,,,99772,100,,,,,,,,
2019-06-28 09:30:00.000000030,100047,100,99993,100,100083,200,99970,100,100088,100,99960,100,100093,100,99937,100,100135,100,99921,100,100137,100,99885,100,100170,100,99835,100,,,99772,100,,,,,,,,
2019-06-28 09:30:00.000000031,100047,100,99993,100,100083,200,99970,100,100088,100,99960,100,100093,100,99937,100,100135,100,99921,100,100137,100,99885,100,100170,100,99835,100,,,99784,100,,,99772,100,,,,
2019-06-28 09:30:00.000000033,100047,100,99993,100,100083,200,99970,100,100088,100,99960,100,100093,100,99937,100,100098,100,99921,100,100135,100,99885,100,100137,100,99835,100,100170,100,99784,100,,,99772,100,,,,
2019-06-28 09:30:00.000000034,100047,100,100013,100,100083,200,99970,100,100088,100,99960,100,100093,100,99937,100,100098,100,99933,100,100104,100,99921,100,100135,100,99885,100,100137,100,99835,100,100170,100,99784,100,,,99772,100
2019-06-28 09:30:00.000000035,100047,100,100013,100,100083,200,99970,100,100088,100,99960,100,100093,100,99937,100,100098,100,99933,100,100104,100,99921,100,100135,100,99896,100,100137,100,99885,100,100170,100,99835,100,,,99784,100
2019-06-28 09:30:00.000000036,100047,100,99970,100,100083,200,99960,100,100088,100,99937,100,100093,100,99933,100,100098,100,99921,100,100104,100,99896,100,100135,100,99885,100,100137,100,99835,100,100170,100,99784,100,,,99772,100
2019-06-28 09:30:00.000000037,100047,100,99970,100,100083,200,99960,100,100088,100,99950,100,100093,100,99937,100,100098,100,99933,100,100104,100,99922,100,100135,100,99921,100,100137,100,99896,100,100170,100,99885,100,,,99835,100
2019-06-28 09:30:00.000000038,100047,100,100012,100,100083,200,99970,100,100088,100,99960,100,100093,100,99950,100,100098,100,99937,100,100104,100,99933,100,100135,100,99922,100,100137,100,99921,100,100170,100,99896,100,,,99885,100
2019-06-28 09:30:00.000000042,100047,100,100012,100,100083,200,99987,100,100088,100,99970,100,100093,100,99960,100,100098,100,99950,100,100104,100,99937,100,100135,100,99933,100,100137,100,99922,100,100170,100,99921,100,,,99896,100
2019-06-28 09:30:00.000000043,100013,100,100012,100,100047,100,99987,100,100083,200,99970,100,100088,100,99960,100,100093,100,99950,100,100098,100,99937,100,100104,100,99933,100,100135,100,99922,100,100137,100,99921,100,100170,100,99896,100
2019-06-28 09:30:00.000000045,100013,100,100012,100,100047,100,99987,100,100083,200,99970,100,100088,100,99966,100,100093,100,99960,100,100098,100,99950,100,100104,100,99937,100,100135,100,99933,100,100137,100,99922,100,100170,100,99921,100
2019-06-28 09:30:00.000000046,100013,200,100012,100,100035,100,99987,100,100047,100,99970,100,100083,200,99966,100,100088,100,99960,100,100093,100,99950,100,100098,100,99937,100,100104,100,99933,100,100135,100,99922,100,100137,100,99921,100
2019-06-28 09:30:00.000000050,100013,300,100012,100,100035,100,99987,100,100047,100,99970,100,100083,200,99966,100,100088,100,99960,100,100093,100,99950,100,100098,100,99937,100,100104,100,99933,100,100135,100,99922,100,100137,100,99921,100
2019-06-28 09:30:00.000000052,100013,300,100012,100,100035,100,99987,100,100047,100,99970,100,100083,200,99966,100,100088,100,99960,100,100093,100,99950,100,100098,100,99937,100,100104,100,99933,100,100135,100,99922,100,100137,100,99921,100
2019-06-28 09:30:00.000000054,100013,300,100012,100,100035,100,99987,100,100041,100,99970,100,100047,100,99966,100,100083,200,99960,100,100088,100,99950,100,100093,100,99937,100,100098,100,99933,100,100104,100,99922,100,100135,100,99921,100
2019-06-28 09:30:00.000000055,100013,300,100012,100,100035,100,99987,100,100041,100,99970,100,100047,100,99966,100,100083,300,99960,100,100088,100,99950,100,100093,100,99937,100,100098,100,99933,100,100104,100,99922,100,100135,100,99921,100
2019-06-28 09:30:00.000000056,100013,400,100012,100,100035,100,99987,100,100041,100,99970,100,100047,100,99966,100,100083,300,99960,100,100088,100,99950,100,100093,100,99937,100,100098,100,99933,100,100104,100,99922,100,100135,100,99921,100
2019-06-28 09:30:00.000000057,100013,400,100012,100,100035,100,99987,100,100041,100,99970,100,100047,100,99966,100,100083,300,99960,100,100088,100,99950,100,100093,100,99937,100,100098,100,99933,100,100104,100,99922,100,100135,100,99921,100
2019-06-28 09:30:00.000000058,100013,500,100012,100,100035,100,99998,100,100041,100,99987,100,100047,100,99970,100,100083,300,99966,100,100088,100,99960,100,100093,100,99950,100,100098,100,99937,100,100104,100,99933,100,100135,100,99922,100
2019-06-28 09:30:00.000000062,100013,500,100012,100,100035,100,99998,100,100041,100,99987,100,100047,100,99970,100,100083,300,99966,100,100088,100,99960,100,100093,100,99950,100,100098,100,99937,100,100104,100,99933,100,100135,100,99922,100
2019-06-28 09:30:00.000000063,100013,600,100012,100,100035,100,99998,100,100041,100,99987,100,100047,100,99970,100,100083,300,99966,100,100088,100,99960,100,100093,100,99950,100,100098,100,99937,100,100104,100,99933,100,100135,100,99922,100
2019-06-28 09:30:00.000000065,100013,700,100012,100,100035,100,99998,100,100041,100,99987,100,100047,100,99970,100,100083,300,99966,100,100088,100,99960,100,100093,100,99950,100,100098,100,99937,100,100104,100,99933,100,100135,100,99922,100
2019-06-28 09:30:00.000000069,100013,700,100012,100,100035,100,99998,100,100041,200,99987,100,100047,100,99970,100,100083,300,99966,100,100088,100,99960,100,100093,100,99950,100,100098,100,99937,100,100104,100,99933,100,100135,100,99922,100
2019-06-28 09:30:00.000000071,100013,800,100012,100,100035,100,99998,100,100041,200,99987,100,100047,100,99970,100,100083,300,99966,100,100088,100,99960,100,100093,100,99950,100,100098,100,99937,100,100104,100,99933,100,100135,100,99922,100
2019-06-28 09:30:00.000000072,100013,800,99987,100,100035,100,99970,100,100041,200,99966,100,100047,100,99960,100,100083,300,99950,100,100088,100,99937,100,100093,100,99933,100,100098,100,99922,100,100104,100,99921,100,100135,100,99919,100
2019-06-28 09:30:00.000000076,100013,800,99987,100,100035,100,99970,100,100041,200,99966,100,100047,100,99960,100,100083,400,99950,100,100088,100,99937,100,100093,100,99933,100,100098,100,99922,100,100104,100,99921,100,100135,100,99919,100
2019-06-28 09:30:00.000000077,100013,700,99987,100,100035,100,99970,100,100041,200,99966,100,100047,100,99960,100,100083,400,99950,100,100088,100,99937,100,100093,100,99933,100,100098,100,99922,100,100104,100,99921,100,100135,100,99919,100
2019-06-28 09:30:00.000000080,100013,700,99987,100,100033,100,99970,100,100035,100,99967,100,100041,200,99966,100,100046,100,99960,100,100047,100,99950,100,100083,400,99937,100,100088,100,99933,100,100093,100,99922,100,100098,100,99921,100
2019-06-28 09:30:00.000000081,100013,700,99987,100,100033,100,99970,100,100035,100,99967,100,100041,200,99966,100,100046,100,99960,100,100047,100,99950,100,100083,400,99937,100,100088,100,99933,100,100093,100,99922,100,100098,100,99921,100
2019-06-28 09:30:00.000000082,100013,800,99987,100,100033,100,99970,100,100035,100,99967,100,100041,200,99966,100,100046,100,99960,100,100047,100,99950,100,100083,400,99937,100,100088,100,99933,100,100093,100,99922,100,100098,100,99921,100
2019-06-28 09:30:00.000000083,100013,800,100005,100,100033,100,99987,100,100035,100,99970,100,100041,200,99967,100,100046,100,99966,100,100047,100,99960,100,100083,400,99950,100,100088,100,99937,100,100093,100,99933,100,100098,100,99922,100
2019-06-28 09:30:00.000000088,100013,700,100005,100,100033,100,99987,100,100035,100,99970,100,100041,200,99967,100,100046,100,99966,100,100047,100,99960,100,100083,400,99950,100,100088,100,99937,100,100093,100,99933,100,100098,100,99922,100
2019-06-28 09:30:00.000000089,100013,700,100006,100,100033,100,100005,100,100035,100,99987,100,100041,200,99970,100,100046,100,99967,100,100047,100,99966,100,100083,400,99960,100,100088,100,99950,100,100093,100,99937,100,100098,100,99933,100
2019-06-28 09:30:00.000000091,100013,700,100006,100,100033,100,100005,100,100035,100,99987,100,100041,200,99970,100,100046,100,99967,100,100047,100,99966,100,100083,400,99960,100,100088,100,99950,100,100093,100,99937,100,100098,100,99933,100
2019-06-28 09:30:00.000000092,100013,700,100006,100,100033,100,100005,100,100035,100,99987,100,100041,200,99979,100,100046,100,99970,100,100047,100,99967,100,100066,100,99966,100,100083,400,99960,100,100088,100,99950,100,100093,100,99937,100
2019-06-28 09:30:00.000000094,100013,700,100006,100,100033,100,100005,100,100035,100,99987,100,100041,200,99979,100,100046,100,99970,100,100047,100,99967,100,100066,100,99966,100,100078,100,99960,100,100083,400,99950,100,100088,100,99937,100
2019-06-28 09:30:00.000000099,100013,700,100006,100,100033,100,100005,100,100035,100,99987,100,100041,200,99979,100,100046,100,99970,100,100047,100,99967,100,100066,100,99966,100,100078,100,99963,100,100083,400,99960,100,100088,100,99950,100
2019-06-28 09:30:10.000000000,100013,756,100006,156,100033,156,100005,156,100035,156,99987,156,100041,256,99979,156,100046,156,99970,156,100047,100,99967,100,100066,100,99966,100,100078,100,99963,100,100083,400,99960,100,100088,100,99950,100
2019-06-28 09:30:20.000000000,100013,795,100006,195,100033,192,100005,192,100035,192,99987,192,100041,200,99979,100,100046,100,99970,100,100047,100,99967,100,100066,100,99966,100,100078,100,99963,100,100083,400,99960,100,100088,100,99950,100
2019-06-28 09:30:26.074962499,100013,795,100006,195,100033,192,100005,192,100035,192,99987,192,100041,200,99979,100,100046,100,99970,100,100047,100,99967,100,100066,100,99966,100,100078,100,99963,100,100083,400,99960,100,100085,100,99950,100
2019-06-28 09:30:30.000000000,100013,978,100006,378,100033,100,100005,100,100035,100,99987,100,100041,200,99979,100,100046,100,99970,100,100047,100,99967,100,100066,100,99966,100,100078,100,99963,100,100083,400,99960,100,100085,100,99950,100
2019-06-28 09:30:40.000000000,100013,795,100006,195,100033,192,100005,192,100035,192,99987,192,100041,200,99979,100,100046,100,99970,100,100047,100,99967,100,100066,100,99966,100,100078,100,99963,100,100083,400,99960,100,100085,100,99950,100
2019-06-28 09:30:50.000000000,100013,770,100006,170,100033,170,100005,170,100035,170,99987,170,100041,270,99979,170,100046,100,99970,100,100047,100,99967,100,100066,100,99966,100,100078,100,99963,100,100083,400,99960,100,100085,100,99950,100
2019-06-28 09:31:00.000000000,100013,756,100006,156,100033,156,100005,156,100035,156,99987,156,100041,256,99979,156,100046,156,99970,156,100047,100,99967,100,100066,100,99966,100,100078,100,99963,100,100083,400,99960,100,100085,100,99950,100
2019-06-28 09:31:10.000000000,100013,795,100006,195,100033,192,100005,192,100035,192,99987,192,100041,200,99979,100,100046,100,99970,100,100047,100,99967,100,100066,100,99966,100,100078,100,99963,100,100083,400,99960,100,100085,100,99950,100
2019-06-28 09:31:20.000000000,100013,770,100006,170,100033,170,100005,170,100035,170,99987,170,100041,270,99979,170,100046,100,99970,100,100047,100,99967,100,100066,100,99966,100,100078,100,99963,100,100083,400,99960,100,100085,100,99950,100
2019-06-28 09:31:20.739320986,100013,770,100006,70,100033,170,100005,170,100035,170,99987,170,100041,270,99979,170,100047,100,99970,100,100066,100,99967,100,100078,100,99966,100,100083,400,99963,100,100085,100,99960,100,100088,100,99950,100
2019-06-28 09:31:30.000000000,100013,756,100005,156,100033,156,99987,156,100035,156,99979,156,100041,256,99970,156,100047,156,99967,156,100066,100,99966,100,100078,100,99963,100,100083,400,99960,100,100085,100,99950,100,100088,100,99937,100
2019-06-28 09:31:40.000000000,100013,770,100005,170,100033,170,99987,170,100035,170,99979,170,100041,270,99970,170,100047,100,99967,100,100066,100,99966,100,100078,100,99963,100,100083,400,99960,100,100085,100,99950,100,100088,100,99937,100
2019-06-28 09:31:45.815765059,100013,670,100005,170,100033,170,99987,170,100035,170,99979,170,100041,270,99970,170,100047,100,99967,100,100078,100,99966,100,100083,400,99963,100,100085,100,99960,100,100088,100,99950,100,100093,100,99937,100
2019-06-28 09:31:49.219418927,100013,670,100005,170,100033,170,99987,170,100035,170,99979,170,100041,270,99970,170,100047,100,99967,100,100078,100,99966,100,100083,400,99963,100,100085,100,99960,100,100088,100,99950,100,100093,100,99937,100
2019-06-28 09:31:50.000000000,100013,695,100005,195,100033,192,99987,192,100035,192,99979,192,100041,200,99970,100,100047,100,99967,100,100078,100,99966,100,100083,400,99963,100,100085,100,99960,100,100088,100,99950,100,100093,100,99937,100
2019-06-28 09:31:50.525703787,100012,100,100005,195,100013,695,99987,192,100033,192,99979,192,100035,192,99970,100,100041,200,99967,100,100047,100,99966,100,100078,100,99963,100,100083,400,99960,100,100085,100,99950,100,100088,100,99937,100
2019-06-28 09:31:53.083416070,100012,200,100005,195,100013,595,99987,192,100033,192,99979,192,100035,192,99970,100,100041,200,99967,100,100047,100,99966,100,100078,100,99963,100,100083,400,99960,100,100085,100,99950,100,100088,100,99937,100
2019-06-28 09:32:00.000000000,100012,270,100005,170,100013,570,99987,170,100033,170,99979,170,100035,170,99970,170,100041,200,99967,100,100047,100,99966,100,100078,100,99963,100,100083,400,99960,100,100085,100,99950,100,100088,100,99937,100
2019-06-28 09:32:06.826938162,100012,270,100005,170,100013,570,99987,170,100033,170,99979,170,100035,170,99970,170,100041,200,99967,100,100047,100,99966,100,100078,100,99963,100,100083,400,99960,100,100085,100,99950,100,100088,100,99937,100
2019-06-28 09:32:10.000000000,100012,270,100005,170,100013,570,99987,170,100033,170,99979,170,100035,170,99970,170,100041,200,99967,100,100047,100,99966,100,100078,100,99963,100,100083,400,99960,100,100085,100,99950,100,100088,100,99937,100
2019-06-28 09:32:20.000000000,100012,339,100005,239,100013,639,99987,239,100033,100,99979,100,100035,100,99970,100,100041,200,99967,100,100047,100,99966,100,100078,100,99963,100,100083,400,99960,100,100085,100,99950,100,100088,100,99937,100
2019-06-28 09:32:30.000000000,100012,270,100005,170,100013,570,99987,170,100033,170,99979,170,100035,170,99970,170,100041,200,99967,100,100047,100,99966,100,100078,100,99963,100,100083,400,99960,100,100085,100,99950,100,100088,100,99937,100
2019-06-28 09:32:37.462038579,100012,270,100005,170,100013,570,99987,170,100033,170,99979,170,100035,170,99970,170,100041,200,99967,100,100047,100,99966,100,100078,100,99963,100,100083,400,99960,100,100085,100,99950,100,100088,100,99937,100
2019-06-28 09:32:39.832619936,100012,270,100005,170,100013,570,99987,170,100033,170,99979,170,100035,170,99970,170,100041,200,99967,100,100047,100,99966,100,100078,100,99963,100,100083,300,99960,100,100085,100,99950,100,100088,100,99937,100
2019-06-28 09:32:40.000000000,100012,256,100005,156,100013,556,99987,156,100033,156,99979,156,100035,156,99970,156,100041,256,99967,156,100047,100,99966,100,100078,100,99963,100,100083,300,99960,100,100085,100,99950,100,100088,100,99937,100
2019-06-28 09:32:48.926519093,100012,256,100005,156,100013,556,99987,156,100033,156,99979,156,100035,156,99970,156,100041,256,99967,156,100047,100,99966,100,100078,100,99960,100,100083,300,99950,100,100085,100,99937,100,100088,100,99933,100
2019-06-28 09:32:50.000000000,100012,339,100005,239,100013,639,99987,239,100033,100,99979,100,100035,100,99970,100,100041,200,99967,100,100047,100,99966,100,100078,100,99960,100,100083,300,99950,100,100085,100,99937,100,100088,100,99933,100
2019-06-28 09:32:58.096185750,100012,439,100005,239,100013,639,99987,239,100033,100,99979,100,100035,100,99970,100,100041,200,99967,100,100047,100,99966,100,100078,100,99960,100,100083,300,99950,100,100085,100,99937,100,100088,100,99933,100
2019-06-28 09:33:00.000000000,100012,370,100005,170,100013,570,99987,170,100033,170,99979,170,100035,170,99970,170,100041,200,99967,100,100047,100,99966,100,100078,100,99960,100,100083,300,99950,100,100085,100,99937,100,100088,100,99933,100
2019-06-28 09:33:10.000000000,100012,395,100005,195,100013,592,99987,192,100033,192,99979,192,100035,100,99970,100,100041,200,99967,100,100047,100,99966,100,100078,100,99960,100,100083,300,99950,100,100085,100,99937,100,100088,100,99933,100
2019-06-28 09:33:16.266447210,100012,395,100005,195,100013,592,99987,192,100033,192,99979,192,100035,100,99970,100,100041,200,99967,100,100047,100,99966,100,100078,100,99960,100,100083,300,99950,100,100085,100,99937,100,100088,100,99933,100
2019-06-28 09:33:18.817742664,100012,395,100005,195,100013,592,99987,192,100033,192,99979,192,100035,100,99970,100,100041,200,99967,100,100047,100,99966,100,100078,100,99960,100,100083,200,99950,100,100085,100,99937,100,100088,100,99933,100
2019-06-28 09:33:20.000000000,100012,370,100005,170,100013,570,99987,170,100033,170,99979,170,100035,170,99970,170,100041,200,99967,100,100047,100,99966,100,100078,100,99960,100,100083,200,99950,100,100085,100,99937,100,100088,100,99933,100
2019-06-28 09:33:23.415117046,100012,370,100005,70,100013,570,99987,170,100033,170,99979,170,100035,170,99970,170,100041,200,99967,100,100047,100,99966,100,100078,100,99960,100,100083,200,99950,100,100085,100,99937,100,100088,100,99933,100
2019-06-28 09:33:30.000000000,100012,578,99987,378,100013,500,99979,100,100033,100,99970,100,100035,100,99967,100,100041,200,99966,100,100047,100,99960,100,100078,100,99950,100,100083,200,99937,100,100085,100,99933,100,100088,100,99922,100
2019-06-28 09:33:40.000000000,100012,356,99987,156,100013,556,99979,156,100033,156,99970,156,100035,156,99967,156,100041,256,99966,156,100047,100,99960,100,100078,100,99950,100,100083,200,99937,100,100085,100,99933,100,100088,100,99922,100
2019-06-28 09:33:50.000000000,100012,395,99987,195,100013,592,99979,192,100033,192,99970,192,100035,100,99967,100,100041,200,99966,100,100047,100,99960,100,100078,100,99950,100,100083,200,99937,100,100085,100,99933,100,100088,100,99922,100
2019-06-28 09:33:50.867178250,100012,395,100006,100,100013,592,99987,195,100033,192,99979,192,100035,100,99970,192,100041,200,99967,100,100047,100,99966,100,100078,100,99960,100,100083,100,99950,100,100085,100,99937,100,100088,100,99933,100
2019-06-28 09:34:00.000000000,100012,370,100006,170,100013,570,99987,170,100033,170,99979,170,100035,170,99970,170,100041,200,99967,100,100047,100,99966,100,100078,100,99960,100,100083,100,99950,100,100085,100,99937,100,100088,100,99933,100
2019-06-28 09:34:10.000000000,100012,578,100006,378,100013,500,99987,100,100033,100,99979,100,100035,100,99970,100,100041,200,99967,100,100047,100,99966,100,100078,100,99960,100,100083,100,99950,100,100085,100,99937,100,100088,100,99933,100
2019-06-28 09:34:14.982674324,100012,478,100006,378,100013,500,99987,100,100033,100,99979,100,100035,100,99970,100,100041,200,99967,100,100047,100,99966,100,100078,100,99960,100,100083,100,99950,100,100085,100,99937,100,100088,100,99933,100
2019-06-28 09:34:20.000000000,100012,295,100006,195,100013,592,99987,192,100033,192,99979,192,100035,100,99970,100,100041,200,99967,100,100047,100,99966,100,100078,100,99960,100,100083,100,99950,100,100085,100,99937,100,100088,100,99933,100
2019-06-28 09:34:21.070371470,100012,295,100006,195,100013,592,99987,192,100033,192,99979,192,100035,100,99970,100,100041,200,99967,100,100047,100,99966,100,100078,100,99960,100,100083,100,99950,100,100085,100,99937,100,100088,100,99933,100
2019-06-28 09:34:30.000000000,100012,478,100006,378,100013,500,99987,100,100033,100,99979,100,100035,100,99970,100,100041,200,99967,100,100047,100,99966,100,100078,100,99960,100,100083,100,99950,100,100085,100,99937,100,100088,100,99933,100
2019-06-28 09:34:35.382927645,100012,478,100006,378,100013,500,99987,100,100033,100,99979,100,100035,100,99970,100,100041,200,99967,100,100047,100,99966,100,100078,100,99960,100,100083,100,99950,100,100085,100,99937,100,100088,100,99933,100
2019-06-28 09:34:40.000000000,100012,270,100006,170,100013,570,99987,170,100033,170,99979,170,100035,170,99970,170,100041,200,99967,100,100047,100,99966,100,100078,100,99960,100,100083,100,99950,100,100085,100,99937,100,100088,100,99933,100
2019-06-28 09:34:50.000000000,100012,478,100006,378,100013,500,99987,100,100033,100,99979,100,100035,100,99970,100,100041,200,99967,100,100047,100,99966,100,100078,100,99960,100,100083,100,99950,100,100085,100,99937,100,100088,100,99933,100
2019-06-28 09:35:00.000000000,100012,478,100006,378,100013,500,99987,100,100033,100,99979,100,100035,100,99970,100,100041,200,99967,100,100047,100,99966,100,100078,100,99960,100,100083,100,99950,100,100085,100,99937,100,100088,100,99933,100
2019-06-28 09:35:10.000000000,100012,256,100006,156,100013,556,99987,156,100033,156,99979,156,100035,156,99970,156,100041,256,99967,156,100047,100,99966,100,100078,100,99960,100,100083,100,99950,100,100085,100,99937,100,100088,100,99933,100
2019-06-28 09:35:20.000000000,100012,295,100006,195,100013,592,99987,192,100033,192,99979,192,100035,100,99970,100,100041,200,99967,100,100047,100,99966,100,100078,100,99960,100,100083,100,99950,100,100085,100,99937,100,100088,100,99933,100
2019-06-28 09:35:30.000000000,100012,339,100006,239,100013,639,99987,239,100033,100,99979,100,100035,100,99970,100,100041,200,99967,100,100047,100,99966,100,100078,100,99960,100,100083,100,99950,100,100085,100,99937,100,100088,100,99933,100
2019-06-28 09:35:40.000000000,100012,339,100006,239,100013,639,99987,239,100033,100,99979,100,100035,100,99970,100,100041,200,99967,100,100047,100,99966,100,100078,100,99960,100,100083,100,99950,100,100085,100,99937,100,100088,100,99933,100
2019-06-28 09:35:47.494728931,100012,339,100006,139,100013,639,99987,239,100033,100,99979,100,100035,100,99970,100,100041,200,99967,100,100047,100,99966,100,100078,100,99960,100,100083,100,99950,100,100085,100,99937,100,100088,100,99933,100
2019-06-28 09:35:50.000000000,100012,256,99987,156,100013,556,99979,156,100033,156,99970,156,100035,156,99967,156,100041,256,99966,156,100047,100,99960,100,100078,100,99950,100,100083,100,99937,100,100085,100,99933,100,100088,100,99931,100
2019-06-28 09:36:00.000000000,100012,295,99987,195,100013,592,99979,192,100033,192,99970,192,100035,100,99967,100,100041,200,99966,100,100047,100,99960,100,100078,100,99950,100,100083,100,99937,100,100085,100,99933,100,100088,100,99931,100
2019-06-28 09:36:06.165093730,100012,295,99987,95,100013,592,99979,192,100033,192,99970,192,100035,100,99967,100,100041,200,99966,100,100047,100,99960,100,100078,100,99950,100,100085,100,99937,100,100088,100,99933,100,100093,100,99931,100
2019-06-28 09:36:10.000000000,100012,478,99979,378,100013,500,99970,100,100033,100,99967,100,100035,100,99966,100,100041,200,99960,100,100047,100,99950,100,100078,100,99937,100,100085,100,99933,100,100088,100,99931,100,100093,100,99922,100
2019-06-28 09:36:15.231680631,100012,478,99979,278,100013,500,99970,100,100033,100,99967,100,100035,100,99966,100,100041,200,99960,100,100047,100,99950,100,100078,100,99937,100,100085,100,99933,100,100088,100,99931,100,100098,200,99922,100
2019-06-28 09:36:17.927621489,99987,100,99979,278,100012,478,99970,100,100013,400,99967,100,100033,100,99966,100,100035,100,99960,100,100041,200,99950,100,100047,100,99937,100,100078,100,99933,100,100085,100,99931,100,100088,100,99922,100
2019-06-28 09:36:20.000000000,99987,239,99970,239,100012,339,99967,239,100013,400,99966,100,100033,100,99960,100,100035,100,99950,100,100041,200,99937,100,100047,100,99933,100,100078,100,99931,100,100085,100,99922,100,100088,100,99921,100
2019-06-28 09:36:27.216856594,99987,239,99970,239,100012,339,99967,239,100013,400,99966,100,100033,100,99960,100,100035,100,99950,100,100041,200,99937,100,100047,100,99933,100,100078,100,99931,100,100085,100,99922,100,100088,100,99921,100
2019-06-28 09:36:30.000000000,99987,378,99970,378,100012,200,99967,100,100013,400,99966,100,100033,100,99960,100,100035,100,99950,100,100041,200,99937,100,100047,100,99933,100,100078,100,99931,100,100085,100,99922,100,100088,100,99921,100
2019-06-28 09:36:40.000000000,99987,195,99970,195,100012,292,99967,192,100013,492,99966,192,100033,100,99960,100,100035,100,99950,100,100041,200,99937,100,100047,100,99933,100,100078,100,99931,100,100085,100,99922,100,100088,100,99921,100
2019-06-28 09:36:40.520800171,99987,195,99970,195,100012,292,99967,192,100013,492,99966,192,100033,100,99960,100,100035,100,99950,100,100041,200,99937,100,100047,100,99933,100,100078,100,99931,100,100085,100,99922,100,100088,100,99921,100
2019-06-28 09:36:50.000000000,99987,195,99970,195,100012,292,99967,192,100013,492,99966,192,100033,100,99960,100,100035,100,99950,100,100041,200,99937,100,100047,100,99933,100,100078,100,99931,100,100085,100,99922,100,100088,100,99921,100
2019-06-28 09:37:00.000000000,99987,195,99970,195,100012,292,99967,192,100013,492,99966,192,100033,100,99960,100,100035,100,99950,100,100041,200,99937,100,100047,100,99933,100,100078,100,99931,100,100085,100,99922,100,100088,100,99921,100
2019-06-28 09:37:02.578895587,99987,295,99970,195,100012,292,99967,192,100013,492,99966,192,100033,100,99960,100,100035,100,99950,100,100041,200,99937,100,100047,100,99933,100,100078,100,99931,100,100085,100,99922,100,100088,100,99921,100
2019-06-28 09:37:10.000000000,99987,295,99970,195,100012,292,99967,192,100013,492,99966,192,100033,100,99960,100,100035,100,99950,100,100041,200,99937,100,100047,100,99933,100,100078,100,99931,100,100085,100,99922,100,100088,100,99921,100
2019-06-28 09:37:20.000000000,99987,270,99970,170,100012,270,99967,170,100013,470,99966,170,100033,170,99960,170,100035,100,99950,100,100041,200,99937,100,100047,100,99933,100,100078,100,99931,100,100085,100,99922,100,100088,100,99921,100
2019-06-28 09:37:30.000000000,99987,270,99970,170,100012,270,99967,170,100013,470,99966,170,100033,170,99960,170,100035,100,99950,100,100041,200,99937,100,100047,100,99933,100,100078,100,99931,100,100085,100,99922,100,100088,100,99921,100
2019-06-28 09:37:40.000000000,99987,256,99970,156,100012,256,99967,156,100013,456,99966,156,100033,156,99960,156,100035,156,99950,156,100041,200,99937,100,100047,100,99933,100,100078,100,99931,100,100085,100,99922,100,100088,100,99921,100
2019-06-28 09:37:40.583013103,99987,256,99970,56,100012,256,99967,156,100013,456,99966,156,100033,156,99960,156,100035,156,99950,156,100041,200,99937,100,100047,100,99933,100,100078,100,99931,100,100085,100,99922,100,100088,100,99921,100
2019-06-28 09:37:50.000000000,99987,339,99967,239,100012,339,99966,239,100013,400,99960,100,100033,100,99950,100,100035,100,99937,100,100041,200,99933,100,100047,100,99931,100,100078,100,99922,100,100085,100,99921,100,100088,100,99916,100
2019-06-28 09:37:53.346629527,99987,339,99967,239,100012,339,99966,239,100013,400,99960,100,100033,100,99950,100,100035,100,99937,100,100041,200,99933,100,100047,100,99931,100,100078,100,99922,100,100085,100,99921,100,100088,100,99916,100
2019-06-28 09:38:00.000000000,99987,256,99967,156,100012,256,99966,156,100013,456,99960,156,100033,156,99950,156,100035,156,99937,156,100041,200,99933,100,100047,100,99931,100,100078,100,99922,100,100085,100,99921,100,100088,100,99916,100
2019-06-28 09:38:08.278725300,99987,256,99967,156,100012,256,99966,156,100013,456,99960,156,100033,156,99950,156,100035,156,99937,156,100041,200,99933,100,100047,100,99931,100,100078,100,99922,100,100085,100,99921,100,100088,100,99916,100
2019-06-28 09:38:10.000000000,99987,295,99967,195,100012,292,99966,192,100013,492,99960,192,100033,100,99950,100,100035,100,99937,100,100041,200,99933,100,100047,100,99931,100,100078,100,99922,100,100085,100,99921,100,100088,100,99916,100
2019-06-28 09:38:11.498316933,99987,295,99967,95,100012,292,99966,192,100013,492,99960,192,100033,100,99950,100,100035,100,99937,100,100041,200,99933,100,100047,100,99931,100,100078,100,99922,100,100085,100,99921,100,100088,100,99916,100
2019-06-28 09:38:13.012824720,99967,5,99966,192,99987,295,99960,192,100012,292,99950,100,100013,492,99937,100,100033,100,99933,100,100035,100,99931,100,100041,200,99922,100,100047,100,99921,100,100078,100,99916,100,100085,100,99896,100
2019-06-28 09:38:20.000000000,99967,283,99966,378,99987,200,99960,100,100012,200,99950,100,100013,400,99937,100,100033,100,99933,100,100035,100,99931,100,100041,200,99922,100,100047,100,99921,100,100078,100,99916,100,100085,100,99896,100
2019-06-28 09:38:23.760898178,99967,283,99966,378,99987,200,99960,100,100012,200,99950,100,100013,400,99937,100,100033,100,99933,100,100035,100,99931,100,100041,200,99922,100,100047,100,99921,100,100078,100,99916,100,100085,100,99896,100
2019-06-28 09:38:26.405826550,99967,383,99966,378,99987,100,99960,100,100012,200,99950,100,100013,400,99937,100,100033,100,99933,100,100035,100,99931,100,100041,200,99922,100,100047,100,99921,100,100078,100,99916,100,100085,100,99896,100
2019-06-28 09:38:30.000000000,99967,383,99966,378,99987,100,99960,100,100012,200,99950,100,100013,400,99937,100,100033,100,99933,100,100035,100,99931,100,100041,200,99922,100,100047,100,99921,100,100078,100,99916,100,100085,100,99896,100
2019-06-28 09:38:32.296604253,99967,483,99966,378,99987,100,99960,100,100012,200,99950,100,100013,400,99937,100,100033,100,99933,100,100035,100,99931,100,100041,200,99922,100,100047,100,99921,100,100078,100,99916,100,100085,100,99896,100
2019-06-28 09:38:36.000773558,99967,483,99966,278,99987,100,99960,100,100012,200,99950,100,100013,400,99937,100,100033,100,99933,100,100035,100,99931,100,100041,200,99922,100,100047,100,99921,100,100078,100,99916,100,100085,100,99896,100
2019-06-28 09:38:40.000000000,99967,344,99960,239,99987,239,99950,239,100012,200,99937,100,100013,400,99933,100,100033,100,99931,100,100035,100,99922,100,100041,200,99921,100,100047,100,99916,100,100078,100,99896,100,100085,100,99843,100
2019-06-28 09:38:50.000000000,99967,344,99960,239,99987,239,99950,239,100012,200,99937,100,100013,400,99933,100,100033,100,99931,100,100035,100,99922,100,100041,200,99921,100,100047,100,99916,100,100078,100,99896,100,100085,100,99843,100
2019-06-28 09:39:00.000000000,99967,344,99960,239,99987,239,99950,239,100012,200,99937,100,100013,400,99933,100,100033,100,99931,100,100035,100,99922,100,100041,200,99921,100,100047,100,99916,100,100078,100,99896,100,100085,100,99843,100
2019-06-28 09:39:05.725657302,99964,100,99960,239,99967,344,99950,139,99987,239,99937,100,100012,200,99933,100,100013,400,99931,100,100033,100,99922,100,100035,100,99921,100,100041,200,99916,100,100047,100,99896,100,100078,100,99843,100
2019-06-28 09:39:10.000000000,99964,378,99960,378,99967,205,99937,100,99987,100,99933,100,100012,200,99931,100,100013,400,99922,100,100033,100,99921,100,100035,100,99916,100,100041,200,99896,100,100047,100,99843,100,100078,100,99835,100
2019-06-28 09:39:16.057621390,99964,278,99960,378,99967,205,99937,100,99987,100,99933,100,100012,200,99931,100,100013,400,99922,100,100033,100,99921,100,100035,100,99916,100,100041,200,99896,100,100047,100,99843,100,100078,100,99835,100
2019-06-28 09:39:20.000000000,99967,483,99960,378,99987,100,99937,100,100012,200,99933,100,100013,400,99931,100,100033,100,99922,100,100035,100,99921,100,100041,200,99916,100,100047,100,99896,100,100078,100,99843,100,100085,100,99835,100
2019-06-28 09:39:30.000000000,99967,261,99960,156,99987,156,99937,156,100012,256,99933,156,100013,456,99931,156,100033,156,99922,156,100035,100,99921,100,100041,200,99916,100,100047,100,99896,100,100078,100,99843,100,100085,100,99835,100
2019-06-28 09:39:40.000000000,99967,483,99960,378,99987,100,99937,100,100012,200,99933,100,100013,400,99931,100,100033,100,99922,100,100035,100,99921,100,100041,200,99916,100,100047,100,99896,100,100078,100,99843,100,100085,100,99835,100
2019-06-28 09:39:41.237607818,99967,483,99960,378,99987,100,99937,100,100012,200,99933,100,100013,400,99931,100,100033,100,99922,100,100035,100,99921,100,100041,200,99916,100,100047,100,99896,100,100078,100,99843,100,100085,100,99835,100
2019-06-28 09:39:50.000000000,99967,300,99960,195,99987,192,99937,192,100012,292,99933,192,100013,400,99931,100,100033,100,99922,100,100035,100,99921,100,100041,200,99916,100,100047,100,99896,100,100078,100,99843,100,100085,100,99835,100
2019-06-28 09:40:00.000000000,99967,275,99960,170,99987,170,99937,170,100012,270,99933,170,100013,470,99931,170,100033,100,99922,100,100035,100,99921,100,100041,200,99916,100,100047,100,99896,100,100078,100,99843,100,100085,100,99835,100
2019-06-28 09:40:10.000000000,99967,483,99960,378,99987,100,99937,100,100012,200,99933,100,100013,400,99931,100,100033,100,99922,100,100035,100,99921,100,100041,200,99916,100,100047,100,99896,100,100078,100,99843,100,100085,100,99835,100
2019-06-28 09:40:20.000000000,99967,344,99960,239,99987,239,99937,239,100012,200,99933,100,100013,400,99931,100,100033,100,99922,100,100035,100,99921,100,100041,200,99916,100,100047,100,99896,100,100078,100,99843,100,100085,100,99835,100
2019-06-28 09:40:21.824612961,99967,344,99960,239,99987,239,99937,239,100012,200,99931,100,100013,400,99922,100,100033,100,99921,100,100035,100,99916,100,100041,200,99896,100,100047,100,99843,100,100078,100,99835,100,100085,100,99772,100
2019-06-28 09:40:30.000000000,99967,344,99960,239,99987,239,99937,239,100012,200,99931,100,100013,400,99922,100,100033,100,99921,100,100035,100,99916,100,100041,200,99896,100,100047,100,99843,100,100078,100,99835,100,100085,100,99772,100
2019-06-28 09:40:32.155491622,99967,344,99960,239,99987,239,99937,239,100012,200,99931,100,100013,400,99922,100,100033,100,99921,100,100035,100,99916,100,100041,200,99896,100,100047,100,99843,100,100078,100,99835,100,100085,100,99772,100
2019-06-28 09:40:40.000000000,99967,483,99960,378,99987,100,99937,100,100012,200,99931,100,100013,400,99922,100,100033,100,99921,100,100035,100,99916,100,100041,200,99896,100,100047,100,99843,100,100078,100,99835,100,100085,100,99772,100
2019-06-28 09:40:50.000000000,99967,300,99960,195,99987,192,99937,192,100012,292,99931,192,100013,400,99922,100,100033,100,99921,100,100035,100,99916,100,100041,200,99896,100,100047,100,99843,100,100078,100,99835,100,100085,100,99772,100
2019-06-28 09:41:00.000000000,99967,344,99960,239,99987,239,99937,239,100012,200,99931,100,100013,400,99922,100,100033,100,99921,100,100035,100,99916,100,100041,200,99896,100,100047,100,99843,100,100078,100,99835,100,100085,100,99772,100
2019-06-28 09:41:10.000000000,99967,275,99960,170,99987,170,99937,170,100012,270,99931,170,100013,470,99922,170,100033,100,99921,100,100035,100,99916,100,100041,200,99896,100,100047,100,99843,100,100078,100,99835,100,100085,100,99772,100
2019-06-28 09:41:16.859854051,99967,275,99960,170,99987,170,99937,170,100012,270,99931,170,100013,470,99922,170,100033,100,99921,100,100035,100,99916,100,100041,200,99896,100,100047,100,99843,100,100078,100,99835,100,100085,100,99724,100
2019-06-28 09:41:20.000000000,99967,300,99960,195,99987,192,99937,192,100012,292,99931,192,100013,400,99922,100,100033,100,99921,100,100035,100,99916,100,100041,200,99896,100,100047,100,99843,100,100078,100,99835,100,100085,100,99724,100
2019-06-28 09:41:22.173066824,99967,300,99960,195,99987,192,99937,192,100012,292,99931,192,100013,400,99922,100,100033,100,99921,100,100035,100,99916,100,100041,200,99896,100,100047,100,99843,100,100078,100,99835,100,100085,100,99724,100
2019-06-28 09:41:30.000000000,99967,300,99960,195,99987,192,99937,192,100012,292,99931,192,100013,400,99922,100,100033,100,99921,100,100035,100,99916,100,100041,200,99896,100,100047,100,99843,100,100078,100,99835,100,100085,100,99724,100
2019-06-28 09:41:36.212962786,99967,200,99960,195,99987,192,99937,192,100012,292,99931,192,100013,400,99922,100,100033,100,99921,100,100035,100,99916,100,100041,200,99896,100,100047,100,99843,100,100078,100,99835,100,100085,100,99724,100
2019-06-28 09:41:40.000000000,99967,175,99960,170,99987,170,99937,170,100012,270,99931,170,100013,470,99922,170,100033,100,99921,100,100035,100,99916,100,100041,200,99896,100,100047,100,99843,100,100078,100,99835,100,100085,100,99724,100
2019-06-28 09:41:50.000000000,99967,200,99960,195,99987,192,99937,192,100012,292,99931,192,100013,400,99922,100,100033,100,99921,100,100035,100,99916,100,100041,200,99896,100,100047,100,99843,100,100078,100,99835,100,100085,100,99724,100
2019-06-28 09:42:00.000000000,99967,161,99960,156,99987,156,99937,156,100012,256,99931,156,100013,456,99922,156,100033,156,99921,156,100035,100,99916,100,100041,200,99896,100,100047,100,99843,100,100078,100,99835,100,100085,100,99724,100
2019-06-28 09:42:10.000000000,99967,383,99960,378,99987,100,99937,100,100012,200,99931,100,100013,400,99922,100,100033,100,99921,100,100035,100,99916,100,100041,200,99896,100,100047,100,99843,100,100078,100,99835,100,100085,100,99724,100
2019-06-28 09:42:20.000000000,99967,175,99960,170,99987,170,99937,170,100012,270,99931,170,100013,470,99922,170,100033,100,99921,100,100035,100,99916,100,100041,200,99896,100,100047,100,99843,100,100078,100,99835,100,100085,100,99724,100
2019-06-28 09:42:30.000000000,99967,175,99960,170,99987,170,99937,170,100012,270,99931,170,100013,470,99922,170,100033,100,99921,100,100035,100,99916,100,100041,200,99896,100,100047,100,99843,100,100078,100,99835,100,100085,100,99724,100
2019-06-28 09:42:33.629690024,99963,100,99960,170,99967,175,99937,170,99987,170,99931,170,100012,270,99922,170,100013,470,99921,100,100033,100,99916,100,100035,100,99896,100,100041,200,99843,100,100047,100,99835,100,100078,100,99724,100
2019-06-28 09:42:40.000000000,99963,195,99960,195,99967,197,99937,192,99987,192,99931,192,100012,200,99922,100,100013,400,99921,100,100033,100,99916,100,100035,100,99896,100,100041,200,99843,100,100047,100,99835,100,100078,100,99724,100
2019-06-28 09:42:41.680594150,99963,195,99960,195,99967,197,99937,192,99987,192,99931,192,100012,200,99922,100,100013,400,99921,100,100033,100,99916,100,100035,100,99896,100,100041,200,99835,100,100047,100,99724,100,100078,100,99660,100
2019-06-28 09:42:50.000000000,99963,239,99960,239,99967,244,99937,239,99987,100,99931,100,100012,200,99922,100,100013,400,99921,100,100033,100,99916,100,100035,100,99896,100,100041,200,99835,100,100047,100,99724,100,100078,100,99660,100
2019-06-28 09:43:00.000000000,99963,378,99960,378,99967,105,99937,100,99987,100,99931,100,100012,200,99922,100,100013,400,99921,100,100033,100,99916,100,100035,100,99896,100,100041,200,99835,100,100047,100,99724,100,100078,100,99660,100
2019-06-28 09:43:06.363204024,99963,378,99960,378,99967,105,99937,100,99987,100,99931,100,100012,200,99922,100,100013,400,99921,100,100033,100,99916,100,100035,100,99896,100,100041,200,99835,100,100047,100,99724,100,100078,100,99660,100
2019-06-28 09:43:08.091181742,99963,478,99960,378,99967,105,99937,100,99987,100,99931,100,100012,200,99922,100,100013,400,99921,100,100033,100,99916,100,100035,100,99896,100,100041,200,99835,100,100047,100,99724,100,100078,100,99660,100
2019-06-28 09:43:09.468577308,99963,478,99960,278,99967,105,99937,100,99987,100,99931,100,100012,200,99922,100,100013,400,99921,100,100033,100,99916,100,100035,100,99896,100,100041,200,99835,100,100047,100,99724,100,100078,100,99660,100
2019-06-28 09:43:10.000000000,99963,478,99937,378,99967,105,99931,100,99987,100,99922,100,100012,200,99921,100,100013,400,99916,100,100033,100,99896,100,100035,100,99835,100,100041,200,99724,100,100047,100,99660,100,100078,100,99654,100
2019-06-28 09:43:20.000000000,99963,270,99937,170,99967,175,99931,170,99987,170,99922,170,100012,270,99921,170,100013,400,99916,100,100033,100,99896,100,100035,100,99835,100,100041,200,99724,100,100047,100,99660,100,100078,100,99654,100
2019-06-28 09:43:21.199764057,99963,270,99937,170,99967,175,99931,170,99987,170,99922,170,100012,270,99921,170,100013,300,99916,100,100033,100,99896,100,100035,100,99835,100,100041,200,99724,100,100047,100,99660,100,100078,100,99654,100
2019-06-28 09:43:26.330288457,99962,100,99937,170,99963,270,99931,170,99967,175,99922,170,99987,170,99921,170,100012,270,99916,100,100013,200,99896,100,100033,100,99835,100,100035,100,99724,100,100041,200,99660,100,100047,100,99654,100
2019-06-28 09:43:30.000000000,99962,170,99937,170,99963,270,99931,170,99967,175,99922,170,99987,170,99921,170,100012,200,99916,100,100013,200,99896,100,100033,100,99835,100,100035,100,99724,100,100041,200,99660,100,100047,100,99654,100
2019-06-28 09:43:40.000000000,99962,156,99937,156,99963,256,99931,156,99967,161,99922,156,99987,156,99921,156,100012,256,99916,156,100013,200,99896,100,100033,100,99835,100,100035,100,99724,100,100041,200,99660,100,100047,100,99654,100
2019-06-28 09:43:50.000000000,99962,156,99937,156,99963,256,99931,156,99967,161,99922,156,99987,156,99921,156,100012,256,99916,156,100013,200,99896,100,100033,100,99835,100,100035,100,99724,100,100041,200,99660,100,100047,100,99654,100
2019-06-28 09:43:51.983324840,99962,156,99937,56,99963,256,99931,156,99967,161,99922,156,99987,156,99921,156,100012,256,99916,156,100013,200,99896,100,100033,100,99835,100,100035,100,99724,100,100041,200,99660,100,100047,100,99654,100
2019-06-28 09:44:00.000000000,99962,378,99931,378,99963,200,99922,100,99967,105,99921,100,99987,100,99916,100,100012,200,99896,100,100013,200,99835,100,100033,100,99724,100,100035,100,99660,100,100041,200,99654,100,100047,100,99632,100
2019-06-28 09:44:10.000000000,99962,195,99931,195,99963,292,99922,192,99967,197,99921,192,99987,100,99916,100,100012,200,99896,100,100013,200,99835,100,100033,100,99724,100,100035,100,99660,100,100041,200,99654,100,100047,100,99632,100
2019-06-28 09:44:10.968315355,99962,195,99931,195,99963,292,99922,192,99967,197,99921,192,99987,100,99916,100,100012,200,99896,100,100013,200,99835,100,100033,100,99724,100,100035,100,99660,100,100041,200,99654,100,100047,100,99632,100
2019-06-28 09:44:12.563141628,99962,195,99931,95,99963,292,99922,192,99967,197,99921,192,99987,100,99916,100,100012,200,99896,100,100013,200,99835,100,100035,100,99724,100,100041,200,99660,100,100047,100,99654,100,100078,100,99632,100
2019-06-28 09:44:16.316437975,99931,5,99922,192,99962,195,99921,192,99963,292,99916,100,99967,197,99896,100,99987,100,99835,100,100012,200,99724,100,100013,200,99660,100,100035,100,99654,100,100041,200,99632,100,100047,100,99474,100
2019-06-28 09:44:20.000000000,99931,75,99922,170,99962,170,99921,170,99963,270,99916,170,99967,175,99896,170,99987,100,99835,100,100012,200,99724,100,100013,200,99660,100,100035,100,99654,100,100041,200,99632,100,100047,100,99474,100
2019-06-28 09:44:30.000000000,99931,75,99922,170,99962,170,99921,170,99963,270,99916,170,99967,175,99896,170,99987,100,99835,100,100012,200,99724,100,100013,200,99660,100,100035,100,99654,100,100041,200,99632,100,100047,100,99474,100
2019-06-28 09:44:32.376591207,99931,75,99922,170,99962,170,99921,170,99963,170,99916,170,99967,175,99896,170,99987,100,99835,100,100012,200,99724,100,100013,200,99660,100,100035,100,99654,100,100041,200,99632,100,100047,100,99474,100
2019-06-28 09:44:36.444488653,99931,75,99922,70,99962,170,99921,170,99963,170,99916,170,99967,175,99896,170,99987,100,99835,100,100012,200,99724,100,100013,200,99660,100,100035,100,99654,100,100041,200,99632,100,100047,100,99474,100
2019-06-28 09:44:40.000000000,99931,100,99921,195,99962,192,99916,192,99963,192,99896,192,99967,105,99835,100,99987,100,99724,100,100012,200,99660,100,100013,200,99654,100,100035,100,99632,100,100041,200,99474,100,100047,100,99444,100
2019-06-28 09:44:50.000000000,99931,283,99921,378,99962,100,99916,100,99963,100,99896,100,99967,105,99835,100,99987,100,99724,100,100012,200,99660,100,100013,200,99654,100,100035,100,99632,100,100041,200,99474,100,100047,100,99444,100
2019-06-28 09:45:00.000000000,99931,283,99921,378,99962,100,99916,100,99963,100,99896,100,99967,105,99835,100,99987,100,99724,100,100012,200,99660,100,100013,200,99654,100,100035,100,99632,100,100041,200,99474,100,100047,100,99444,100
2019-06-28 09:45:04.881541995,99931,283,99921,278,99962,100,99916,100,99963,100,99896,100,99967,105,99835,100,99987,100,99724,100,100012,200,99660,100,100013,200,99654,100,100035,100,99632,100,100041,200,99474,100,100047,100,99444,100
2019-06-28 09:45:10.000000000,99931,144,99916,239,99962,239,99896,239,99963,100,99835,100,99967,105,99724,100,99987,100,99660,100,100012,200,99654,100,100013,200,99632,100,100035,100,99474,100,100041,200,99444,100,100047,100,99382,100
2019-06-28 09:45:20.000000000,99931,283,99916,378,99962,100,99896,100,99963,100,99835,100,99967,105,99724,100,99987,100,99660,100,100012,200,99654,100,100013,200,99632,100,100035,100,99474,100,100041,200,99444,100,100047,100,99382,100
2019-06-28 09:45:30.000000000,99931,283,99916,378,99962,100,99896,100,99963,100,99835,100,99967,105,99724,100,99987,100,99660,100,100012,200,99654,100,100013,200,99632,100,100035,100,99474,100,100041,200,99444,100,100047,100,99382,100
2019-06-28 09:45:40.000000000,99931,100,99916,195,99962,192,99896,192,99963,192,99835,192,99967,105,99724,100,99987,100,99660,100,100012,200,99654,100,100013,200,99632,100,100035,100,99474,100,100041,200,99444,100,100047,100,99382,100
2019-06-28 09:45:43.827381323,99931,100,99916,195,99962,192,99896,192,99963,192,99835,192,99967,105,99724,100,99987,100,99660,100,100012,200,99654,100,100013,100,99632,100,100035,100,99474,100,100041,200,99444,100,100047,100,99382,100
2019-06-28 09:45:49.644207442,99931,100,99916,195,99962,192,99896,192,99963,192,99835,192,99967,105,99724,100,99987,100,99660,100,100012,200,99654,100,100013,100,99632,100,100035,100,99474,100,100041,200,99444,100,100047,100,99358,100
2019-06-28 09:45:50.000000000,99931,283,99916,378,99962,100,99896,100,99963,100,99835,100,99967,105,99724,100,99987,100,99660,100,100012,200,99654,100,100013,100,99632,100,100035,100,99474,100,100041,200,99444,100,100047,100,99358,100
2019-06-28 09:46:00.000000000,99931,144,99916,239,99962,239,99896,239,99963,100,99835,100,99967,105,99724,100,99987,100,99660,100,100012,200,99654,100,100013,100,99632,100,100035,100,99474,100,100041,200,99444,100,100047,100,99358,100
2019-06-28 09:46:05.448225374,99931,144,99916,239,99962,239,99896,239,99963,100,99835,100,99967,105,99724,100,99987,100,99660,100,100012,200,99654,100,100013,100,99632,100,100035,100,99474,100,100041,200,99358,100,100047,100,99330,100
2019-06-28 09:46:08.984428130,99931,144,99916,139,99962,239,99896,239,99963,100,99835,100,99967,100,99724,100,99987,100,99660,100,100012,200,99654,100,100013,100,99632,100,100035,100,99474,100,100041,200,99358,100,100047,100,99330,100
2019-06-28 09:46:10.000000000,99931,283,99896,378,99962,100,99835,100,99963,100,99724,100,99967,100,99660,100,99987,100,99654,100,100012,200,99632,100,100013,100,99474,100,100035,100,99358,100,100041,200,99330,100,100047,100,99293,100
2019-06-28 09:46:20.000000000,99931,100,99896,195,99962,192,99835,192,99963,192,99724,192,99967,100,99660,100,99987,100,99654,100,100012,200,99632,100,100013,100,99474,100,100035,100,99358,100,100041,200,99330,100,100047,100,99293,100
2019-06-28 09:46:30.000000000,99931,283,99896,378,99962,100,99835,100,99963,100,99724,100,99967,100,99660,100,99987,100,99654,100,100012,200,99632,100,100013,100,99474,100,100035,100,99358,100,100041,200,99330,100,100047,100,99293,100
2019-06-28 09:46:40.000000000,99931,144,99896,239,99962,239,99835,239,99963,100,99724,100,99967,100,99660,100,99987,100,99654,100,100012,200,99632,100,100013,100,99474,100,100035,100,99358,100,100041,200,99330,100,100047,100,99293,100
2019-06-28 09:46:46.977697549,99931,144,99896,139,99962,239,99835,239,99963,100,99724,100,99967,100,99660,100,99987,100,99654,100,100012,200,99632,100,100013,100,99474,100,100035,100,99358,100,100041,200,99330,100,100047,100,99293,100
2019-06-28 09:46:50.000000000,99931,100,99835,195,99962,192,99724,192,99963,192,99660,192,99967,100,99654,100,99987,100,99632,100,100012,200,99474,100,100013,100,99358,100,100035,100,99330,100,100041,200,99293,100,100047,100,99173,100
2019-06-28 09:46:58.237917718,99931,100,99835,95,99962,192,99724,192,99963,192,99660,192,99967,100,99654,100,99987,100,99632,100,100012,200,99474,100,100013,100,99358,100,100035,100,99330,100,100041,200,99293,100,100047,100,99173,100
2019-06-28 09:47:00.000000000,99931,75,99724,170,99962,170,99660,170,99963,170,99654,170,99967,170,99632,170,99987,100,99474,100,100012,200,99358,100,100013,100,99330,100,100035,100,99293,100,100041,200,99173,100,100047,100,98645,100
2019-06-28 09:47:07.336694737,99931,70,99724,70,99962,170,99660,170,99963,170,99654,170,99967,170,99632,170,99987,100,99474,100,100012,200,99358,100,100013,100,99330,100,100035,100,99293,100,100041,200,99173,100,100047,100,98645,100
2019-06-28 09:47:10.000000000,99962,156,99660,156,99963,156,99654,156,99967,156,99632,156,99987,156,99474,156,100012,256,99358,156,100013,100,99330,100,100035,100,99293,100,100041,200,99173,100,100047,100,98645,100,100078,100,98584,100
2019-06-28 09:47:20.000000000,99962,170,99660,170,99963,170,99654,170,99967,170,99632,170,99987,170,99474,170,100012,200,99358,100,100013,100,99330,100,100035,100,99293,100,100041,200,99173,100,100047,100,98645,100,100078,100,98584,100
2019-06-28 09:47:30.000000000,99962,239,99660,239,99963,239,99654,239,99967,100,99632,100,99987,100,99474,100,100012,200,99358,100,100013,100,99330,100,100035,100,99293,100,100041,200,99173,100,100047,100,98645,100,100078,100,98584,100
2019-06-28 09:47:39.166750972,99835,100,99660,239,99962,239,99654,239,99963,239,99632,100,99967,100,99474,100,99987,100,99358,100,100012,200,99330,100,100013,100,99293,100,100035,100,99173,100,100041,200,98645,100,100047,100,98584,100
2019-06-28 09:47:40.000000000,99835,170,99660,170,99962,170,99654,170,99963,170,99632,170,99967,170,99474,170,99987,100,99358,100,100012,200,99330,100,100013,100,99293,100,100035,100,99173,100,100041,200,98645,100,100047,100,98584,100
2019-06-28 09:47:50.000000000,99835,170,99660,170,99962,170,99654,170,99963,170,99632,170,99967,170,99474,170,99987,100,99358,100,100012,200,99330,100,100013,100,99293,100,100035,100,99173,100,100041,200,98645,100,100047,100,98584,100
2019-06-28 09:48:00.000000000,99835,156,99660,156,99962,156,99654,156,99963,156,99632,156,99967,156,99474,156,99987,156,99358,156,100012,200,99330,100,100013,100,99293,100,100035,100,99173,100,100041,200,98645,100,100047,100,98584,100
2019-06-28 09:48:04.823192288,99835,156,99660,156,99962,156,99654,156,99963,156,99632,156,99967,156,99474,156,99987,156,99358,156,100012,200,99330,100,100013,100,99293,100,100035,100,99173,100,100041,200,99042,100,100047,100,98645,100
2019-06-28 09:48:10.000000000,99835,378,99660,378,99962,100,99654,100,99963,100,99632,100,99967,100,99474,100,99987,100,99358,100,100012,200,99330,100,100013,100,99293,100,100035,100,99173,100,100041,200,99042,100,100047,100,98645,100
2019-06-28 09:48:15.580701089,99835,378,99660,278,99962,100,99654,100,99963,100,99632,100,99967,100,99474,100,99987,100,99358,100,100012,200,99330,100,100013,100,99293,100,100035,100,99173,100,100041,200,99042,100,100047,100,98645,100
2019-06-28 09:48:20.000000000,99835,239,99654,239,99962,239,99632,239,99963,100,99474,100,99967,100,99358,100,99987,100,99330,100,100012,200,99293,100,100013,100,99173,100,100035,100,99042,100,100041,200,98645,100,100047,100,98584,100
2019-06-28 09:48:30.000000000,99835,170,99654,170,99962,170,99632,170,99963,170,99474,170,99967,170,99358,170,99987,100,99330,100,100012,200,99293,100,100013,100,99173,100,100035,100,99042,100,100041,200,98645,100,100047,100,98584,100
2019-06-28 09:48:40.000000000,99835,156,99654,156,99962,156,99632,156,99963,156,99474,156,99967,156,99358,156,99987,156,99330,156,100012,200,99293,100,100013,100,99173,100,100035,100,99042,100,100041,200,98645,100,100047,100,98584,100
2019-06-28 09:48:43.768467428,99724,100,99654,156,99835,156,99632,156,99962,156,99474,156,99963,156,99358,156,99967,156,99330,156,99987,156,99293,100,100012,200,99173,100,100013,100,99042,100,100035,100,98645,100,100041,200,98584,100
2019-06-28 09:48:50.000000000,99724,378,99654,378,99835,100,99632,100,99962,100,99474,100,99963,100,99358,100,99967,100,99330,100,99987,100,99293,100,100012,200,99173,100,100013,100,99042,100,100035,100,98645,100,100041,200,98584,100
2019-06-28 09:49:00.000000000,99724,239,99654,239,99835,239,99632,239,99962,100,99474,100,99963,100,99358,100,99967,100,99330,100,99987,100,99293,100,100012,200,99173,100,100013,100,99042,100,100035,100,98645,100,100041,200,98584,100
2019-06-28 09:49:10.000000000,99724,239,99654,239,99835,239,99632,239,99962,100,99474,100,99963,100,99358,100,99967,100,99330,100,99987,100,99293,100,100012,200,99173,100,100013,100,99042,100,100035,100,98645,100,100041,200,98584,100
2019-06-28 09:49:20.000000000,99724,170,99654,170,99835,170,99632,170,99962,170,99474,170,99963,170,99358,170,99967,100,99330,100,99987,100,99293,100,100012,200,99173,100,100013,100,99042,100,100035,100,98645,100,100041,200,98584,100
2019-06-28 09:49:30.000000000,99724,156,99654,156,99835,156,99632,156,99962,156,99474,156,99963,156,99358,156,99967,156,99330,156,99987,100,99293,100,100012,200,99173,100,100013,100,99042,100,100035,100,98645,100,100041,200,98584,100
2019-06-28 09:49:40.000000000,99724,170,99654,170,99835,170,99632,170,99962,170,99474,170,99963,170,99358,170,99967,100,99330,100,99987,100,99293,100,100012,200,99173,100,100013,100,99042,100,100035,100,98645,100,100041,200,98584,100
2019-06-28 09:49:50.000000000,99724,239,99654,239,99835,239,99632,239,99962,100,99474,100,99963,100,99358,100,99967,100,99330,100,99987,100,99293,100,100012,200,99173,100,100013,100,99042,100,100035,100,98645,100,100041,200,98584,100
2019-06-28 09:49:56.165567193,99724,239,99654,239,99835,239,99632,239,99962,100,99474,100,99963,100,99358,100,99967,100,99330,100,99987,100,99293,100,100012,200,99173,100,100013,100,99142,100,100035,100,99042,100,100041,200,98645,100
2019-06-28 09:49:58.731512501,99724,239,99654,239,99835,239,99632,239,99962,100,99474,100,99963,100,99358,100,99967,100,99330,100,99987,100,99293,100,100012,200,99173,100,100013,100,99142,100,100035,100,99042,100,100041,200,98942,100
2019-06-28 09:50:00.000000000,99724,156,99654,156,99835,156,99632,156,99962,156,99474,156,99963,156,99358,156,99967,156,99330,156,99987,100,99293,100,100012,200,99173,100,100013,100,99142,100,100035,100,99042,100,100041,200,98942,100
2019-06-28 09:50:04.061152403,99724,156,99654,156,99835,156,99632,156,99962,156,99474,156,99963,156,99358,156,99967,156,99330,156,99987,100,99293,100,100012,200,99173,100,100013,100,99142,100,100035,100,99042,100,100041,200,98942,100
2019-06-28 09:50:10.000000000,99724,156,99654,156,99835,156,99632,156,99962,156,99474,156,99963,156,99358,156,99967,156,99330,156,99987,100,99293,100,100012,200,99173,100,100013,100,99142,100,100035,100,99042,100,100041,200,98942,100
2019-06-28 09:50:20.000000000,99724,156,99654,156,99835,156,99632,156,99962,156,99474,156,99963,156,99358,156,99967,156,99330,156,99987,100,99293,100,100012,200,99173,100,100013,100,99142,100,100035,100,99042,100,100041,200,98942,100
2019-06-28 09:50:30.000000000,99724,156,99654,156,99835,156,99632,156,99962,156,99474,156,99963,156,99358,156,99967,156,99330,156,99987,100,99293,100,100012,200,99173,100,100013,100,99142,100,100035,100,99042,100,100041,200,98942,100
2019-06-28 09:50:30.909299596,99724,156,99654,56,99835,156,99632,156,99962,156,99474,156,99963,156,99358,156,99967,156,99330,156,99987,100,99293,100,100012,200,99173,100,100013,100,99142,100,100035,100,99042,100,100041,200,98942,100
2019-06-28 09:50:40.000000000,99724,170,99632,170,99835,170,99474,170,99962,170,99358,170,99963,170,99330,170,99967,100,99293,100,99987,100,99173,100,100012,200,99142,100,100013,100,99042,100,100035,100,98942,100,100041,200,98645,100
2019-06-28 09:50:50.000000000,99724,170,99632,170,99835,170,99474,170,99962,170,99358,170,99963,170,99330,170,99967,100,99293,100,99987,100,99173,100,100012,200,99142,100,100013,100,99042,100,100035,100,98942,100,100041,200,98645,100
2019-06-28 09:51:00.000000000,99724,156,99632,156,99835,156,99474,156,99962,156,99358,156,99963,156,99330,156,99967,156,99293,156,99987,100,99173,100,100012,200,99142,100,100013,100,99042,100,100035,100,98942,100,100041,200,98645,100
2019-06-28 09:51:10.000000000,99724,156,99632,156,99835,156,99474,156,99962,156,99358,156,99963,156,99330,156,99967,156,99293,156,99987,100,99173,100,100012,200,99142,100,100013,100,99042,100,100035,100,98942,100,100041,200,98645,100
2019-06-28 09:51:20.000000000,99724,195,99632,195,99835,192,99474,192,99962,192,99358,192,99963,100,99330,100,99967,100,99293,100,99987,100,99173,100,100012,200,99142,100,100013,100,99042,100,100035,100,98942,100,100041,200,98645,100
2019-06-28 09:51:30.000000000,99724,195,99632,195,99835,192,99474,192,99962,192,99358,192,99963,100,99330,100,99967,100,99293,100,99987,100,99173,100,100012,200,99142,100,100013,100,99042,100,100035,100,98942,100,100041,200,98645,100
2019-06-28 09:51:40.000000000,99724,195,99632,195,99835,192,99474,192,99962,192,99358,192,99963,100,99330,100,99967,100,99293,100,99987,100,99173,100,100012,200,99142,100,100013,100,99042,100,100035,100,98942,100,100041,200,98645,100
2019-06-28 09:51:45.278451218,99724,95,99632,195,99835,192,99474,192,99962,192,99358,192,99963,100,99330,100,99967,100,99293,100,99987,100,99173,100,100012,200,99142,100,100013,100,99042,100,100035,100,98942,100,100041,200,98645,100
2019-06-28 09:51:50.000000000,99835,239,99632,239,99962,239,99474,239,99963,100,99358,100,99967,100,99330,100,99987,100,99293,100,100012,200,99173,100,100013,100,99142,100,100035,100,99042,100,100041,200,98942,100,100047,100,98645,100
2019-06-28 09:52:00.000000000,99835,170,99632,170,99962,170,99474,170,99963,170,99358,170,99967,170,99330,170,99987,100,99293,100,100012,200,99173,100,100013,100,99142,100,100035,100,99042,100,100041,200,98942,100,100047,100,98645,100
2019-06-28 09:52:10.000000000,99835,156,99632,156,99962,156,99474,156,99963,156,99358,156,99967,156,99330,156,99987,156,99293,156,100012,200,99173,100,100013,100,99142,100,100035,100,99042,100,100041,200,98942,100,100047,100,98645,100
2019-06-28 09:52:20.000000000,99835,239,99632,239,99962,239,99474,239,99963,100,99358,100,99967,100,99330,100,99987,100,99293,100,100012,200,99173,100,100013,100,99142,100,100035,100,99042,100,100041,200,98942,100,100047,100,98645,100
2019-06-28 09:52:30.000000000,99835,156,99632,156,99962,156,99474,156,99963,156,99358,156,99967,156,99330,156,99987,156,99293,156,100012,200,99173,100,100013,100,99142,100,100035,100,99042,100,100041,200,98942,100,100047,100,98645,100
2019-06-28 09:52:31.896620277,99723,100,99632,156,99835,156,99474,156,99962,156,99358,156,99963,156,99330,156,99967,156,99293,156,99987,156,99173,100,100012,100,99142,100,100013,100,99042,100,100035,100,98942,100,100041,200,98645,100
2019-06-28 09:52:37.720104835,99723,100,99632,156,99835,156,99474,156,99962,156,99358,156,99963,156,99330,156,99967,156,99293,156,99987,156,99208,100,100012,100,99173,100,100013,100,99142,100,100035,100,99042,100,100041,200,98942,100
2019-06-28 09:52:40.000000000,99723,170,99632,170,99835,170,99474,170,99962,170,99358,170,99963,170,99330,170,99967,100,99293,100,99987,100,99208,100,100012,100,99173,100,100013,100,99142,100,100035,100,99042,100,100041,200,98942,100
2019-06-28 09:52:50.000000000,99723,378,99632,378,99835,100,99474,100,99962,100,99358,100,99963,100,99330,100,99967,100,99293,100,99987,100,99208,100,100012,100,99173,100,100013,100,99142,100,100035,100,99042,100,100041,200,98942,100
2019-06-28 09:52:50.284161464,99723,378,99632,278,99835,100,99358,100,99962,100,99330,100,99963,100,99293,100,99967,100,99208,100,99987,100,99173,100,100012,100,99142,100,100013,100,99042,100,100035,100,98942,100,100041,200,98645,100
2019-06-28 09:52:58.293028390,99723,378,99632,178,99835,100,99358,100,99962,100,99330,100,99963,100,99293,100,99967,100,99208,100,99987,100,99173,100,100012,100,99142,100,100013,100,99042,100,100035,100,98942,100,100041,200,98645,100
2019-06-28 09:53:00.000000000,99723,239,99358,239,99835,239,99330,239,99962,100,99293,100,99963,100,99208,100,99967,100,99173,100,99987,100,99142,100,100012,100,99042,100,100013,100,98942,100,100035,100,98645,100,100041,200,98584,100
2019-06-28 09:53:10.000000000,99723,239,99358,239,99835,239,99330,239,99962,100,99293,100,99963,100,99208,100,99967,100,99173,100,99987,100,99142,100,100012,100,99042,100,100013,100,98942,100,100035,100,98645,100,100041,200,98584,100
2019-06-28 09:53:12.744206935,99723,239,99358,239,99835,239,99330,239,99962,100,99293,100,99963,100,99208,100,99967,100,99173,100,99987,100,99142,100,100012,100,99042,100,100013,100,98942,100,100035,100,98828,100,100041,200,98645,100
2019-06-28 09:53:20.000000000,99723,170,99358,170,99835,170,99330,170,99962,170,99293,170,99963,170,99208,170,99967,100,99173,100,99987,100,99142,100,100012,100,99042,100,100013,100,98942,100,100035,100,98828,100,100041,200,98645,100
2019-06-28 09:53:30.000000000,99723,239,99358,239,99835,239,99330,239,99962,100,99293,100,99963,100,99208,100,99967,100,99173,100,99987,100,99142,100,100012,100,99042,100,100013,100,98942,100,100035,100,98828,100,100041,200,98645,100
2019-06-28 09:53:40.000000000,99723,170,99358,170,99835,170,99330,170,99962,170,99293,170,99963,170,99208,170,99967,100,99173,100,99987,100,99142,100,100012,100,99042,100,100013,100,98942,100,100035,100,98828,100,100041,200,98645,100
2019-06-28 09:53:40.909861959,99632,100,99358,170,99723,170,99330,170,99835,170,99293,170,99962,170,99208,170,99963,170,99173,100,99967,100,99142,100,99987,100,99042,100,100012,100,98942,100,100013,100,98828,100,100035,100,98645,100
2019-06-28 09:53:47.987136962,99632,100,99358,70,99723,170,99330,170,99835,170,99293,170,99962,170,99208,170,99963,170,99173,100,99967,100,99142,100,99987,100,99042,100,100012,100,98942,100,100013,100,98828,100,100035,100,98645,100
2019-06-28 09:53:50.000000000,99632,378,99330,378,99723,100,99293,100,99835,100,99208,100,99962,100,99173,100,99963,100,99142,100,99967,100,99042,100,99987,100,98942,100,100012,100,98828,100,100013,100,98645,100,100035,100,98584,100
2019-06-28 09:54:00.000000000,99632,156,99330,156,99723,156,99293,156,99835,156,99208,156,99962,156,99173,156,99963,156,99142,156,99967,100,99042,100,99987,100,98942,100,100012,100,98828,100,100013,100,98645,100,100035,100,98584,100
2019-06-28 09:54:10.000000000,99632,156,99330,156,99723,156,99293,156,99835,156,99208,156,99962,156,99173,156,99963,156,99142,156,99967,100,99042,100,99987,100,98942,100,100012,100,98828,100,100013,100,98645,100,100035,100,98584,100
2019-06-28 09:54:20.000000000,99632,170,99330,170,99723,170,99293,170,99835,170,99208,170,99962,170,99173,170,99963,100,99142,100,99967,100,99042,100,99987,100,98942,100,100012,100,98828,100,100013,100,98645,100,100035,100,98584,100
2019-06-28 09:54:25.592152156,99632,170,99330,170,99723,170,99293,170,99835,170,99208,170,99962,170,99173,170,99963,100,99142,100,99967,100,99042,100,99987,100,98952,100,100012,100,98942,100,100013,100,98828,100,100035,100,98645,100
2019-06-28 09:54:27.757834039,99631,100,99330,170,99632,170,99293,170,99723,170,99208,170,99835,170,99173,170,99962,170,99142,100,99963,100,99042,100,99967,100,98952,100,99987,100,98942,100,100012,100,98828,100,100013,100,98645,100
2019-06-28 09:54:30.000000000,99631,239,99330,239,99632,239,99293,239,99723,100,99208,100,99835,100,99173,100,99962,100,99142,100,99963,100,99042,100,99967,100,98952,100,99987,100,98942,100,100012,100,98828,100,100013,100,98645,100
2019-06-28 09:54:32.016381935,99631,239,99330,239,99632,239,99293,239,99723,100,99208,100,99835,100,99173,100,99962,100,99142,100,99963,100,99042,100,99967,100,98952,100,99987,100,98942,100,100012,100,98900,100,100013,100,98828,100
2019-06-28 09:54:40.000000000,99631,239,99330,239,99632,239,99293,239,99723,100,99208,100,99835,100,99173,100,99962,100,99142,100,99963,100,99042,100,99967,100,98952,100,99987,100,98942,100,100012,100,98900,100,100013,100,98828,100
2019-06-28 09:54:50.000000000,99631,156,99330,156,99632,156,99293,156,99723,156,99208,156,99835,156,99173,156,99962,156,99142,156,99963,100,99042,100,99967,100,98952,100,99987,100,98942,100,100012,100,98900,100,100013,100,98828,100
2019-06-28 09:55:00.000000000,99631,239,99330,239,99632,239,99293,239,99723,100,99208,100,99835,100,99173,100,99962,100,99142,100,99963,100,99042,100,99967,100,98952,100,99987,100,98942,100,100012,100,98900,100,100013,100,98828,100
2019-06-28 09:55:10.000000000,99631,170,99330,170,99632,170,99293,170,99723,170,99208,170,99835,170,99173,170,99962,100,99142,100,99963,100,99042,100,99967,100,98952,100,99987,100,98942,100,100012,100,98900,100,100013,100,98828,100
2019-06-28 09:55:18.182950733,99631,170,99330,170,99632,170,99293,170,99723,170,99208,170,99835,170,99173,170,99962,100,99142,100,99963,100,99042,100,99967,100,98952,100,99987,100,98942,100,100012,100,98900,100,100013,100,98828,100
2019-06-28 09:55:20.000000000,99631,239,99330,239,99632,239,99293,239,99723,100,99208,100,99835,100,99173,100,99962,100,99142,100,99963,100,99042,100,99967,100,98952,100,99987,100,98942,100,100012,100,98900,100,100013,100,98828,100
2019-06-28 09:55:30.000000000,99631,378,99330,378,99632,100,99293,100,99723,100,99208,100,99835,100,99173,100,99962,100,99142,100,99963,100,99042,100,99967,100,98952,100,99987,100,98942,100,100012,100,98900,100,100013,100,98828,100
2019-06-28 09:55:37.726217062,99631,478,99330,378,99632,100,99293,100,99723,100,99208,100,99835,100,99173,100,99962,100,99142,100,99963,100,99042,100,99967,100,98952,100,99987,100,98942,100,100012,100,98900,100,100013,100,98828,100
2019-06-28 09:55:40.000000000,99631,270,99330,170,99632,170,99293,170,99723,170,99208,170,99835,170,99173,170,99962,100,99142,100,99963,100,99042,100,99967,100,98952,100,99987,100,98942,100,100012,100,98900,100,100013,100,98828,100
2019-06-28 09:55:46.130351978,99631,270,99330,170,99632,170,99293,170,99723,170,99274,100,99835,170,99208,170,99962,100,99173,170,99963,100,99142,100,99967,100,99042,100,99987,100,98952,100,100012,100,98942,100,100013,100,98900,100
2019-06-28 09:55:50.000000000,99631,256,99330,156,99632,156,99293,156,99723,156,99274,156,99835,156,99208,156,99962,156,99173,156,99963,100,99142,100,99967,100,99042,100,99987,100,98952,100,100012,100,98942,100,100013,100,98900,100
2019-06-28 09:56:00.000000000,99631,295,99330,195,99632,192,99293,192,99723,192,99274,192,99835,100,99208,100,99962,100,99173,100,99963,100,99142,100,99967,100,99042,100,99987,100,98952,100,100012,100,98942,100,100013,100,98900,100
2019-06-28 09:56:00.838253958,99631,195,99330,195,99632,192,99293,192,99723,192,99274,192,99835,100,99208,100,99962,100,99173,100,99963,100,99142,100,99967,100,99042,100,99987,100,98952,100,100012,100,98942,100,100013,100,98900,100
2019-06-28 09:56:06.452489966,99631,95,99330,195,99632,192,99293,192,99723,192,99274,192,99835,100,99208,100,99962,100,99173,100,99963,100,99142,100,99967,100,99042,100,99987,100,98952,100,100012,100,98942,100,100013,100,98900,100
2019-06-28 09:56:10.000000000,99632,170,99330,170,99723,170,99293,170,99835,170,99274,170,99962,170,99208,170,99963,100,99173,100,99967,100,99142,100,99987,100,99042,100,100012,100,98952,100,100013,100,98942,100,100035,100,98900,100
2019-06-28 09:56:11.796947971,99632,170,99330,170,99723,170,99293,170,99835,170,99274,170,99962,170,99208,170,99963,100,99173,100,99967,100,99142,100,99987,100,99042,100,100012,100,98952,100,100013,100,98942,100,100035,100,98900,100
2019-06-28 09:56:14.906125603,99632,70,99330,170,99723,170,99293,170,99835,170,99274,170,99962,170,99208,170,99963,100,99173,100,99967,100,99142,100,99987,100,99042,100,100012,100,98952,100,100013,100,98942,100,100035,100,98900,100
2019-06-28 09:56:20.000000000,99723,239,99330,239,99835,239,99293,239,99962,100,99274,100,99963,100,99208,100,99967,100,99173,100,99987,100,99142,100,100012,100,99042,100,100013,100,98952,100,100035,100,98942,100,100041,100,98900,100
2019-06-28 09:56:23.540047861,99723,239,99631,100,99835,239,99330,239,99962,100,99293,239,99963,100,99274,100,99967,100,99208,100,99987,100,99173,100,100012,100,99142,100,100013,100,99042,100,100035,100,98952,100,100041,100,98942,100
2019-06-28 09:56:30.000000000,99723,239,99631,239,99835,239,99330,239,99962,100,99293,100,99963,100,99274,100,99967,100,99208,100,99987,100,99173,100,100012,100,99142,100,100013,100,99042,100,100035,100,98952,100,100041,100,98942,100
2019-06-28 09:56:40.000000000,99723,195,99631,195,99835,192,99330,192,99962,192,99293,192,99963,100,99274,100,99967,100,99208,100,99987,100,99173,100,100012,100,99142,100,100013,100,99042,100,100035,100,98952,100,100041,100,98942,100
2019-06-28 09:56:50.000000000,99723,170,99631,170,99835,170,99330,170,99962,170,99293,170,99963,170,99274,170,99967,100,99208,100,99987,100,99173,100,100012,100,99142,100,100013,100,99042,100,100035,100,98952,100,100041,100,98942,100
2019-06-28 09:57:00.000000000,99723,239,99631,239,99835,239,99330,239,99962,100,99293,100,99963,100,99274,100,99967,100,99208,100,99987,100,99173,100,100012,100,99142,100,100013,100,99042,100,100035,100,98952,100,100041,100,98942,100
2019-06-28 09:57:10.000000000,99723,378,99631,378,99835,100,99330,100,99962,100,99293,100,99963,100,99274,100,99967,100,99208,100,99987,100,99173,100,100012,100,99142,100,100013,100,99042,100,100035,100,98952,100,100041,100,98942,100
2019-06-28 09:57:20.000000000,99723,156,99631,156,99835,156,99330,156,99962,156,99293,156,99963,156,99274,156,99967,156,99208,156,99987,100,99173,100,100012,100,99142,100,100013,100,99042,100,100035,100,98952,100,100041,100,98942,100
2019-06-28 09:57:20.609569828,99723,156,99631,256,99835,156,99330,156,99962,156,99293,156,99963,156,99274,156,99967,156,99208,156,100012,100,99173,100,100013,100,99142,100,100035,100,99042,100,100041,100,98952,100,100047,100,98942,100
2019-06-28 09:57:30.000000000,99723,195,99631,295,99835,192,99330,192,99962,192,99293,192,99963,100,99274,100,99967,100,99208,100,100012,100,99173,100,100013,100,99142,100,100035,100,99042,100,100041,100,98952,100,100047,100,98942,100
2019-06-28 09:57:38.193320197,99723,95,99631,295,99835,192,99330,192,99962,192,99293,192,99963,100,99274,100,99967,100,99208,100,100012,100,99173,100,100013,100,99142,100,100035,100,99042,100,100041,100,98952,100,100047,100,98942,100
2019-06-28 09:57:40.000000000,99835,156,99631,256,99962,156,99330,156,99963,156,99293,156,99967,156,99274,156,100012,156,99208,156,100013,100,99173,100,100035,100,99142,100,100041,100,99042,100,100047,100,98952,100,100078,100,98942,100
2019-06-28 09:57:50.000000000,99835,195,99631,295,99962,192,99330,192,99963,192,99293,192,99967,100,99274,100,100012,100,99208,100,100013,100,99173,100,100035,100,99142,100,100041,100,99042,100,100047,100,98952,100,100078,100,98942,100
2019-06-28 09:58:00.000000000,99835,239,99631,339,99962,239,99330,239,99963,100,99293,100,99967,100,99274,100,100012,100,99208,100,100013,100,99173,100,100035,100,99142,100,100041,100,99042,100,100047,100,98952,100,100078,100,98942,100
2019-06-28 09:58:06.663837341,99835,139,99632,100,99962,239,99631,339,99963,100,99330,239,99967,100,99293,100,100012,100,99274,100,100013,100,99208,100,100035,100,99173,100,100041,100,99142,100,100047,100,99042,100,100078,100,98952,100
2019-06-28 09:58:10.000000000,99962,170,99632,170,99963,170,99631,270,99967,170,99330,170,100012,170,99293,170,100013,100,99274,100,100035,100,99208,100,100041,100,99173,100,100047,100,99142,100,100078,100,99042,100,100088,100,98952,100
2019-06-28 09:58:16.586716336,99962,170,99632,170,99963,170,99631,270,99967,170,99330,170,100012,170,99293,170,100013,100,99274,100,100035,100,99208,100,100041,100,99173,100,100047,100,99142,100,100078,100,99042,100,100088,100,98952,100
2019-06-28 09:58:20.000000000,99962,378,99632,378,99963,100,99631,200,99967,100,99330,100,100012,100,99293,100,100013,100,99274,100,100035,100,99208,100,100041,100,99173,100,100047,100,99142,100,100078,100,99042,100,100088,100,98952,100
2019-06-28 09:58:22.341064793,99962,378,99632,378,99963,100,99631,200,99967,100,99330,100,100012,100,99293,100,100013,100,99274,100,100035,100,99208,100,100041,100,99173,100,100047,100,99142,100,100078,100,99042,100,100088,100,98952,100
2019-06-28 09:58:26.040997994,99962,378,99960,100,99963,100,99632,378,99967,100,99631,200,100012,100,99330,100,100013,100,99293,100,100035,100,99274,100,100041,100,99208,100,100047,100,99173,100,100078,100,99142,100,100088,100,99042,100
2019-06-28 09:58:30.000000000,99962,239,99960,239,99963,239,99632,239,99967,100,99631,200,100012,100,99330,100,100013,100,99293,100,100035,100,99274,100,100041,100,99208,100,100047,100,99173,100,100078,100,99142,100,100088,100,99042,100
2019-06-28 09:58:37.010918166,99962,239,99960,139,99963,239,99632,239,99967,100,99631,200,100012,100,99330,100,100013,100,99293,100,100035,100,99274,100,100041,100,99208,100,100047,100,99173,100,100078,100,99142,100,100088,100,99042,100
2019-06-28 09:58:40.000000000,99962,156,99632,156,99963,156,99631,256,99967,156,99330,156,100012,156,99293,156,100013,156,99274,156,100035,100,99208,100,100041,100,99173,100,100047,100,99142,100,100078,100,99042,100,100088,100,98952,100
2019-06-28 09:58:46.565336185,99962,156,99632,156,99963,156,99631,256,99967,156,99330,156,100012,156,99293,156,100013,156,99274,156,100035,100,99208,100,100041,100,99173,100,100047,100,99142,100,100078,100,99042,100,100098,100,98952,100
2019-06-28 09:58:50.000000000,99962,156,99632,156,99963,156,99631,256,99967,156,99330,156,100012,156,99293,156,100013,156,99274,156,100035,100,99208,100,100041,100,99173,100,100047,100,99142,100,100078,100,99042,100,100098,100,98952,100
2019-06-28 09:58:56.282550004,99962,156,99632,156,99963,156,99631,256,99967,156,99330,156,100012,156,99293,156,100013,156,99274,156,100035,100,99208,100,100041,100,99173,100,100047,100,99142,100,100078,100,99042,100,100098,100,98952,100
2019-06-28 09:59:00.000000000,99962,239,99632,239,99963,239,99631,339,99967,100,99330,100,100012,100,99293,100,100013,100,99274,100,100035,100,99208,100,100041,100,99173,100,100047,100,99142,100,100078,100,99042,100,100098,100,98952,100
2019-06-28 09:59:10.000000000,99962,156,99632,156,99963,156,99631,256,99967,156,99330,156,100012,156,99293,156,100013,156,99274,156,100035,100,99208,100,100041,100,99173,100,100047,100,99142,100,100078,100,99042,100,100098,100,98952,100
2019-06-28 09:59:20.000000000,99962,156,99632,156,99963,156,99631,256,99967,156,99330,156,100012,156,99293,156,100013,156,99274,156,100035,100,99208,100,100041,100,99173,100,100047,100,99142,100,100078,100,99042,100,100098,100,98952,100
2019-06-28 09:59:29.235376986,99962,56,99632,156,99963,156,99631,256,99967,156,99330,156,100012,156,99293,156,100013,156,99274,156,100035,100,99208,100,100041,100,99173,100,100047,100,99142,100,100078,100,99042,100,100098,100,98952,100
2019-06-28 09:59:30.000000000,99963,156,99632,156,99967,156,99631,256,100012,156,99330,156,100013,156,99293,156,100035,156,99274,156,100041,100,99208,100,100047,100,99173,100,100078,100,99142,100,100098,100,99042,100,100108,100,98952,100
2019-06-28 09:59:40.000000000,99963,378,99632,378,99967,100,99631,200,100012,100,99330,100,100013,100,99293,100,100035,100,99274,100,100041,100,99208,100,100047,100,99173,100,100078,100,99142,100,100098,100,99042,100,100108,100,98952,100
2019-06-28 09:59:50.000000000,99963,239,99632,239,99967,239,99631,339,100012,100,99330,100,100013,100,99293,100,100035,100,99274,100,100041,100,99208,100,100047,100,99173,100,100078,100,99142,100,100098,100,99042,100,100108,100,98952,100
2019-06-28 10:00:00.000000000,99963,195,99632,195,99967,192,99631,292,100012,192,99330,192,100013,100,99293,100,100035,100,99274,100,100041,100,99208,100,100047,100,99173,100,100078,100,99142,100,100098,100,99042,100,100108,100,98952,100
2019-06-28 10:00:04.608160340,99963,195,99632,195,99967,192,99631,292,100012,192,99330,192,100013,100,99293,100,100035,100,99274,100,100041,100,99208,100,100047,100,99173,100,100078,100,99142,100,100098,100,99042,100,100108,100,98952,100
2019-06-28 10:00:08.508633582,99963,195,99632,195,99967,192,99631,292,100012,192,99330,192,100035,100,99293,100,100041,100,99274,100,100047,100,99208,100,100078,100,99173,100,100098,100,99142,100,100108,100,99042,100,100133,100,98952,100
2019-06-28 10:00:10.000000000,99963,378,99632,378,99967,100,99631,200,100012,100,99330,100,100035,100,99293,100,100041,100,99274,100,100047,100,99208,100,100078,100,99173,100,100098,100,99142,100,100108,100,99042,100,100133,100,98952,100
2019-06-28 10:00:20.000000000,99963,239,99632,239,99967,239,99631,339,100012,100,99330,100,100035,100,99293,100,100041,100,99274,100,100047,100,99208,100,100078,100,99173,100,100098,100,99142,100,100108,100,99042,100,100133,100,98952,100
2019-06-28 10:00:30.000000000,99963,170,99632,170,99967,170,99631,270,100012,170,99330,170,100035,170,99293,170,100041,100,99274,100,100047,100,99208,100,100078,100,99173,100,100098,100,99142,100,100108,100,99042,100,100133,100,98952,100
2019-06-28 10:00:40.000000000,99963,195,99632,195,99967,192,99631,292,100012,192,99330,192,100035,100,99293,100,100041,100,99274,100,100047,100,99208,100,100078,100,99173,100,100098,100,99142,100,100108,100,99042,100,100133,100,98952,100
2019-06-28 10:00:48.379425714,99963,195,99632,195,99967,192,99631,292,100012,192,99330,192,100035,100,99274,100,100041,100,99208,100,100047,100,99173,100,100078,100,99142,100,100098,100,99042,100,100108,100,98952,100,100133,100,98942,100
2019-06-28 10:00:49.738200235,99963,195,99723,100,99967,192,99632,195,100012,192,99631,292,100035,100,99330,192,100041,100,99274,100,100047,100,99208,100,100078,100,99173,100,100098,100,99142,100,100108,100,99042,100,100133,100,98952,100
2019-06-28 10:00:50.000000000,99963,378,99723,378,99967,100,99632,100,100012,100,99631,200,100035,100,99330,100,100041,100,99274,100,100047,100,99208,100,100078,100,99173,100,100098,100,99142,100,100108,100,99042,100,100133,100,98952,100
2019-06-28 10:01:00.000000000,99963,195,99723,195,99967,192,99632,192,100012,192,99631,292,100035,100,99330,100,100041,100,99274,100,100047,100,99208,100,100078,100,99173,100,100098,100,99142,100,100108,100,99042,100,100133,100,98952,100
2019-06-28 10:01:03.328633420,99963,95,99723,195,99967,192,99632,192,100012,192,99631,292,100035,100,99330,100,100041,100,99274,100,100047,100,99208,100,100078,100,99173,100,100098,100,99142,100,100108,100,99042,100,100133,100,98952,100
2019-06-28 10:01:10.000000000,99967,239,99723,239,100012,239,99632,239,100035,100,99631,200,100041,100,99330,100,100047,100,99274,100,100078,100,99208,100,100098,100,99173,100,100108,100,99142,100,100133,100,99042,100,100135,100,98952,100
2019-06-28 10:01:15.530073662,99967,239,99961,100,100012,239,99723,239,100035,100,99632,239,100041,100,99631,200,100047,100,99330,100,100078,100,99274,100,100098,100,99208,100,100108,100,99173,100,100133,100,99142,100,100135,100,99042,100
2019-06-28 10:01:17.040055612,99967,239,99961,200,100012,239,99723,239,100035,100,99632,239,100041,100,99631,200,100047,100,99330,100,100078,100,99274,100,100098,100,99208,100,100108,100,99173,100,100133,100,99142,100,100135,100,99042,100
2019-06-28 10:01:20.000000000,99967,170,99961,270,100012,170,99723,170,100035,170,99632,170,100041,170,99631,270,100047,100,99330,100,100078,100,99274,100,100098,100,99208,100,100108,100,99173,100,100133,100,99142,100,100135,100,99042,100
2019-06-28 10:01:30.000000000,99967,239,99961,339,100012,239,99723,239,100035,100,99632,100,100041,100,99631,200,100047,100,99330,100,100078,100,99274,100,100098,100,99208,100,100108,100,99173,100,100133,100,99142,100,100135,100,99042,100
2019-06-28 10:01:36.744717466,99967,139,99961,439,100012,239,99723,239,100035,100,99632,100,100041,100,99631,200,100047,100,99330,100,100078,100,99274,100,100098,100,99208,100,100108,100,99173,100,100133,100,99142,100,100135,100,99042,100
2019-06-28 10:01:40.000000000,100012,170,99961,370,100035,170,99723,170,100041,170,99632,170,100047,170,99631,270,100078,100,99330,100,100098,100,99274,100,100108,100,99208,100,100133,100,99173,100,100135,100,99142,100,100242,100,99042,100
2019-06-28 10:01:49.291934849,100012,170,99961,370,100035,170,99723,170,100041,170,99632,170,100047,170,99631,270,100078,100,99330,100,100098,100,99274,100,100108,100,99208,100,100133,100,99173,100,100135,100,99142,100,100242,100,99042,100
2019-06-28 10:01:50.000000000,100012,378,99961,578,100035,100,99723,100,100041,100,99632,100,100047,100,99631,200,100078,100,99330,100,100098,100,99274,100,100108,100,99208,100,100133,100,99173,100,100135,100,99142,100,100242,100,99042,100
2019-06-28 10:01:51.190758036,100012,278,99961,678,100035,100,99723,100,100041,100,99632,100,100047,100,99631,200,100078,100,99330,100,100098,100,99274,100,100108,100,99208,100,100133,100,99173,100,100135,100,99142,100,100242,100,99042,100
2019-06-28 10:01:57.818855253,100012,278,99961,678,100035,100,99723,100,100041,100,99632,100,100047,100,99631,200,100078,100,99330,100,100098,100,99274,100,100108,100,99208,100,100133,100,99173,100,100135,100,99142,100,100242,100,99042,100
2019-06-28 10:02:00.000000000,100035,170,99961,470,100041,170,99723,170,100047,170,99632,170,100078,170,99631,270,100098,100,99330,100,100108,100,99274,100,100133,100,99208,100,100135,100,99173,100,100242,100,99142,100,100392,100,99042,100
2019-06-28 10:02:09.085291937,100041,170,100035,30,100047,170,99961,470,100078,170,99723,170,100098,100,99632,170,100108,100,99631,270,100133,100,99330,100,100135,100,99274,100,100242,100,99208,100,100392,100,99173,100,100418,100,99142,100
2019-06-28 10:02:10.000000000,100041,170,100035,100,100047,170,99961,470,100078,170,99723,170,100098,170,99632,170,100108,100,99631,200,100133,100,99330,100,100135,100,99274,100,100242,100,99208,100,100392,100,99173,100,100418,100,99142,100
2019-06-28 10:02:20.000000000,100041,170,100035,100,100047,170,99961,470,100078,170,99723,170,100098,170,99632,170,100108,100,99631,200,100133,100,99330,100,100135,100,99274,100,100242,100,99208,100,100392,100,99173,100,100418,100,99142,100
2019-06-28 10:02:20.118458669,100041,70,100035,100,100047,170,99961,470,100078,170,99723,170,100098,170,99632,170,100108,100,99631,200,100133,100,99330,100,100135,100,99274,100,100242,100,99208,100,100392,100,99173,100,100418,100,99142,100
2019-06-28 10:02:30.000000000,100047,195,100035,125,100078,192,99961,492,100098,192,99723,192,100108,100,99632,100,100133,100,99631,200,100135,100,99330,100,100242,100,99274,100,100392,100,99208,100,100418,100,99173,100,100509,100,99142,100
2019-06-28 10:02:39.487845666,100047,195,100035,125,100078,192,99961,492,100098,192,99723,192,100108,100,99632,100,100133,100,99631,200,100135,100,99330,100,100242,100,99274,100,100392,100,99208,100,100418,100,99173,100,100438,100,99142,100
2019-06-28 10:02:40.000000000,100047,239,100035,169,100078,239,99961,539,100098,100,99723,100,100108,100,99632,100,100133,100,99631,200,100135,100,99330,100,100242,100,99274,100,100392,100,99208,100,100418,100,99173,100,100438,100,99142,100
2019-06-28 10:02:50.000000000,100047,378,100035,308,100078,100,99961,400,100098,100,99723,100,100108,100,99632,100,100133,100,99631,200,100135,100,99330,100,100242,100,99274,100,100392,100,99208,100,100418,100,99173,100,100438,100,99142,100
2019-06-28 10:02:54.239588718,100047,378,100035,308,100078,100,99961,400,100098,100,99723,100,100108,100,99632,100,100133,100,99631,200,100135,100,99330,100,100242,100,99274,100,100269,100,99208,100,100392,100,99173,100,100418,100,99142,100
2019-06-28 10:03:00.000000000,100047,239,100035,169,100078,239,99961,539,100098,100,99723,100,100108,100,99632,100,100133,100,99631,200,100135,100,99330,100,100242,100,99274,100,100269,100,99208,100,100392,100,99173,100,100418,100,99142,100
2019-06-28 10:03:10.000000000,100047,239,100035,169,100078,239,99961,539,100098,100,99723,100,100108,100,99632,100,100133,100,99631,200,100135,100,99330,100,100242,100,99274,100,100269,100,99208,100,100392,100,99173,100,100418,100,99142,100
2019-06-28 10:03:10.492439692,100047,139,100035,169,100078,239,99961,539,100098,100,99723,100,100108,100,99632,100,100133,100,99631,200,100135,100,99330,100,100269,100,99274,100,100392,100,99208,100,100418,100,99173,100,100438,100,99142,100
2019-06-28 10:03:15.155377888,100047,139,100041,100,100078,239,100035,169,100098,100,99961,539,100108,100,99723,100,100133,100,99631,200,100135,100,99330,100,100269,100,99274,100,100392,100,99208,100,100418,100,99173,100,100438,100,99142,100
2019-06-28 10:03:20.000000000,100078,195,100041,195,100098,192,100035,122,100108,192,99961,492,100133,100,99723,100,100135,100,99631,200,100269,100,99330,100,100392,100,99274,100,100418,100,99208,100,100438,100,99173,100,100509,100,99142,100
2019-06-28 10:03:22.648027366,100078,195,100041,195,100098,192,100035,122,100108,192,99961,392,100133,100,99723,100,100135,100,99631,200,100269,100,99330,100,100392,100,99274,100,100418,100,99208,100,100438,100,99173,100,100509,100,99142,100
2019-06-28 10:03:24.677947545,100078,195,100041,295,100098,192,100035,122,100108,192,99961,392,100133,100,99723,100,100135,100,99631,200,100269,100,99330,100,100392,100,99274,100,100418,100,99208,100,100438,100,99173,100,100509,100,99142,100
2019-06-28 10:03:30.000000000,100078,170,100041,270,100098,170,100035,100,100108,170,99961,370,100133,170,99723,170,100135,100,99631,200,100269,100,99330,100,100392,100,99274,100,100418,100,99208,100,100438,100,99173,100,100509,100,99142,100
2019-06-28 10:03:33.002549282,100078,70,100041,270,100098,170,100035,100,100108,170,99961,370,100133,170,99723,170,100135,100,99631,200,100269,100,99330,100,100392,100,99274,100,100418,100,99208,100,100438,100,99173,100,100509,100,99142,100
2019-06-28 10:03:40.000000000,100098,239,100041,339,100108,239,100035,169,100133,100,99961,300,100135,100,99723,100,100269,100,99631,200,100392,100,99330,100,100418,100,99274,100,100438,100,99208,100,100509,100,99173,100,100623,100,99142,100
2019-06-28 10:03:50.000000000,100098,239,100041,339,100108,239,100035,169,100133,100,99961,300,100135,100,99723,100,100269,100,99631,200,100392,100,99330,100,100418,100,99274,100,100438,100,99208,100,100509,100,99173,100,100623,100,99142,100
2019-06-28 10:04:00.000000000,100098,170,100041,270,100108,170,100035,100,100133,170,99961,370,100135,170,99723,170,100269,100,99631,200,100392,100,99330,100,100418,100,99274,100,100438,100,99208,100,100509,100,99173,100,100623,100,99142,100
2019-06-28 10:04:10.000000000,100098,378,100041,478,100108,100,100035,30,100133,100,99961,300,100135,100,99723,100,100269,100,99631,200,100392,100,99330,100,100418,100,99274,100,100438,100,99208,100,100509,100,99173,100,100623,100,99142,100
2019-06-28 10:04:11.988525015,100098,378,100047,100,100108,100,100041,478,100133,100,100035,30,100135,100,99961,300,100269,100,99723,100,100392,100,99631,200,100418,100,99330,100,100438,100,99274,100,100509,100,99208,100,100623,100,99173,100
2019-06-28 10:04:20.000000000,100098,170,100047,170,100108,170,100041,270,100133,170,100035,100,100135,170,99961,370,100269,100,99723,100,100392,100,99631,200,100418,100,99330,100,100438,100,99274,100,100509,100,99208,100,100623,100,99173,100
2019-06-28 10:04:30.000000000,100098,156,100047,156,100108,156,100041,256,100133,156,100035,86,100135,156,99961,356,100269,156,99723,156,100392,100,99631,200,100418,100,99330,100,100438,100,99274,100,100509,100,99208,100,100623,100,99173,100
2019-06-28 10:04:30.543291543,100098,156,100047,256,100108,156,100041,256,100133,156,100035,86,100135,156,99961,356,100269,156,99723,156,100392,100,99631,200,100418,100,99330,100,100438,100,99274,100,100509,100,99208,100,100623,100,99173,100
2019-06-28 10:04:40.000000000,100098,170,100047,270,100108,170,100041,270,100133,170,100035,100,100135,170,99961,370,100269,100,99723,100,100392,100,99631,200,100418,100,99330,100,100438,100,99274,100,100509,100,99208,100,100623,100,99173,100
2019-06-28 10:04:48.113497598,100098,170,100047,270,100108,170,100041,270,100133,170,100035,100,100135,170,99961,370,100269,100,99723,100,100392,100,99631,200,100418,100,99330,100,100438,100,99274,100,100509,100,99208,100,100623,100,99173,100
2019-06-28 10:04:50.000000000,100098,195,100047,295,100108,192,100041,292,100133,192,100035,122,100135,100,99961,300,100269,100,99723,100,100392,100,99631,200,100418,100,99330,100,100438,100,99274,100,100509,100,99208,100,100623,100,99173,100
2019-06-28 10:05:00.000000000,100098,170,100047,270,100108,170,100041,270,100133,170,100035,100,100135,170,99961,370,100269,100,99723,100,100392,100,99631,200,100418,100,99330,100,100438,100,99274,100,100509,100,99208,100,100623,100,99173,100
2019-06-28 10:05:10.000000000,100098,195,100047,295,100108,192,100041,292,100133,192,100035,122,100135,100,99961,300,100269,100,99723,100,100392,100,99631,200,100418,100,99330,100,100438,100,99274,100,100509,100,99208,100,100623,100,99173,100
2019-06-28 10:05:10.403026537,100098,95,100047,295,100108,192,100041,292,100133,192,100035,122,100135,100,99961,300,100392,100,99723,100,100418,100,99631,200,100438,100,99330,100,100509,100,99274,100,100623,100,99208,100,100771,100,99173,100
2019-06-28 10:05:20.000000000,100108,195,100047,295,100133,192,100041,292,100135,192,100035,122,100392,100,99961,300,100418,100,99723,100,100438,100,99631,200,100509,100,99330,100,100623,100,99274,100,100771,100,99208,100,100914,100,99173,100
2019-06-28 10:05:30.000000000,100108,239,100047,339,100133,239,100041,339,100135,100,100035,30,100392,100,99961,300,100418,100,99723,100,100438,100,99631,200,100509,100,99330,100,100623,100,99274,100,100771,100,99208,100,100914,100,99173,100
2019-06-28 10:05:40.000000000,100108,378,100047,478,100133,100,100041,200,100135,100,100035,30,100392,100,99961,300,100418,100,99723,100,100438,100,99631,200,100509,100,99330,100,100623,100,99274,100,100771,100,99208,100,100914,100,99173,100
2019-06-28 10:05:50.000000000,100108,378,100047,478,100133,100,100041,200,100135,100,100035,30,100392,100,99961,300,100418,100,99723,100,100438,100,99631,200,100509,100,99330,100,100623,100,99274,100,100771,100,99208,100,100914,100,99173,100
2019-06-28 10:05:50.259007240,100108,378,100047,478,100133,100,100041,100,100135,100,100035,30,100392,100,99961,300,100418,100,99723,100,100438,100,99631,200,100509,100,99330,100,100623,100,99274,100,100771,100,99208,100,100914,100,99173,100
2019-06-28 10:06:00.000000000,100108,156,100047,256,100133,156,100041,156,100135,156,100035,86,100392,156,99961,356,100418,156,99723,156,100438,100,99631,200,100509,100,99330,100,100623,100,99274,100,100771,100,99208,100,100914,100,99173,100
2019-06-28 10:06:00.058773369,100108,156,100047,256,100133,156,100041,156,100135,156,100035,86,100392,156,99961,356,100418,156,99723,156,100438,100,99631,200,100509,100,99330,100,100623,100,99274,100,100771,100,99208,100,101173,100,99173,100
2019-06-28 10:06:10.000000000,100108,378,100047,478,100133,100,100041,100,100135,100,100035,30,100392,100,99961,300,100418,100,99723,100,100438,100,99631,200,100509,100,99330,100,100623,100,99274,100,100771,100,99208,100,101173,100,99173,100
2019-06-28 10:06:20.000000000,100108,170,100047,270,100133,170,100041,170,100135,170,100035,100,100392,170,99961,370,100418,100,99723,100,100438,100,99631,200,100509,100,99330,100,100623,100,99274,100,100771,100,99208,100,101173,100,99173,100
2019-06-28 10:06:30.000000000,100108,170,100047,270,100133,170,100041,170,100135,170,100035,100,100392,170,99961,370,100418,100,99723,100,100438,100,99631,200,100509,100,99330,100,100623,100,99274,100,100771,100,99208,100,101173,100,99173,100
2019-06-28 10:06:40.000000000,100108,239,100047,339,100133,239,100041,239,100135,100,100035,30,100392,100,99961,300,100418,100,99723,100,100438,100,99631,200,100509,100,99330,100,100623,100,99274,100,100771,100,99208,100,101173,100,99173,100
2019-06-28 10:06:41.371538163,100108,239,100047,339,100133,239,100041,239,100135,100,100035,30,100392,100,99961,300,100418,100,99723,100,100438,100,99631,200,100509,100,99330,100,100623,100,99274,100,100771,100,99208,100,101098,100,99142,100
2019-06-28 10:06:46.526394779,100108,139,100047,339,100133,239,100041,239,100135,100,100035,30,100392,100,99961,300,100418,100,99723,100,100438,100,99631,200,100509,100,99330,100,100623,100,99274,100,100771,100,99208,100,101098,100,99142,100
2019-06-28 10:06:50.000000000,100133,239,100047,339,100135,239,100041,239,100392,100,100035,30,100418,100,99961,300,100438,100,99723,100,100509,100,99631,200,100623,100,99330,100,100771,100,99274,100,101098,100,99208,100,101173,100,99142,100
2019-06-28 10:07:00.000000000,100133,170,100047,270,100135,170,100041,170,100392,170,100035,100,100418,170,99961,370,100438,100,99723,100,100509,100,99631,200,100623,100,99330,100,100771,100,99274,100,101098,100,99208,100,101173,100,99142,100
2019-06-28 10:07:06.203040700,100133,170,100098,100,100135,170,100047,270,100392,170,100041,170,100418,170,100035,100,100438,100,99961,370,100509,100,99723,100,100623,100,99631,200,100771,100,99330,100,101098,100,99274,100,101173,100,99208,100
2019-06-28 10:07:09.193545877,100133,70,100098,100,100135,170,100047,270,100392,170,100041,170,100418,170,100035,100,100438,100,99961,370,100509,100,99723,100,100623,100,99631,200,100771,100,99330,100,101098,100,99274,100,101173,100,99208,100
2019-06-28 10:07:10.000000000,100135,239,100098,239,100392,239,100047,339,100418,100,100041,100,100438,100,100035,30,100509,100,99961,300,100623,100,99723,100,100771,100,99631,200,101098,100,99330,100,101173,100,99274,100,,,99208,100
2019-06-28 10:07:20.000000000,100135,195,100098,195,100392,192,100047,292,100418,192,100041,192,100438,100,100035,30,100509,100,99961,300,100623,100,99723,100,100771,100,99631,200,101098,100,99330,100,101173,100,99274,100,,,99208,100
2019-06-28 10:07:23.329954619,100135,95,100098,195,100392,192,100047,292,100418,192,100041,192,100438,100,100035,30,100509,100,99961,300,100623,100,99723,100,100771,100,99631,200,101098,100,99330,100,101173,100,99274,100,,,99208,100
2019-06-28 10:07:30.000000000,100392,239,100098,239,100418,239,100047,339,100438,100,100041,100,100509,100,100035,30,100623,100,99961,300,100771,100,99723,100,101098,100,99631,200,101173,100,99330,100,,,99274,100,,,99208,100
2019-06-28 10:07:30.777726091,100392,139,100098,239,100418,239,100047,339,100438,100,100041,100,100509,100,100035,30,100623,100,99961,300,100771,100,99723,100,101098,100,99631,200,101173,100,99330,100,,,99274,100,,,99208,100
2019-06-28 10:07:40.000000000,100418,239,100098,239,100438,239,100047,339,100509,100,100041,100,100623,100,100035,30,100771,100,99961,300,101098,100,99723,100,101173,100,99631,200,,,99330,100,,,99274,100,,,99208,100
2019-06-28 10:07:43.157237678,100418,39,100098,239,100438,239,100047,339,100509,100,100041,100,100623,100,100035,30,100771,100,99961,300,101098,100,99723,100,101173,100,99631,200,,,99330,100,,,99274,100,,,99208,100
2019-06-28 10:07:50.000000000,100438,170,100098,170,100509,170,100047,270,100623,170,100041,170,100771,170,100035,100,101098,100,99961,300,101173,100,99723,100,,,99631,200,,,99330,100,,,99274,100,,,99208,100
2019-06-28 10:07:58.053479177,100438,170,100098,170,100509,170,100047,270,100623,170,100041,170,100771,170,100035,100,101098,100,99961,300,101173,100,99723,100,101212,100,99631,200,,,99330,100,,,99274,100,,,99208,100
2019-06-28 10:08:00.000000000,100438,195,100098,195,100509,192,100047,292,100623,192,100041,192,100771,100,100035,30,101098,100,99961,300,101173,100,99723,100,101212,100,99631,200,,,99330,100,,,99274,100,,,99208,100
2019-06-28 10:08:01.889164318,100438,195,100098,195,100509,192,100047,292,100623,192,100041,192,100771,100,100035,30,101098,100,99961,300,101173,100,99723,100,101212,100,99631,200,101239,100,99330,100,,,99274,100,,,99208,100
2019-06-28 10:08:10.000000000,100438,378,100098,378,100509,100,100047,200,100623,100,100041,100,100771,100,100035,30,101098,100,99961,300,101173,100,99723,100,101212,100,99631,200,101239,100,99330,100,,,99274,100,,,99208,100
2019-06-28 10:08:10.403180612,100438,378,100392,100,100509,100,100098,378,100623,100,100047,200,100771,100,100041,100,101098,100,100035,30,101173,100,99961,300,101212,100,99723,100,101239,100,99631,200,,,99330,100,,,99274,100
2019-06-28 10:08:11.342179305,100438,378,100392,100,100509,100,100098,378,100623,100,100047,200,100771,100,100041,100,101098,100,100035,30,101173,100,99961,300,101194,100,99723,100,101212,100,99631,200,101239,100,99330,100,,,99274,100
2019-06-28 10:08:20.000000000,100438,378,100392,378,100509,100,100098,100,100623,100,100047,200,100771,100,100041,100,101098,100,100035,30,101173,100,99961,300,101194,100,99723,100,101212,100,99631,200,101239,100,99330,100,,,99274,100
2019-06-28 10:08:30.000000000,100438,195,100392,195,100509,192,100098,192,100623,192,100047,292,100771,100,100041,100,101098,100,100035,30,101173,100,99961,300,101194,100,99723,100,101212,100,99631,200,101239,100,99330,100,,,99274,100
2019-06-28 10:08:31.167463940,100438,95,100392,195,100509,192,100098,192,100623,192,100047,292,100771,100,100041,100,101098,100,100035,30,101194,100,99961,300,101212,100,99723,100,101239,100,99631,200,,,99330,100,,,99274,100
2019-06-28 10:08:40.000000000,100509,156,100392,156,100623,156,100098,156,100771,156,100047,256,101098,156,100041,156,101194,156,100035,86,101212,100,99961,300,101239,100,99723,100,,,99631,200,,,99330,100,,,99274,100
2019-06-28 10:08:50.000000000,100509,156,100392,156,100623,156,100098,156,100771,156,100047,256,101098,156,100041,156,101194,156,100035,86,101212,100,99961,300,101239,100,99723,100,,,99631,200,,,99330,100,,,99274,100
2019-06-28 10:09:00.000000000,100509,239,100392,239,100623,239,100098,239,100771,100,100047,200,101098,100,100041,100,101194,100,100035,30,101212,100,99961,300,101239,100,99723,100,,,99631,200,,,99330,100,,,99274,100
2019-06-28 10:09:10.000000000,100509,156,100392,156,100623,156,100098,156,100771,156,100047,256,101098,156,100041,156,101194,156,100035,86,101212,100,99961,300,101239,100,99723,100,,,99631,200,,,99330,100,,,99274,100
2019-06-28 10:09:20.000000000,100509,195,100392,195,100623,192,100098,192,100771,192,100047,292,101098,100,100041,100,101194,100,100035,30,101212,100,99961,300,101239,100,99723,100,,,99631,200,,,99330,100,,,99274,100
2019-06-28 10:09:30.000000000,100509,378,100392,378,100623,100,100098,100,100771,100,100047,200,101098,100,100041,100,101194,100,100035,30,101212,100,99961,300,101239,100,99723,100,,,99631,200,,,99330,100,,,99274,100
2019-06-28 10:09:40.000000000,100509,195,100392,195,100623,192,100098,192,100771,192,100047,292,101098,100,100041,100,101194,100,100035,30,101212,100,99961,300,101239,100,99723,100,,,99631,200,,,99330,100,,,99274,100
2019-06-28 10:09:44.390040687,100509,95,100392,195,100623,192,100098,192,100771,192,100047,292,101098,100,100041,100,101194,100,100035,30,101212,100,99961,300,101239,100,99723,100,,,99631,200,,,99330,100,,,99274,100
