,ask_price_1,ask_size_1,bid_price_1,bid_size_1,ask_price_2,ask_size_2,bid_price_2,bid_size_2,ask_price_3,ask_size_3,bid_price_3,bid_size_3,ask_price_4,ask_size_4,bid_price_4,bid_size_4,ask_price_5,ask_size_5,bid_price_5,bid_size_5,ask_price_6,ask_size_6,bid_price_6,bid_size_6,ask_price_7,ask_size_7,bid_price_7,bid_size_7,ask_price_8,ask_size_8,bid_price_8,bid_size_8,ask_price_9,ask_size_9,bid_price_9,bid_size_9,ask_price_10,ask_size_10,bid_price_10,bid_size_10
2019-06-28 09:30:00.000000000,,,100012,100,,,,,,,,,,,,,,,,,,,,,,,,,,,,,,,,,,,,
2019-06-28 09:30:00.000000001,,,,,,,,,,,,,,,,,,,,,,,,,,,,,,,,,,,,,,,,
2019-06-28 09:30:00.000000004,100038,100,,,,,,,,,,,,,,,,,,,,,,,,,,,,,,,,,,,,,,
2019-06-28 09:30:00.000000005,,,,,,,,,,,,,,,,,,,,,,,,,,,,,,,,,,,,,,,,
2019-06-28 09:30:00.000000008,100179,100,,,,,,,,,,,,,,,,,,,,,,,,,,,,,,,,,,,,,,
2019-06-28 09:30:00.000000009,100179,100,100012,100,,,,,,,,,,,,,,,,,,,,,,,,,,,,,,,,,,,,
2019-06-28 09:30:00.000000011,100179,100,100012,100,,,99895,100,,,,,,,,,,,,,,,,,,,,,,,,,,,,,,,,
2019-06-28 09:30:00.000000015,100179,100,99895,100,,,,,,,,,,,,,,,,,,,,,,,,,,,,,,,,,,,,
2019-06-28 09:30:00.000000016,100038,100,99895,100,100179,100,,,,,,,,,,,,,,,,,,,,,,,,,,,,,,,,,,
2019-06-28 09:30:00.000000017,100179,100,99895,100,,,,,,,,,,,,,,,,,,,,,,,,,,,,,,,,,,,,
2019-06-28 09:30:00.000000019,100024,100,99895,100,100179,100,,,,,,,,,,,,,,,,,,,,,,,,,,,,,,,,,,
2019-06-28 09:30:00.000000020,100017,100,99895,100,100024,100,,,100179,100,,,,,,,,,,,,,,,,,,,,,,,,,,,,,,
2019-06-28 09:30:00.000000022,99975,100,99895,100,100017,100,,,100024,100,,,100179,100,,,,,,,,,,,,,,,,,,,,,,,,,,
2019-06-28 09:30:00.000000027,99975,100,99895,100,100017,100,,,100024,100,,,100179,100,,,100226,100,,,,,,,,,,,,,,,,,,,,,,
2019-06-28 09:30:00.000000034,100017,100,99975,100,100024,100,99895,100,100179,100,,,100226,100,,,,,,,,,,,,,,,,,,,,,,,,,,
2019-06-28 09:30:00.000000038,100017,100,99975,100,100024,100,99947,100,100030,100,99895,100,100179,100,99869,100,100226,100,,,,,,,,,,,,,,,,,,,,,,
2019-06-28 09:30:00.000000041,100017,100,99975,100,100024,100,99947,100,100030,100,99895,100,100089,100,99869,100,100179,100,,,100226,100,,,,,,,,,,,,,,,,,,
2019-06-28 09:30:00.000000042,100017,100,99975,100,100024,100,99954,100,100030,100,99947,100,100089,100,99895,100,100179,100,99869,100,100226,100,,,,,,,,,,,,,,,,,,
2019-06-28 09:30:00.000000043,100017,100,99975,100,100024,100,99954,100,100030,100,99947,100,100089,100,99895,100,100179,100,99882,100,100226,100,99869,100,,,,,,,,,,,,,,,,
2019-06-28 09:30:00.000000046,100017,100,99975,100,100024,100,99954,100,100030,100,99947,100,100046,100,99895,100,100051,100,99882,100,100089,100,99869,100,100136,100,,,100179,100,,,100226,100,,,,,,
2019-06-28 09:30:00.000000047,100017,100,99975,100,100024,100,99954,100,100030,100,99947,100,100046,100,99895,100,100051,100,99888,100,100089,100,99882,100,100136,100,99869,100,100179,100,,,100226,100,,,,,,
2019-06-28 09:30:00.000000049,100017,100,99975,100,100024,100,99954,100,100030,100,99947,100,100046,100,99943,100,100051,100,99895,100,100089,100,99888,100,100136,100,99882,100,100179,100,99869,100,100226,100,99793,100,,,,
2019-06-28 09:30:00.000000052,100017,100,99975,100,100024,100,99968,100,100030,100,99954,100,100046,100,99947,100,100051,100,99943,100,100089,100,99895,100,100136,100,99888,100,100179,100,99882,100,100226,100,99869,100,,,99793,100
2019-06-28 09:30:00.000000054,100017,100,99983,100,100024,100,99975,100,100030,100,99968,100,100046,100,99954,100,100051,100,99947,100,100089,100,99943,100,100136,100,99895,100,100179,100,99888,100,100226,100,99882,100,,,99869,100
2019-06-28 09:30:00.000000055,100017,100,99983,100,100024,100,99975,100,100030,100,99968,100,100046,100,99954,100,100051,100,99947,100,100089,100,99943,100,100136,100,99926,100,100179,100,99895,100,100226,100,99888,100,,,99882,100
2019-06-28 09:30:00.000000056,100017,100,100016,100,100024,100,99983,100,100030,100,99975,100,100046,100,99968,100,100051,100,99954,100,100089,100,99947,100,100136,100,99943,100,100179,100,99926,100,100226,100,99895,100,,,99888,100
2019-06-28 09:30:00.000000058,100017,100,100016,100,100024,100,99983,100,100030,100,99975,200,100046,100,99968,100,100051,100,99954,100,100089,100,99947,100,100136,100,99943,100,100179,100,99926,100,100226,100,99895,100,,,99888,100
2019-06-28 09:30:00.000000059,100017,100,100016,100,100024,100,99983,100,100030,100,99975,200,100046,100,99968,100,100051,100,99954,100,100089,100,99947,100,100136,100,99943,100,100179,100,99926,100,100226,100,99895,100,,,99888,200
2019-06-28 09:30:00.000000062,100017,100,100016,100,100024,100,99983,100,100030,100,99975,200,100046,100,99968,100,100051,100,99954,100,100089,100,99947,100,100136,100,99943,100,100179,100,99929,100,100226,100,99926,100,,,99895,100
2019-06-28 09:30:00.000000064,100017,100,99996,100,100024,100,99983,100,100026,100,99975,200,100030,100,99968,100,100046,100,99954,100,100051,100,99947,100,100089,100,99943,100,100136,100,99929,100,100179,100,99926,100,100226,100,99895,100
2019-06-28 09:30:00.000000065,100017,100,99996,100,100024,100,99983,100,100026,100,99975,200,100030,100,99968,100,100046,100,99954,100,100051,100,99947,100,100089,100,99943,100,100136,100,99929,100,100179,100,99926,100,100226,100,99895,100
2019-06-28 09:30:00.000000066,100017,100,99996,100,100024,100,99983,100,100026,100,99975,200,100030,100,99968,100,100046,100,99954,100,100051,100,99947,100,100089,100,99943,100,100136,100,99929,100,100179,100,99926,100,100226,100,99895,200
2019-06-28 09:30:00.000000069,100017,100,99996,100,100024,100,99983,100,100026,100,99975,200,100030,100,99968,100,100046,100,99954,100,100051,100,99947,100,100089,100,99943,100,100136,100,99929,100,100179,100,99926,100,100226,100,99895,200
2019-06-28 09:30:00.000000070,100017,100,99996,100,100024,100,99983,100,100026,100,99975,200,100030,100,99968,100,100046,100,99954,100,100051,100,99947,100,100089,100,99943,100,100134,100,99929,100,100136,100,99926,100,100179,100,99895,200
2019-06-28 09:30:00.000000072,100017,100,99996,100,100024,100,99983,100,100026,100,99975,200,100030,100,99968,100,100046,100,99954,100,100051,100,99947,100,100089,100,99943,100,100112,100,99929,100,100134,100,99926,100,100136,100,99895,200
2019-06-28 09:30:00.000000073,100017,100,100010,100,100024,100,99996,100,100026,100,99983,100,100030,100,99975,200,100046,100,99968,100,100051,100,99954,100,100089,100,99947,100,100112,100,99943,100,100134,100,99929,100,100136,100,99926,100
2019-06-28 09:30:00.000000074,100017,100,100010,100,100024,100,99996,100,100026,100,99983,100,100030,100,99975,200,100032,100,99968,100,100046,100,99954,100,100051,100,99947,100,100089,100,99943,100,100112,100,99929,100,100134,100,99926,100
2019-06-28 09:30:00.000000075,100017,100,100010,100,100024,100,99996,100,100026,100,99983,100,100030,100,99975,200,100032,100,99968,100,100041,100,99954,100,100046,100,99947,100,100051,100,99943,100,100089,100,99929,100,100112,100,99926,100
2019-06-28 09:30:00.000000078,100024,100,100010,100,100026,100,99996,100,100030,100,99983,100,100032,100,99975,200,100041,100,99968,100,100046,100,99954,100,100051,100,99951,100,100089,100,99947,100,100112,100,99943,100,100134,100,99929,100
2019-06-28 09:30:00.000000079,100024,100,100010,100,100026,100,99996,100,100030,100,99983,100,100032,100,99975,200,100041,100,99968,100,100046,100,99954,100,100051,100,99951,100,100083,100,99947,100,100089,100,99943,100,100112,100,99929,100
2019-06-28 09:30:00.000000080,100024,100,100010,100,100026,100,99996,100,100030,100,99983,100,100032,100,99975,200,100041,100,99968,100,100046,100,99954,100,100051,100,99951,100,100083,100,99947,100,100089,100,99943,100,100106,100,99929,100
2019-06-28 09:30:00.000000083,100021,100,100010,100,100024,100,99996,100,100026,100,99983,100,100030,100,99975,200,100032,100,99968,100,100041,100,99954,100,100046,100,99951,100,100051,100,99947,100,100083,100,99943,100,100089,100,99929,100
2019-06-28 09:30:00.000000087,100021,100,100010,100,100024,100,99996,100,100026,100,99983,100,100030,100,99975,200,100032,100,99968,100,100041,100,99954,100,100046,100,99951,100,100051,100,99947,100,100061,100,99943,100,100083,100,99929,100
2019-06-28 09:30:00.000000092,100021,100,100010,100,100024,100,99996,100,100026,100,99983,100,100030,100,99975,200,100032,100,99968,100,100041,100,99954,100,100046,100,99951,100,100051,100,99947,100,100061,100,99943,100,100072,100,99929,100
2019-06-28 09:30:00.000000094,100015,100,99996,100,100021,100,99983,100,100024,100,99975,200,100026,100,99968,100,100030,100,99954,100,100032,100,99951,100,100041,100,99947,100,100046,100,99943,100,100051,100,99929,100,100061,100,99926,100
2019-06-28 09:30:00.000000097,100015,100,99996,100,100021,100,99983,100,100024,100,99975,200,100026,100,99968,100,100030,100,99954,100,100032,100,99951,100,100041,100,99947,100,100046,100,99943,100,100051,100,99929,100,100061,100,99926,100
2019-06-28 09:30:10.000000000,100015,161,99996,161,100021,161,99983,161,100024,161,99975,261,100026,161,99968,161,100030,161,99954,161,100032,100,99951,100,100041,100,99947,100,100046,100,99943,100,100051,100,99929,100,100061,100,99926,100
2019-06-28 09:30:11.971176362,100015,161,100010,100,100021,161,99996,161,100024,161,99983,161,100026,161,99975,261,100030,161,99968,161,100032,100,99954,161,100041,100,99951,100,100046,100,99947,100,100051,100,99943,100,100061,100,99929,100
2019-06-28 09:30:20.000000000,100015,252,100010,252,100021,252,99996,252,100024,100,99983,100,100026,100,99975,200,100030,100,99968,100,100032,100,99954,100,100041,100,99951,100,100046,100,99947,100,100051,100,99943,100,100061,100,99929,100
2019-06-28 09:30:23.082777468,100015,252,100010,252,100021,252,99996,252,100024,100,99983,100,100026,100,99975,200,100030,100,99968,100,100032,100,99951,100,100041,100,99947,100,100046,100,99943,100,100051,100,99929,100,100061,100,99926,100
2019-06-28 09:30:30.000000000,100015,161,100010,161,100021,161,99996,161,100024,161,99983,161,100026,161,99975,261,100030,161,99968,161,100032,100,99951,100,100041,100,99947,100,100046,100,99943,100,100051,100,99929,100,100061,100,99926,100
2019-06-28 09:30:40.000000000,100015,176,100010,176,100021,176,99996,176,100024,176,99983,176,100026,176,99975,276,100030,100,99968,100,100032,100,99951,100,100041,100,99947,100,100046,100,99943,100,100051,100,99929,100,100061,100,99926,100
2019-06-28 09:30:48.168047950,100015,176,100010,176,100021,176,99996,176,100024,176,99983,176,100026,176,99975,276,100030,100,99968,100,100041,100,99951,100,100046,100,99947,100,100051,100,99943,100,100061,100,99929,100,100072,100,99926,100
2019-06-28 09:30:48.631081464,100015,176,100010,176,100021,176,99996,176,100024,176,99983,176,100026,176,99975,276,100030,100,99968,100,100041,100,99951,100,100046,100,99947,100,100051,100,99943,100,100061,100,99929,100,100072,100,99926,100
2019-06-28 09:30:50.000000000,100015,203,100010,203,100021,200,99996,200,100024,200,99983,200,100026,100,99975,200,100030,100,99968,100,100041,100,99951,100,100046,100,99947,100,100051,100,99943,100,100061,100,99929,100,100072,100,99926,100
2019-06-28 09:31:00.000000000,100015,203,100010,203,100021,200,99996,200,100024,200,99983,200,100026,100,99975,200,100030,100,99968,100,100041,100,99951,100,100046,100,99947,100,100051,100,99943,100,100061,100,99929,100,100072,100,99926,100
2019-06-28 09:31:10.000000000,100015,203,100010,203,100021,200,99996,200,100024,200,99983,200,100026,100,99975,200,100030,100,99968,100,100041,100,99951,100,100046,100,99947,100,100051,100,99943,100,100061,100,99929,100,100072,100,99926,100
2019-06-28 09:31:20.000000000,100015,252,100010,252,100021,252,99996,252,100024,100,99983,100,100026,100,99975,200,100030,100,99968,100,100041,100,99951,100,100046,100,99947,100,100051,100,99943,100,100061,100,99929,100,100072,100,99926,100
2019-06-28 09:31:30.000000000,100015,203,100010,203,100021,200,99996,200,100024,200,99983,200,100026,100,99975,200,100030,100,99968,100,100041,100,99951,100,100046,100,99947,100,100051,100,99943,100,100061,100,99929,100,100072,100,99926,100
2019-06-28 09:31:40.000000000,100015,404,100010,404,100021,100,99996,100,100024,100,99983,100,100026,100,99975,200,100030,100,99968,100,100041,100,99951,100,100046,100,99947,100,100051,100,99943,100,100061,100,99929,100,100072,100,99926,100
2019-06-28 09:31:49.729927453,100015,404,100010,404,100021,100,99996,100,100024,100,99983,100,100026,100,99975,200,100030,100,99968,100,100041,100,99951,100,100046,100,99947,100,100051,100,99943,100,100061,100,99929,100,100072,100,99926,100
2019-06-28 09:31:50.000000000,100015,203,100010,203,100021,200,99996,200,100024,200,99983,200,100026,100,99975,200,100030,100,99968,100,100041,100,99951,100,100046,100,99947,100,100051,100,99943,100,100061,100,99929,100,100072,100,99926,100
2019-06-28 09:32:00.000000000,100015,404,100010,404,100021,100,99996,100,100024,100,99983,100,100026,100,99975,200,100030,100,99968,100,100041,100,99951,100,100046,100,99947,100,100051,100,99943,100,100061,100,99929,100,100072,100,99926,100
2019-06-28 09:32:10.000000000,100015,161,100010,161,100021,161,99996,161,100024,161,99983,161,100026,161,99975,261,100030,161,99968,161,100041,100,99951,100,100046,100,99947,100,100051,100,99943,100,100061,100,99929,100,100072,100,99926,100
2019-06-28 09:32:14.350479806,100015,161,100010,161,100021,161,99996,161,100024,161,99983,161,100026,161,99975,261,100030,161,99968,161,100041,100,99951,100,100046,100,99947,100,100051,100,99943,100,100061,100,99929,100,100072,100,99926,100
2019-06-28 09:32:16.098423875,100015,161,100010,161,100021,161,99996,161,100024,161,99983,161,100026,161,99975,261,100030,161,99968,161,100041,100,99951,100,100046,100,99947,100,100051,100,99943,100,100061,100,99929,100,100072,100,99926,100
2019-06-28 09:32:20.000000000,100015,161,100010,161,100021,161,99996,161,100024,161,99983,161,100026,161,99975,261,100030,161,99968,161,100041,100,99951,100,100046,100,99947,100,100051,100,99943,100,100061,100,99929,100,100072,100,99926,100
2019-06-28 09:32:30.000000000,100015,404,100010,404,100021,100,99996,100,100024,100,99983,100,100026,100,99975,200,100030,100,99968,100,100041,100,99951,100,100046,100,99947,100,100051,100,99943,100,100061,100,99929,100,100072,100,99926,100
2019-06-28 09:32:40.000000000,100015,252,100010,252,100021,252,99996,252,100024,100,99983,100,100026,100,99975,200,100030,100,99968,100,100041,100,99951,100,100046,100,99947,100,100051,100,99943,100,100061,100,99929,100,100072,100,99926,100
2019-06-28 09:32:50.000000000,100015,203,100010,203,100021,200,99996,200,100024,200,99983,200,100026,100,99975,200,100030,100,99968,100,100041,100,99951,100,100046,100,99947,100,100051,100,99943,100,100061,100,99929,100,100072,100,99926,100
2019-06-28 09:32:59.874199688,100015,203,100010,203,100021,100,99996,200,100024,200,99983,200,100026,100,99975,200,100030,100,99968,100,100041,100,99951,100,100046,100,99947,100,100051,100,99943,100,100061,100,99929,100,100072,100,99926,100
2019-06-28 09:33:00.000000000,100015,203,100010,203,100024,200,99996,200,100026,200,99983,200,100030,100,99975,200,100041,100,99968,100,100046,100,99951,100,100051,100,99947,100,100061,100,99943,100,100072,100,99929,100,100083,100,99926,100
2019-06-28 09:33:07.402907199,100015,203,100010,303,100024,200,99996,200,100026,200,99983,200,100030,100,99975,200,100041,100,99968,100,100046,100,99951,100,100051,100,99947,100,100061,100,99943,100,100072,100,99929,100,100083,100,99926,100
2019-06-28 09:33:10.000000000,100015,404,100010,504,100024,100,99996,100,100026,100,99983,100,100030,100,99975,200,100041,100,99968,100,100046,100,99951,100,100051,100,99947,100,100061,100,99943,100,100072,100,99929,100,100083,100,99926,100
2019-06-28 09:33:10.552613223,100015,304,100010,504,100024,100,99996,100,100026,100,99983,100,100030,100,99975,200,100041,100,99968,100,100046,100,99951,100,100051,100,99947,100,100061,100,99943,100,100072,100,99929,100,100083,100,99926,100
2019-06-28 09:33:20.000000000,100024,161,100010,261,100026,161,99996,161,100030,161,99983,161,100041,161,99975,261,100046,161,99968,161,100051,100,99951,100,100061,100,99947,100,100072,100,99943,100,100083,100,99929,100,100089,100,99926,100
2019-06-28 09:33:20.122330182,100024,61,100010,261,100026,161,99996,161,100030,161,99983,161,100041,161,99975,261,100046,61,99968,161,100051,100,99951,100,100061,100,99947,100,100072,100,99943,100,100083,100,99929,100,100089,100,99926,100
2019-06-28 09:33:21.606142877,100024,61,100010,261,100026,161,99996,161,100030,161,99983,161,100041,161,99975,261,100046,61,99968,161,100051,100,99951,100,100061,100,99947,100,100072,100,99943,100,100083,100,99929,100,100089,100,99926,100
2019-06-28 09:33:30.000000000,100026,161,100010,261,100030,161,99996,161,100041,161,99983,161,100051,161,99975,261,100061,161,99968,161,100072,100,99951,100,100083,100,99947,100,100089,100,99943,100,100112,100,99929,100,100117,100,99926,100
2019-06-28 09:33:40.000000000,100026,161,100010,261,100030,161,99996,161,100041,161,99983,161,100051,161,99975,261,100061,161,99968,161,100072,100,99951,100,100083,100,99947,100,100089,100,99943,100,100112,100,99929,100,100117,100,99926,100
2019-06-28 09:33:42.895267271,100026,61,100010,261,100030,161,99996,161,100041,161,99983,61,100051,161,99975,261,100061,161,99968,161,100072,100,99951,100,100083,100,99947,100,100089,100,99943,100,100112,100,99929,100,100117,100,99926,100
2019-06-28 09:33:50.000000000,100030,252,100010,352,100041,252,99996,252,100051,100,99975,200,100061,100,99968,100,100072,100,99951,100,100083,100,99947,100,100089,100,99943,100,100112,100,99929,100,100117,100,99926,100,100134,100,99895,200
2019-06-28 09:34:00.000000000,100030,176,100010,276,100041,176,99996,176,100051,176,99975,276,100061,176,99968,176,100072,100,99951,100,100083,100,99947,100,100089,100,99943,100,100112,100,99929,100,100117,100,99926,100,100134,100,99895,200
2019-06-28 09:34:10.000000000,100030,252,100010,352,100041,252,99996,252,100051,100,99975,200,100061,100,99968,100,100072,100,99951,100,100083,100,99947,100,100089,100,99943,100,100112,100,99929,100,100117,100,99926,100,100134,100,99895,200
2019-06-28 09:34:20.000000000,100030,161,100010,261,100041,161,99996,161,100051,161,99975,261,100061,161,99968,161,100072,161,99951,161,100083,100,99947,100,100089,100,99943,100,100112,100,99929,100,100117,100,99926,100,100134,100,99895,200
2019-06-28 09:34:30.000000000,100030,252,100010,352,100041,252,99996,252,100051,100,99975,200,100061,100,99968,100,100072,100,99951,100,100083,100,99947,100,100089,100,99943,100,100112,100,99929,100,100117,100,99926,100,100134,100,99895,200
2019-06-28 09:34:31.569825698,100030,152,100010,352,100041,252,99996,252,100051,100,99975,200,100061,100,99968,100,100072,100,99951,100,100083,100,99947,100,100089,100,99943,100,100112,100,99929,100,100117,100,99926,100,100134,100,99895,200
2019-06-28 09:34:33.315946859,100030,152,100024,100,100041,252,100010,352,100051,100,99996,252,100061,100,99975,200,100072,100,99968,100,100083,100,99951,100,100089,100,99947,100,100112,100,99943,100,100117,100,99929,100,100134,100,99926,100
2019-06-28 09:34:40.000000000,100041,203,100024,203,100051,200,100010,300,100061,200,99996,200,100072,100,99975,200,100083,100,99968,100,100089,100,99951,100,100112,100,99947,100,100117,100,99943,100,100134,100,99929,100,100143,100,99926,100
2019-06-28 09:34:50.000000000,100041,252,100024,252,100051,252,100010,352,100061,100,99996,100,100072,100,99975,200,100083,100,99968,100,100089,100,99951,100,100112,100,99947,100,100117,100,99943,100,100134,100,99929,100,100143,100,99926,100
2019-06-28 09:34:52.760109418,100041,152,100024,252,100051,252,100010,352,100061,100,99996,100,100072,100,99975,200,100083,100,99968,100,100089,100,99951,100,100112,100,99947,100,100117,100,99943,100,100134,100,99929,100,100143,100,99926,100
2019-06-28 09:35:00.000000000,100051,252,100024,252,100061,252,100010,352,100072,100,99996,100,100083,100,99975,200,100089,100,99968,100,100112,100,99951,100,100117,100,99947,100,100134,100,99943,100,100143,100,99929,100,100179,100,99926,100
2019-06-28 09:35:02.642505399,100051,252,100024,252,100061,252,100010,352,100083,100,99996,100,100089,100,99975,200,100112,100,99968,100,100117,100,99951,100,100134,100,99947,100,100143,100,99943,100,100179,100,99929,100,100283,100,99926,100
2019-06-28 09:35:10.000000000,100051,404,100024,404,100061,100,100010,200,100083,100,99996,100,100089,100,99975,200,100112,100,99968,100,100117,100,99951,100,100134,100,99947,100,100143,100,99943,100,100179,100,99929,100,100283,100,99926,100
2019-06-28 09:35:10.295064070,100051,404,100024,404,100061,100,100010,200,100083,100,99996,100,100089,100,99975,200,100112,100,99968,100,100117,100,99951,100,100134,100,99947,100,100143,100,99943,100,100179,100,99929,100,100283,100,99926,100
2019-06-28 09:35:20.000000000,100051,161,100024,161,100061,161,100010,261,100083,161,99996,161,100089,161,99975,261,100112,161,99968,161,100117,100,99951,100,100134,100,99947,100,100143,100,99943,100,100179,100,99929,100,100283,100,99926,100
2019-06-28 09:35:30.000000000,100051,404,100024,404,100061,100,100010,200,100083,100,99996,100,100089,100,99975,200,100112,100,99968,100,100117,100,99951,100,100134,100,99947,100,100143,100,99943,100,100179,100,99929,100,100283,100,99926,100
2019-06-28 09:35:40.000000000,100051,176,100024,176,100061,176,100010,276,100083,176,99996,176,100089,176,99975,276,100112,100,99968,100,100117,100,99951,100,100134,100,99947,100,100143,100,99943,100,100179,100,99929,100,100283,100,99926,100
2019-06-28 09:35:50.000000000,100051,404,100024,404,100061,100,100010,200,100083,100,99996,100,100089,100,99975,200,100112,100,99968,100,100117,100,99951,100,100134,100,99947,100,100143,100,99943,100,100179,100,99929,100,100283,100,99926,100
2019-06-28 09:36:00.000000000,100051,161,100024,161,100061,161,100010,261,100083,161,99996,161,100089,161,99975,261,100112,161,99968,161,100117,100,99951,100,100134,100,99947,100,100143,100,99943,100,100179,100,99929,100,100283,100,99926,100
2019-06-28 09:36:00.248573065,100051,161,100024,161,100061,161,100010,261,100083,161,99996,161,100089,161,99975,261,100112,161,99968,161,100117,100,99951,100,100134,100,99947,100,100143,100,99943,100,100179,100,99929,100,100283,100,99926,100
2019-06-28 09:36:10.000000000,100051,252,100024,252,100061,252,100010,352,100083,100,99996,100,100089,100,99975,200,100112,100,99968,100,100117,100,99951,100,100134,100,99947,100,100143,100,99943,100,100179,100,99929,100,100283,100,99926,100
2019-06-28 09:36:20.000000000,100051,161,100024,161,100061,161,100010,261,100083,161,99996,161,100089,161,99975,261,100112,161,99968,161,100117,100,99951,100,100134,100,99947,100,100143,100,99943,100,100179,100,99929,100,100283,100,99926,100
2019-06-28 09:36:30.000000000,100051,404,100024,404,100061,100,100010,200,100083,100,99996,100,100089,100,99975,200,100112,100,99968,100,100117,100,99951,100,100134,100,99947,100,100143,100,99943,100,100179,100,99929,100,100283,100,99926,100
2019-06-28 09:36:40.000000000,100051,176,100024,176,100061,176,100010,276,100083,176,99996,176,100089,176,99975,276,100112,100,99968,100,100117,100,99951,100,100134,100,99947,100,100143,100,99943,100,100179,100,99929,100,100283,100,99926,100
2019-06-28 09:36:50.000000000,100051,404,100024,404,100061,100,100010,200,100083,100,99996,100,100089,100,99975,200,100112,100,99968,100,100117,100,99951,100,100134,100,99947,100,100143,100,99943,100,100179,100,99929,100,100283,100,99926,100
2019-06-28 09:37:00.000000000,100051,176,100024,176,100061,176,100010,276,100083,176,99996,176,100089,176,99975,276,100112,100,99968,100,100117,100,99951,100,100134,100,99947,100,100143,100,99943,100,100179,100,99929,100,100283,100,99926,100
2019-06-28 09:37:01.934187167,100025,100,100024,176,100051,176,100010,276,100061,176,99996,176,100083,176,99975,276,100089,176,99968,100,100112,100,99951,100,100117,100,99947,100,100134,100,99943,100,100143,100,99929,100,100179,100,99926,100
2019-06-28 09:37:03.796506420,100025,100,100024,76,100051,176,100010,276,100061,176,99996,176,100083,176,99975,276,100089,176,99968,100,100117,100,99951,100,100134,100,99947,100,100143,100,99943,100,100179,100,99929,100,100283,100,99926,100
2019-06-28 09:37:08.846162883,100025,100,100024,76,100051,176,100010,276,100061,176,99996,176,100083,176,99975,276,100089,176,99968,100,100117,100,99951,100,100134,100,99947,100,100143,100,99943,100,100283,100,99929,100,100699,100,99926,100
2019-06-28 09:37:10.000000000,100025,252,100010,352,100051,252,99996,252,100061,100,99975,200,100083,100,99968,100,100089,100,99951,100,100117,100,99947,100,100134,100,99943,100,100143,100,99929,100,100283,100,99926,100,100699,100,99895,200
2019-06-28 09:37:20.000000000,100025,176,100010,276,100051,176,99996,176,100061,176,99975,276,100083,176,99968,176,100089,100,99951,100,100117,100,99947,100,100134,100,99943,100,100143,100,99929,100,100283,100,99926,100,100699,100,99895,200
2019-06-28 09:37:30.000000000,100025,404,100010,504,100051,100,99996,100,100061,100,99975,200,100083,100,99968,100,100089,100,99951,100,100117,100,99947,100,100134,100,99943,100,100143,100,99929,100,100283,100,99926,100,100699,100,99895,200
2019-06-28 09:37:40.000000000,100025,203,100010,303,100051,200,99996,200,100061,200,99975,300,100083,100,99968,100,100089,100,99951,100,100117,100,99947,100,100134,100,99943,100,100143,100,99929,100,100283,100,99926,100,100699,100,99895,200
2019-06-28 09:37:40.541554656,100025,203,100010,303,100051,200,99996,200,100061,200,99975,300,100083,100,99968,100,100089,100,99951,100,100117,100,99943,100,100134,100,99929,100,100143,100,99926,100,100283,100,99895,200,100699,100,99893,100
2019-06-28 09:37:48.856348238,100025,203,100010,203,100051,200,99996,200,100061,200,99975,300,100083,100,99968,100,100089,100,99951,100,100117,100,99943,100,100134,100,99929,100,100143,100,99926,100,100283,100,99895,200,100699,100,99893,100
2019-06-28 09:37:50.000000000,100025,176,100010,176,100051,176,99996,176,100061,176,99975,276,100083,176,99968,176,100089,100,99951,100,100117,100,99943,100,100134,100,99929,100,100143,100,99926,100,100283,100,99895,200,100699,100,99893,100
2019-06-28 09:38:00.000000000,100025,252,100010,252,100051,252,99996,252,100061,100,99975,200,100083,100,99968,100,100089,100,99951,100,100117,100,99943,100,100134,100,99929,100,100143,100,99926,100,100283,100,99895,200,100699,100,99893,100
2019-06-28 09:38:00.684937965,100025,252,100010,252,100051,252,99996,252,100061,100,99975,200,100083,100,99968,100,100089,100,99951,100,100117,100,99943,100,100134,100,99929,100,100143,100,99926,100,100283,100,99895,200,100699,100,99893,100
2019-06-28 09:38:10.000000000,100025,161,100010,161,100051,161,99996,161,100061,161,99975,261,100083,161,99968,161,100089,161,99951,161,100117,100,99943,100,100134,100,99929,100,100143,100,99926,100,100283,100,99895,200,100699,100,99893,100
2019-06-28 09:38:12.089369946,100025,161,100010,161,100051,161,99996,61,100061,161,99975,261,100083,161,99968,161,100089,161,99951,161,100117,100,99943,100,100134,100,99929,100,100143,100,99926,100,100283,100,99895,200,100699,100,99893,100
2019-06-28 09:38:20.000000000,100025,203,100010,203,100051,200,99975,300,100061,200,99968,200,100083,100,99951,100,100089,100,99943,100,100117,100,99929,100,100134,100,99926,100,100143,100,99895,200,100283,100,99893,100,100699,100,99878,100
2019-06-28 09:38:23.402851511,100025,203,100010,103,100051,200,99975,300,100061,200,99968,200,100083,100,99951,100,100089,100,99943,100,100117,100,99929,100,100134,100,99926,100,100143,100,99895,200,100283,100,99893,100,100699,100,99878,100
2019-06-28 09:38:24.563270221,100025,203,100010,3,100051,200,99975,300,100061,200,99968,200,100083,100,99951,100,100089,100,99943,100,100117,100,99929,100,100134,100,99926,100,100143,100,99895,200,100283,100,99893,100,100699,100,99878,100
2019-06-28 09:38:30.000000000,100025,252,99975,352,100051,252,99968,252,100061,100,99951,100,100083,100,99943,100,100089,100,99929,100,100117,100,99926,100,100134,100,99895,200,100143,100,99893,100,100283,100,99878,100,100699,100,99869,100
2019-06-28 09:38:32.227118289,100025,252,99975,352,100051,252,99968,252,100061,100,99951,100,100083,100,99943,100,100117,100,99929,100,100134,100,99926,100,100143,100,99895,200,100283,100,99893,100,100699,100,99878,100,100794,100,99869,100
2019-06-28 09:38:40.000000000,100025,176,99975,276,100051,176,99968,176,100061,176,99951,176,100083,176,99943,176,100117,100,99929,100,100134,100,99926,100,100143,100,99895,200,100283,100,99893,100,100699,100,99878,100,100794,100,99869,100
2019-06-28 09:38:50.000000000,100025,161,99975,261,100051,161,99968,161,100061,161,99951,161,100083,161,99943,161,100117,161,99929,161,100134,100,99926,100,100143,100,99895,200,100283,100,99893,100,100699,100,99878,100,100794,100,99869,100
2019-06-28 09:38:50.383170129,100025,161,99975,161,100051,161,99968,61,100061,161,99951,161,100083,161,99943,161,100117,161,99929,161,100134,100,99926,100,100143,100,99895,200,100283,100,99893,100,100699,100,99878,100,100794,100,99869,100
2019-06-28 09:38:56.054601806,100010,100,99975,161,100025,161,99968,61,100051,161,99951,161,100061,161,99943,161,100083,161,99929,161,100117,161,99926,100,100134,100,99895,200,100143,100,99893,100,100283,100,99878,100,100699,100,99869,100
2019-06-28 09:39:00.000000000,100010,176,99975,176,100025,176,99951,176,100051,176,99943,176,100061,176,99929,176,100083,100,99926,100,100117,100,99895,200,100134,100,99893,100,100143,100,99878,100,100283,100,99869,100,100699,100,99868,100
2019-06-28 09:39:10.000000000,100010,404,99975,404,100025,100,99951,100,100051,100,99943,100,100061,100,99929,100,100083,100,99926,100,100117,100,99895,200,100134,100,99893,100,100143,100,99878,100,100283,100,99869,100,100699,100,99868,100
2019-06-28 09:39:19.908748515,100010,404,99975,404,100025,100,99951,100,100051,100,99943,100,100061,100,99929,100,100083,100,99926,100,100117,100,99895,200,100134,100,99893,100,100143,100,99878,100,100283,100,99869,100,100699,100,99868,100
2019-06-28 09:39:20.000000000,100010,161,99975,161,100025,161,99951,161,100051,161,99943,161,100061,161,99929,161,100083,161,99926,161,100117,100,99895,200,100134,100,99893,100,100143,100,99878,100,100283,100,99869,100,100699,100,99868,100
2019-06-28 09:39:24.749718049,100010,161,99975,61,100025,161,99951,161,100051,161,99943,161,100061,161,99929,161,100083,161,99926,161,100117,100,99895,200,100134,100,99893,100,100143,100,99878,100,100283,100,99869,100,100699,100,99793,100
2019-06-28 09:39:30.000000000,100010,404,99951,404,100025,100,99943,100,100051,100,99929,100,100061,100,99926,100,100083,100,99895,200,100117,100,99893,100,100134,100,99878,100,100143,100,99869,100,100283,100,99793,100,100699,100,99473,100
2019-06-28 09:39:40.000000000,100010,176,99951,176,100025,176,99943,176,100051,176,99929,176,100061,176,99926,176,100083,100,99895,200,100117,100,99893,100,100134,100,99878,100,100143,100,99869,100,100283,100,99793,100,100699,100,99473,100
2019-06-28 09:39:47.231238777,100010,176,99951,176,100025,176,99943,176,100051,176,99929,176,100061,176,99926,176,100083,100,99895,200,100117,100,99893,100,100134,100,99878,100,100143,100,99869,100,100283,100,99793,100,100699,100,99473,100
2019-06-28 09:39:50.000000000,100010,252,99951,252,100025,252,99943,252,100051,100,99929,100,100061,100,99926,100,100083,100,99895,200,100117,100,99893,100,100134,100,99878,100,100143,100,99869,100,100283,100,99793,100,100699,100,99473,100
2019-06-28 09:40:00.000000000,100010,203,99951,203,100025,200,99943,200,100051,200,99929,200,100061,100,99926,100,100083,100,99895,200,100117,100,99893,100,100134,100,99878,100,100143,100,99869,100,100283,100,99793,100,100699,100,99473,100
2019-06-28 09:40:04.111775359,100010,203,99951,203,100025,200,99943,200,100051,200,99929,200,100061,100,99926,100,100083,100,99895,200,100117,100,99893,100,100134,100,99878,100,100143,100,99869,100,100283,100,99793,100,100699,100,99473,100
2019-06-28 09:40:07.069430285,100010,203,99951,203,100025,200,99943,200,100051,200,99929,200,100061,100,99926,100,100083,100,99895,200,100117,100,99893,100,100134,100,99878,100,100143,100,99793,100,100283,100,99473,100,100699,100,99283,100
2019-06-28 09:40:10.000000000,100010,404,99951,404,100025,100,99943,100,100051,100,99929,100,100061,100,99926,100,100083,100,99895,200,100117,100,99893,100,100134,100,99878,100,100143,100,99793,100,100283,100,99473,100,100699,100,99283,100
2019-06-28 09:40:20.000000000,100010,203,99951,203,100025,200,99943,200,100051,200,99929,200,100061,100,99926,100,100083,100,99895,200,100117,100,99893,100,100134,100,99878,100,100143,100,99793,100,100283,100,99473,100,100699,100,99283,100
2019-06-28 09:40:30.000000000,100010,404,99951,404,100025,100,99943,100,100051,100,99929,100,100061,100,99926,100,100083,100,99895,200,100117,100,99893,100,100134,100,99878,100,100143,100,99793,100,100283,100,99473,100,100699,100,99283,100
2019-06-28 09:40:34.971134523,100010,404,99951,304,100025,100,99943,100,100051,100,99929,100,100061,100,99926,100,100083,100,99895,200,100117,100,99893,100,100134,100,99878,100,100143,100,99793,100,100283,100,99473,100,100699,100,99283,100
2019-06-28 09:40:40.000000000,100010,203,99943,203,100025,200,99929,200,100051,200,99926,200,100061,100,99895,200,100083,100,99893,100,100117,100,99878,100,100134,100,99793,100,100143,100,99473,100,100283,100,99283,100,100699,100,99001,100
2019-06-28 09:40:46.808718662,99975,100,99943,203,100010,203,99929,200,100025,200,99926,200,100051,200,99895,200,100061,100,99893,100,100083,100,99878,100,100117,100,99793,100,100134,100,99473,100,100143,100,99283,100,100283,100,99001,100
2019-06-28 09:40:50.000000000,99975,161,99943,161,100010,161,99929,161,100025,161,99926,161,100051,161,99895,261,100061,161,99893,161,100083,100,99878,100,100117,100,99793,100,100134,100,99473,100,100143,100,99283,100,100283,100,99001,100
2019-06-28 09:40:59.948037453,99975,261,99943,161,100010,161,99929,161,100025,161,99926,161,100051,161,99895,261,100061,161,99893,161,100083,100,99878,100,100117,100,99793,100,100134,100,99473,100,100143,100,99283,100,100283,100,99001,100
2019-06-28 09:41:00.000000000,99975,276,99943,176,100010,176,99929,176,100025,176,99926,176,100051,176,99895,276,100061,100,99893,100,100083,100,99878,100,100117,100,99793,100,100134,100,99473,100,100143,100,99283,100,100283,100,99001,100
2019-06-28 09:41:10.000000000,99975,276,99943,176,100010,176,99929,176,100025,176,99926,176,100051,176,99895,276,100061,100,99893,100,100083,100,99878,100,100117,100,99793,100,100134,100,99473,100,100143,100,99283,100,100283,100,99001,100
2019-06-28 09:41:16.626725164,99975,276,99943,76,100010,176,99929,176,100025,176,99926,176,100051,176,99895,276,100061,100,99893,100,100083,100,99878,100,100117,100,99793,100,100134,100,99473,100,100143,100,99388,100,100283,100,99283,100
2019-06-28 09:41:20.000000000,99975,352,99929,252,100010,252,99926,252,100025,100,99895,200,100051,100,99893,100,100061,100,99878,100,100083,100,99793,100,100117,100,99473,100,100134,100,99388,100,100143,100,99283,100,100283,100,99001,100
2019-06-28 09:41:30.000000000,99975,261,99929,161,100010,161,99926,161,100025,161,99895,261,100051,161,99893,161,100061,161,99878,161,100083,100,99793,100,100117,100,99473,100,100134,100,99388,100,100143,100,99283,100,100283,100,99001,100
2019-06-28 09:41:32.075574881,99975,261,99929,61,100010,161,99926,161,100025,161,99895,261,100051,161,99893,161,100061,161,99878,161,100083,100,99793,100,100117,100,99473,100,100134,100,99388,100,100143,100,99283,100,100283,100,98944,100
2019-06-28 09:41:34.039806587,99951,100,99929,61,99975,261,99926,161,100010,161,99895,261,100025,161,99893,161,100051,161,99878,161,100061,161,99793,100,100083,100,99473,100,100117,100,99388,100,100134,100,99283,100,100143,100,98944,100
2019-06-28 09:41:37.462189461,99951,200,99929,61,99975,261,99926,161,100010,161,99895,261,100025,161,99893,161,100051,161,99878,161,100061,161,99793,100,100083,100,99473,100,100117,100,99388,100,100134,100,99283,100,100143,100,98944,100
2019-06-28 09:41:40.000000000,99951,276,99926,176,99975,276,99895,276,100010,176,99893,176,100025,176,99878,176,100051,100,99793,100,100061,100,99473,100,100083,100,99388,100,100117,100,99283,100,100134,100,98944,100,100143,100,98921,100
2019-06-28 09:41:50.000000000,99951,276,99926,176,99975,276,99895,276,100010,176,99893,176,100025,176,99878,176,100051,100,99793,100,100061,100,99473,100,100083,100,99388,100,100117,100,99283,100,100134,100,98944,100,100143,100,98921,100
2019-06-28 09:41:56.016448529,99951,376,99926,176,99975,176,99895,276,100010,176,99893,176,100025,176,99878,176,100051,100,99793,100,100061,100,99473,100,100083,100,99388,100,100117,100,99283,100,100134,100,98944,100,100143,100,98921,100
2019-06-28 09:42:00.000000000,99951,604,99926,404,99975,100,99895,200,100010,100,99893,100,100025,100,99878,100,100051,100,99793,100,100061,100,99473,100,100083,100,99388,100,100117,100,99283,100,100134,100,98944,100,100143,100,98921,100
2019-06-28 09:42:03.732534570,99951,604,99926,404,99975,100,99895,200,100010,100,99893,100,100025,100,99878,100,100051,100,99793,100,100061,100,99473,100,100083,100,99467,100,100117,100,99388,100,100134,100,99283,100,100143,100,98944,100
2019-06-28 09:42:10.000000000,99951,452,99926,252,99975,252,99895,352,100010,100,99893,100,100025,100,99878,100,100051,100,99793,100,100061,100,99473,100,100083,100,99467,100,100117,100,99388,100,100134,100,99283,100,100143,100,98944,100
2019-06-28 09:42:16.464647028,99951,552,99926,252,99975,152,99895,352,100010,100,99893,100,100025,100,99878,100,100051,100,99793,100,100061,100,99473,100,100083,100,99467,100,100117,100,99388,100,100134,100,99283,100,100143,100,98944,100
2019-06-28 09:42:20.000000000,99951,704,99926,404,100010,100,99895,200,100025,100,99893,100,100051,100,99878,100,100061,100,99793,100,100083,100,99473,100,100117,100,99467,100,100134,100,99388,100,100143,100,99283,100,100283,100,98944,100
2019-06-28 09:42:30.000000000,99951,476,99926,176,100010,176,99895,276,100025,176,99893,176,100051,176,99878,176,100061,100,99793,100,100083,100,99473,100,100117,100,99467,100,100134,100,99388,100,100143,100,99283,100,100283,100,98944,100
2019-06-28 09:42:40.000000000,99951,461,99926,161,100010,161,99895,261,100025,161,99893,161,100051,161,99878,161,100061,161,99793,161,100083,100,99473,100,100117,100,99467,100,100134,100,99388,100,100143,100,99283,100,100283,100,98944,100
2019-06-28 09:42:45.547499879,99951,361,99926,161,100010,161,99895,261,100025,161,99893,161,100051,161,99878,161,100061,161,99793,161,100083,100,99473,100,100117,100,99467,100,100134,100,99388,100,100143,100,99283,100,100283,100,98944,100
2019-06-28 09:42:50.000000000,99951,361,99926,161,100010,161,99895,261,100025,161,99893,161,100051,161,99878,161,100061,161,99793,161,100083,100,99473,100,100117,100,99467,100,100134,100,99388,100,100143,100,99283,100,100283,100,98944,100
2019-06-28 09:42:52.390303790,99951,361,99944,100,100010,161,99926,161,100025,161,99895,261,100051,161,99893,161,100061,161,99878,161,100083,100,99793,161,100117,100,99473,100,100134,100,99467,100,100143,100,99388,100,100283,100,99283,100
2019-06-28 09:42:53.849036202,99951,361,99944,100,100010,161,99926,161,100025,161,99895,261,100051,161,99893,161,100061,161,99878,161,100083,100,99793,161,100105,100,99473,100,100117,100,99467,100,100134,100,99388,100,100143,100,99283,100
2019-06-28 09:42:58.569384885,99951,261,99944,100,100010,161,99926,161,100025,161,99895,261,100051,161,99893,161,100061,161,99878,161,100083,100,99793,161,100105,100,99473,100,100117,100,99467,100,100134,100,99388,100,100143,100,99283,100
2019-06-28 09:43:00.000000000,99951,261,99944,161,100010,161,99926,161,100025,161,99895,261,100051,161,99893,161,100061,161,99878,161,100083,100,99793,100,100105,100,99473,100,100117,100,99467,100,100134,100,99388,100,100143,100,99283,100
2019-06-28 09:43:03.790687433,99951,261,99944,61,100010,161,99926,161,100025,161,99895,261,100051,161,99893,161,100061,161,99878,161,100083,100,99793,100,100105,100,99473,100,100117,100,99467,100,100134,100,99388,100,100143,100,99283,100
2019-06-28 09:43:10.000000000,99951,504,99926,404,100010,100,99895,200,100025,100,99893,100,100051,100,99878,100,100061,100,99793,100,100083,100,99473,100,100105,100,99467,100,100117,100,99388,100,100134,100,99283,100,100143,100,98944,100
2019-06-28 09:43:20.000000000,99951,276,99926,176,100010,176,99895,276,100025,176,99893,176,100051,176,99878,176,100061,100,99793,100,100083,100,99473,100,100105,100,99467,100,100117,100,99388,100,100134,100,99283,100,100143,100,98944,100
2019-06-28 09:43:30.000000000,99951,504,99926,404,100010,100,99895,200,100025,100,99893,100,100051,100,99878,100,100061,100,99793,100,100083,100,99473,100,100105,100,99467,100,100117,100,99388,100,100134,100,99283,100,100143,100,98944,100
2019-06-28 09:43:31.280515583,99951,404,99926,404,100010,100,99895,200,100025,100,99893,100,100051,100,99878,100,100061,100,99793,100,100083,100,99473,100,100105,100,99467,100,100117,100,99283,100,100134,100,98944,100,100143,100,98921,100
2019-06-28 09:43:40.000000000,99951,161,99926,161,100010,161,99895,261,100025,161,99893,161,100051,161,99878,161,100061,161,99793,161,100083,100,99473,100,100105,100,99467,100,100117,100,99283,100,100134,100,98944,100,100143,100,98921,100
2019-06-28 09:43:48.942664962,99951,61,99926,161,100010,161,99895,261,100025,61,99893,161,100051,161,99878,161,100061,161,99793,161,100083,100,99473,100,100105,100,99467,100,100117,100,99283,100,100134,100,98944,100,100143,100,98921,100
2019-06-28 09:43:50.000000000,100010,161,99926,161,100051,161,99895,261,100061,161,99893,161,100083,161,99878,161,100105,161,99793,161,100117,100,99473,100,100134,100,99467,100,100143,100,99283,100,100283,100,98944,100,100699,100,98921,100
2019-06-28 09:44:00.000000000,100010,404,99926,404,100051,100,99895,200,100061,100,99893,100,100083,100,99878,100,100105,100,99793,100,100117,100,99473,100,100134,100,99467,100,100143,100,99283,100,100283,100,98944,100,100699,100,98921,100
2019-06-28 09:44:01.027929000,100010,404,99926,404,100051,100,99895,200,100061,100,99893,100,100083,100,99878,100,100105,100,99793,100,100111,100,99473,100,100117,100,99467,100,100134,100,99283,100,100143,100,98944,100,100283,100,98921,100
2019-06-28 09:44:10.000000000,100010,176,99926,176,100051,176,99895,276,100061,176,99893,176,100083,176,99878,176,100105,100,99793,100,100111,100,99473,100,100117,100,99467,100,100134,100,99283,100,100143,100,98944,100,100283,100,98921,100
2019-06-28 09:44:20.000000000,100010,176,99926,176,100051,176,99895,276,100061,176,99893,176,100083,176,99878,176,100105,100,99793,100,100111,100,99473,100,100117,100,99467,100,100134,100,99283,100,100143,100,98944,100,100283,100,98921,100
2019-06-28 09:44:30.000000000,100010,404,99926,404,100051,100,99895,200,100061,100,99893,100,100083,100,99878,100,100105,100,99793,100,100111,100,99473,100,100117,100,99467,100,100134,100,99283,100,100143,100,98944,100,100283,100,98921,100
2019-06-28 09:44:31.116153662,100010,304,99926,404,100051,100,99895,200,100061,100,99893,100,100083,100,99878,100,100105,100,99793,100,100111,100,99473,100,100117,100,99467,100,100134,100,99283,100,100143,100,98944,100,100283,100,98921,100
2019-06-28 09:44:40.000000000,100051,404,99926,404,100061,100,99895,200,100083,100,99893,100,100105,100,99878,100,100111,100,99793,100,100117,100,99473,100,100134,100,99467,100,100143,100,99283,100,100283,100,98944,100,100699,100,98921,100
2019-06-28 09:44:50.000000000,100051,252,99926,252,100061,252,99895,352,100083,100,99893,100,100105,100,99878,100,100111,100,99793,100,100117,100,99473,100,100134,100,99467,100,100143,100,99283,100,100283,100,98944,100,100699,100,98921,100
2019-06-28 09:45:00.000000000,100051,252,99926,252,100061,252,99895,352,100083,100,99893,100,100105,100,99878,100,100111,100,99793,100,100117,100,99473,100,100134,100,99467,100,100143,100,99283,100,100283,100,98944,100,100699,100,98921,100
2019-06-28 09:45:08.245039200,100051,252,99926,252,100061,252,99895,352,100083,100,99893,100,100105,100,99878,100,100111,100,99793,100,100117,100,99473,100,100134,100,99467,100,100143,100,98944,100,100204,100,98921,100,100283,100,98839,100
2019-06-28 09:45:10.000000000,100051,203,99926,203,100061,200,99895,300,100083,200,99893,200,100105,100,99878,100,100111,100,99793,100,100117,100,99473,100,100134,100,99467,100,100143,100,98944,100,100204,100,98921,100,100283,100,98839,100
2019-06-28 09:45:20.000000000,100051,404,99926,404,100061,100,99895,200,100083,100,99893,100,100105,100,99878,100,100111,100,99793,100,100117,100,99473,100,100134,100,99467,100,100143,100,98944,100,100204,100,98921,100,100283,100,98839,100
2019-06-28 09:45:30.000000000,100051,203,99926,203,100061,200,99895,300,100083,200,99893,200,100105,100,99878,100,100111,100,99793,100,100117,100,99473,100,100134,100,99467,100,100143,100,98944,100,100204,100,98921,100,100283,100,98839,100
2019-06-28 09:45:30.639269875,100051,203,99985,100,100061,200,99926,203,100083,200,99895,300,100105,100,99893,200,100111,100,99878,100,100117,100,99793,100,100134,100,99473,100,100143,100,99467,100,100204,100,98944,100,100283,100,98921,100
2019-06-28 09:45:31.394955146,100051,203,99985,100,100061,200,99951,100,100083,200,99926,203,100105,100,99895,300,100111,100,99893,200,100117,100,99878,100,100134,100,99793,100,100143,100,99473,100,100204,100,99467,100,100283,100,98944,100
2019-06-28 09:45:40.000000000,100051,161,99985,161,100061,161,99951,161,100083,161,99926,161,100105,161,99895,261,100111,161,99893,161,100117,100,99878,100,100134,100,99793,100,100143,100,99473,100,100204,100,99467,100,100283,100,98944,100
2019-06-28 09:45:50.000000000,100051,161,99985,161,100061,161,99951,161,100083,161,99926,161,100105,161,99895,261,100111,161,99893,161,100117,100,99878,100,100134,100,99793,100,100143,100,99473,100,100204,100,99467,100,100283,100,98944,100
2019-06-28 09:46:00.000000000,100051,404,99985,404,100061,100,99951,100,100083,100,99926,100,100105,100,99895,200,100111,100,99893,100,100117,100,99878,100,100134,100,99793,100,100143,100,99473,100,100204,100,99467,100,100283,100,98944,100
2019-06-28 09:46:05.864904009,100051,404,99985,304,100061,100,99951,100,100083,100,99895,200,100105,100,99893,100,100111,100,99878,100,100117,100,99793,100,100134,100,99473,100,100143,100,99467,100,100204,100,98944,100,100283,100,98921,100
2019-06-28 09:46:10.000000000,100051,176,99951,176,100061,176,99895,276,100083,176,99893,176,100105,176,99878,176,100111,100,99793,100,100117,100,99473,100,100134,100,99467,100,100143,100,98944,100,100204,100,98921,100,100283,100,98839,100
2019-06-28 09:46:16.405395442,100051,176,99951,176,100061,176,99895,276,100083,176,99893,176,100105,176,99878,176,100111,100,99793,100,100117,100,99655,100,100134,100,99473,100,100143,100,99467,100,100283,100,98944,100,100699,100,98921,100
2019-06-28 09:46:20.000000000,100051,161,99951,161,100061,161,99895,261,100083,161,99893,161,100105,161,99878,161,100111,161,99793,161,100117,100,99655,100,100134,100,99473,100,100143,100,99467,100,100283,100,98944,100,100699,100,98921,100
2019-06-28 09:46:22.618221217,100051,161,99951,61,100061,161,99895,261,100083,161,99893,161,100105,161,99878,161,100111,161,99793,161,100117,100,99655,100,100134,100,99473,100,100143,100,99467,100,100283,100,98944,100,100699,100,98921,100
2019-06-28 09:46:27.198474246,99951,39,99895,261,100051,161,99893,161,100061,161,99878,161,100083,161,99793,161,100105,161,99655,100,100111,161,99473,100,100117,100,99467,100,100134,100,98944,100,100143,100,98921,100,100283,100,98839,100
2019-06-28 09:46:30.000000000,99951,142,99895,303,100051,200,99893,200,100061,200,99878,200,100083,100,99793,100,100105,100,99655,100,100111,100,99473,100,100117,100,99467,100,100134,100,98944,100,100143,100,98921,100,100283,100,98839,100
2019-06-28 09:46:40.000000000,99951,191,99895,352,100051,252,99893,252,100061,100,99878,100,100083,100,99793,100,100105,100,99655,100,100111,100,99473,100,100117,100,99467,100,100134,100,98944,100,100143,100,98921,100,100283,100,98839,100
2019-06-28 09:46:50.000000000,99951,191,99895,352,100051,252,99893,252,100061,100,99878,100,100083,100,99793,100,100105,100,99655,100,100111,100,99473,100,100117,100,99467,100,100134,100,98944,100,100143,100,98921,100,100283,100,98839,100
2019-06-28 09:47:00.000000000,99951,191,99895,352,100051,252,99893,252,100061,100,99878,100,100083,100,99793,100,100105,100,99655,100,100111,100,99473,100,100117,100,99467,100,100134,100,98944,100,100143,100,98921,100,100283,100,98839,100
2019-06-28 09:47:01.241803734,99951,191,99895,352,100051,252,99893,252,100061,100,99878,100,100083,100,99793,100,100105,100,99677,100,100111,100,99655,100,100117,100,99473,100,100134,100,99467,100,100143,100,98944,100,100283,100,98921,100
2019-06-28 09:47:10.000000000,99951,142,99895,303,100051,200,99893,200,100061,200,99878,200,100083,100,99793,100,100105,100,99677,100,100111,100,99655,100,100117,100,99473,100,100134,100,99467,100,100143,100,98944,100,100283,100,98921,100
2019-06-28 09:47:10.210385815,99951,42,99895,303,100051,200,99893,200,100061,200,99878,200,100083,100,99793,100,100105,100,99677,100,100111,100,99655,100,100117,100,99473,100,100134,100,99467,100,100143,100,98944,100,100283,100,98921,100
2019-06-28 09:47:20.000000000,100051,161,99895,261,100061,161,99893,161,100083,161,99878,161,100105,161,99793,161,100111,161,99677,161,100117,100,99655,100,100134,100,99473,100,100143,100,99467,100,100283,100,98944,100,100794,100,98921,100
2019-06-28 09:47:30.000000000,100051,252,99895,352,100061,252,99893,252,100083,100,99878,100,100105,100,99793,100,100111,100,99677,100,100117,100,99655,100,100134,100,99473,100,100143,100,99467,100,100283,100,98944,100,100794,100,98921,100
2019-06-28 09:47:39.735189138,100051,252,99895,352,100061,252,99893,252,100083,100,99878,100,100105,100,99793,100,100111,100,99677,100,100117,100,99655,100,100134,100,99473,100,100143,100,99467,100,100156,100,98944,100,100283,100,98921,100
2019-06-28 09:47:40.000000000,100051,203,99895,303,100061,200,99893,200,100083,200,99878,200,100105,100,99793,100,100111,100,99677,100,100117,100,99655,100,100134,100,99473,100,100143,100,99467,100,100156,100,98944,100,100283,100,98921,100
2019-06-28 09:47:50.000000000,100051,404,99895,504,100061,100,99893,100,100083,100,99878,100,100105,100,99793,100,100111,100,99677,100,100117,100,99655,100,100134,100,99473,100,100143,100,99467,100,100156,100,98944,100,100283,100,98921,100
2019-06-28 09:47:58.877112183,99950,100,99895,504,100051,404,99893,100,100061,100,99878,100,100083,100,99793,100,100105,100,99677,100,100111,100,99655,100,100117,100,99473,100,100134,100,99467,100,100143,100,98944,100,100156,100,98921,100
2019-06-28 09:48:00.000000000,99950,203,99895,303,100051,200,99893,200,100061,200,99878,200,100083,100,99793,100,100105,100,99677,100,100111,100,99655,100,100117,100,99473,100,100134,100,99467,100,100143,100,98944,100,100156,100,98921,100
2019-06-28 09:48:10.000000000,99950,176,99895,276,100051,176,99893,176,100061,176,99878,176,100083,176,99793,176,100105,100,99677,100,100111,100,99655,100,100117,100,99473,100,100134,100,99467,100,100143,100,98944,100,100156,100,98921,100
2019-06-28 09:48:15.040311335,99950,276,99895,276,100051,176,99893,176,100061,176,99878,176,100083,176,99793,176,100105,100,99677,100,100111,100,99655,100,100117,100,99473,100,100134,100,99467,100,100143,100,98944,100,100156,100,98921,100
2019-06-28 09:48:20.000000000,99950,276,99895,276,100051,176,99893,176,100061,176,99878,176,100083,176,99793,176,100105,100,99677,100,100111,100,99655,100,100117,100,99473,100,100134,100,99467,100,100143,100,98944,100,100156,100,98921,100
2019-06-28 09:48:30.000000000,99950,352,99895,352,100051,252,99893,252,100061,100,99878,100,100083,100,99793,100,100105,100,99677,100,100111,100,99655,100,100117,100,99473,100,100134,100,99467,100,100143,100,98944,100,100156,100,98921,100
2019-06-28 09:48:36.081072941,99950,252,99895,352,100051,252,99893,252,100061,100,99878,100,100083,100,99793,100,100105,100,99677,100,100111,100,99655,100,100117,100,99473,100,100134,100,99467,100,100143,100,98944,100,100156,100,98921,100
2019-06-28 09:48:40.000000000,99950,176,99895,276,100051,176,99893,176,100061,176,99878,176,100083,176,99793,176,100105,100,99677,100,100111,100,99655,100,100117,100,99473,100,100134,100,99467,100,100143,100,98944,100,100156,100,98921,100
2019-06-28 09:48:50.000000000,99950,161,99895,261,100051,161,99893,161,100061,161,99878,161,100083,161,99793,161,100105,161,99677,161,100111,100,99655,100,100117,100,99473,100,100134,100,99467,100,100143,100,98944,100,100156,100,98921,100
2019-06-28 09:48:58.881740506,99950,161,99895,261,99960,100,99893,61,100051,161,99878,161,100061,161,99793,161,100083,161,99677,161,100105,161,99655,100,100111,100,99473,100,100117,100,99467,100,100134,100,98944,100,100143,100,98921,100
2019-06-28 09:49:00.000000000,99950,161,99895,261,99960,161,99878,161,100051,161,99793,161,100061,161,99677,161,100083,161,99655,161,100105,100,99473,100,100111,100,99467,100,100117,100,98944,100,100134,100,98921,100,100143,100,98839,100
2019-06-28 09:49:10.000000000,99950,176,99895,276,99960,176,99878,176,100051,176,99793,176,100061,176,99677,176,100083,100,99655,100,100105,100,99473,100,100111,100,99467,100,100117,100,98944,100,100134,100,98921,100,100143,100,98839,100
2019-06-28 09:49:14.629694408,99950,176,99895,276,99960,176,99878,176,100051,176,99793,176,100061,176,99677,176,100083,100,99655,100,100105,100,99473,100,100111,100,99467,100,100117,100,98944,100,100134,100,98921,100,100143,100,98839,100
2019-06-28 09:49:20.000000000,99950,404,99895,504,99960,100,99878,100,100051,100,99793,100,100061,100,99677,100,100083,100,99655,100,100105,100,99473,100,100111,100,99467,100,100117,100,98944,100,100134,100,98921,100,100143,100,98839,100
2019-06-28 09:49:24.744164017,99950,404,99895,504,99960,100,99878,100,100051,100,99793,100,100061,100,99677,100,100083,100,99655,100,100105,100,99473,100,100111,100,99467,100,100117,100,98944,100,100134,100,98921,100,100143,100,98839,100
2019-06-28 09:49:30.000000000,99950,252,99895,352,99960,252,99878,252,100051,100,99793,100,100061,100,99677,100,100083,100,99655,100,100105,100,99473,100,100111,100,99467,100,100117,100,98944,100,100134,100,98921,100,100143,100,98839,100
2019-06-28 09:49:32.428772579,99950,152,99895,352,99960,252,99878,252,100051,100,99793,100,100061,100,99677,100,100083,100,99655,100,100105,100,99473,100,100111,100,99467,100,100117,100,98944,100,100134,100,98921,100,100143,100,98839,100
2019-06-28 09:49:40.000000000,99960,203,99895,303,100051,200,99878,200,100061,200,99793,200,100083,100,99677,100,100105,100,99655,100,100111,100,99473,100,100117,100,99467,100,100134,100,98944,100,100143,100,98921,100,100148,100,98839,100
2019-06-28 09:49:50.000000000,99960,404,99895,504,100051,100,99878,100,100061,100,99793,100,100083,100,99677,100,100105,100,99655,100,100111,100,99473,100,100117,100,99467,100,100134,100,98944,100,100143,100,98921,100,100148,100,98839,100
2019-06-28 09:50:00.000000000,99960,404,99895,504,100051,100,99878,100,100061,100,99793,100,100083,100,99677,100,100105,100,99655,100,100111,100,99473,100,100117,100,99467,100,100134,100,98944,100,100143,100,98921,100,100148,100,98839,100
2019-06-28 09:50:10.000000000,99960,404,99895,504,100051,100,99878,100,100061,100,99793,100,100083,100,99677,100,100105,100,99655,100,100111,100,99473,100,100117,100,99467,100,100134,100,98944,100,100143,100,98921,100,100148,100,98839,100
2019-06-28 09:50:20.000000000,99960,252,99895,352,100051,252,99878,252,100061,100,99793,100,100083,100,99677,100,100105,100,99655,100,100111,100,99473,100,100117,100,99467,100,100134,100,98944,100,100143,100,98921,100,100148,100,98839,100
2019-06-28 09:50:21.315025317,99960,252,99950,100,100051,252,99895,352,100061,100,99878,252,100083,100,99793,100,100105,100,99677,100,100111,100,99655,100,100117,100,99473,100,100134,100,99467,100,100143,100,98944,100,100148,100,98921,100
2019-06-28 09:50:30.000000000,99960,252,99950,252,100051,252,99895,352,100061,100,99878,100,100083,100,99793,100,100105,100,99677,100,100111,100,99655,100,100117,100,99473,100,100134,100,99467,100,100143,100,98944,100,100148,100,98921,100
2019-06-28 09:50:39.294125774,99960,252,99950,252,100051,252,99895,352,100061,100,99878,100,100065,100,99793,100,100083,100,99677,100,100105,100,99655,100,100111,100,99473,100,100117,100,99467,100,100134,100,98944,100,100143,100,98921,100
2019-06-28 09:50:40.000000000,99960,203,99950,203,100051,200,99895,300,100061,200,99878,200,100065,100,99793,100,100083,100,99677,100,100105,100,99655,100,100111,100,99473,100,100117,100,99467,100,100134,100,98944,100,100143,100,98921,100
2019-06-28 09:50:50.000000000,99960,203,99950,203,100051,200,99895,300,100061,200,99878,200,100065,100,99793,100,100083,100,99677,100,100105,100,99655,100,100111,100,99473,100,100117,100,99467,100,100134,100,98944,100,100143,100,98921,100
2019-06-28 09:51:00.000000000,99960,161,99950,161,100051,161,99895,261,100061,161,99878,161,100065,161,99793,161,100083,161,99677,161,100105,100,99655,100,100111,100,99473,100,100117,100,99467,100,100134,100,98944,100,100143,100,98921,100
2019-06-28 09:51:10.000000000,99960,404,99950,404,100051,100,99895,200,100061,100,99878,100,100065,100,99793,100,100083,100,99677,100,100105,100,99655,100,100111,100,99473,100,100117,100,99467,100,100134,100,98944,100,100143,100,98921,100
2019-06-28 09:51:20.000000000,99960,252,99950,252,100051,252,99895,352,100061,100,99878,100,100065,100,99793,100,100083,100,99677,100,100105,100,99655,100,100111,100,99473,100,100117,100,99467,100,100134,100,98944,100,100143,100,98921,100
2019-06-28 09:51:30.000000000,99960,161,99950,161,100051,161,99895,261,100061,161,99878,161,100065,161,99793,161,100083,161,99677,161,100105,100,99655,100,100111,100,99473,100,100117,100,99467,100,100134,100,98944,100,100143,100,98921,100
2019-06-28 09:51:40.000000000,99960,404,99950,404,100051,100,99895,200,100061,100,99878,100,100065,100,99793,100,100083,100,99677,100,100105,100,99655,100,100111,100,99473,100,100117,100,99467,100,100134,100,98944,100,100143,100,98921,100
2019-06-28 09:51:45.061572069,99960,304,99950,404,100051,100,99895,200,100061,100,99878,100,100065,100,99793,100,100083,100,99677,100,100105,100,99655,100,100111,100,99473,100,100117,100,99467,100,100134,100,98944,100,100148,100,98921,100
2019-06-28 09:51:50.000000000,100051,203,99950,203,100061,200,99895,300,100065,200,99878,200,100083,100,99793,100,100105,100,99677,100,100111,100,99655,100,100117,100,99473,100,100134,100,99467,100,100148,100,98944,100,100156,100,98921,100
2019-06-28 09:51:50.865549209,100051,103,99950,203,100061,200,99895,300,100065,200,99878,200,100083,100,99793,100,100105,100,99677,100,100111,100,99655,100,100117,100,99473,100,100134,100,99467,100,100148,100,98944,100,100156,100,98839,100
2019-06-28 09:51:51.256978480,100051,103,99950,203,100061,200,99895,300,100065,200,99878,200,100083,100,99793,100,100105,100,99677,100,100111,100,99655,100,100117,100,99473,100,100134,100,99467,100,100148,100,98944,100,100156,100,98839,100
2019-06-28 09:51:57.341366516,100051,103,99960,100,100061,200,99950,203,100065,200,99895,300,100083,100,99878,200,100105,100,99793,100,100111,100,99677,100,100117,100,99655,100,100134,100,99473,100,100148,100,99467,100,100156,100,98944,100
2019-06-28 09:52:00.000000000,100061,203,99960,203,100065,200,99950,200,100083,200,99895,300,100105,100,99878,100,100111,100,99793,100,100117,100,99677,100,100134,100,99655,100,100148,100,99473,100,100156,100,99467,100,100283,100,98944,100
2019-06-28 09:52:10.000000000,100061,404,99960,404,100065,100,99950,100,100083,100,99895,200,100105,100,99878,100,100111,100,99793,100,100117,100,99677,100,100134,100,99655,100,100148,100,99473,100,100156,100,99467,100,100283,100,98944,100
2019-06-28 09:52:10.219349078,100061,404,99960,404,100065,100,99950,100,100083,100,99895,200,100105,100,99878,100,100111,100,99793,100,100117,100,99677,100,100134,100,99655,100,100148,100,99473,100,100156,100,99467,100,100283,100,98944,100
2019-06-28 09:52:18.187190384,100061,304,99960,404,100065,100,99950,100,100083,100,99895,200,100105,100,99878,100,100111,100,99793,100,100117,100,99677,100,100134,100,99655,100,100148,100,99473,100,100156,100,99467,100,100283,100,98944,100
2019-06-28 09:52:20.000000000,100065,176,99960,176,100083,176,99950,176,100105,176,99895,276,100111,176,99878,176,100117,100,99793,100,100134,100,99677,100,100148,100,99655,100,100156,100,99473,100,100283,100,99467,100,100293,100,98944,100
2019-06-28 09:52:30.000000000,100065,203,99960,203,100083,200,99950,200,100105,200,99895,300,100111,100,99878,100,100117,100,99793,100,100134,100,99677,100,100148,100,99655,100,100156,100,99473,100,100283,100,99467,100,100293,100,98944,100
2019-06-28 09:52:36.416942694,100065,103,99960,203,100083,200,99950,200,100105,200,99895,300,100111,100,99878,100,100117,100,99677,100,100134,100,99655,100,100148,100,99473,100,100156,100,99467,100,100283,100,98944,100,100293,100,98700,100
2019-06-28 09:52:40.000000000,100083,203,99960,203,100105,200,99950,200,100111,200,99895,300,100117,100,99878,100,100134,100,99677,100,100148,100,99655,100,100156,100,99473,100,100283,100,99467,100,100293,100,98944,100,100317,100,98700,100
2019-06-28 09:52:50.000000000,100083,176,99960,176,100105,176,99950,176,100111,176,99895,276,100117,176,99878,176,100134,100,99677,100,100148,100,99655,100,100156,100,99473,100,100283,100,99467,100,100293,100,98944,100,100317,100,98700,100
2019-06-28 09:53:00.000000000,100083,203,99960,203,100105,200,99950,200,100111,200,99895,300,100117,100,99878,100,100134,100,99677,100,100148,100,99655,100,100156,100,99473,100,100283,100,99467,100,100293,100,98944,100,100317,100,98700,100
2019-06-28 09:53:04.548728595,100083,203,100061,100,100105,200,99960,203,100111,200,99950,200,100117,100,99895,300,100134,100,99878,100,100148,100,99677,100,100156,100,99655,100,100283,100,99473,100,100293,100,99467,100,100317,100,98944,100
2019-06-28 09:53:10.000000000,100083,203,100061,203,100105,200,99960,200,100111,200,99950,200,100117,100,99895,200,100134,100,99878,100,100148,100,99677,100,100156,100,99655,100,100283,100,99473,100,100293,100,99467,100,100317,100,98944,100
2019-06-28 09:53:20.000000000,100083,161,100061,161,100105,161,99960,161,100111,161,99950,161,100117,161,99895,261,100134,161,99878,161,100148,100,99677,100,100156,100,99655,100,100283,100,99473,100,100293,100,99467,100,100317,100,98944,100
2019-06-28 09:53:30.000000000,100083,176,100061,176,100105,176,99960,176,100111,176,99950,176,100117,176,99895,276,100134,100,99878,100,100148,100,99677,100,100156,100,99655,100,100283,100,99473,100,100293,100,99467,100,100317,100,98944,100
2019-06-28 09:53:35.076439952,100083,176,100061,176,100105,176,99960,176,100111,176,99950,176,100117,176,99895,276,100134,100,99878,100,100148,100,99677,100,100156,100,99655,100,100283,100,99473,100,100293,100,99467,100,100317,100,98944,100
2019-06-28 09:53:37.078504151,100083,76,100061,176,100105,176,99960,176,100111,176,99950,176,100117,176,99895,276,100134,100,99878,100,100148,100,99677,100,100156,100,99655,100,100283,100,99473,100,100293,100,99467,100,100317,100,98944,100
2019-06-28 09:53:38.843128396,100105,176,100083,24,100111,176,100061,176,100117,176,99960,176,100134,100,99950,176,100148,100,99895,176,100156,100,99878,100,100283,100,99677,100,100293,100,99655,100,100317,100,99473,100,100563,100,99467,100
2019-06-28 09:53:40.000000000,100105,404,100083,328,100111,100,100061,100,100117,100,99960,100,100134,100,99950,100,100148,100,99895,100,100156,100,99878,100,100283,100,99677,100,100293,100,99655,100,100317,100,99473,100,100563,100,99467,100
2019-06-28 09:53:43.776939858,100105,304,100083,328,100111,100,100061,100,100117,100,99960,100,100134,100,99950,100,100148,100,99895,100,100156,100,99878,100,100283,100,99677,100,100293,100,99655,100,100563,100,99473,100,100619,100,99467,100
2019-06-28 09:53:47.493999946,100105,204,100083,328,100111,100,100061,100,100117,100,99960,100,100134,100,99950,100,100148,100,99895,100,100156,100,99878,100,100283,100,99677,100,100293,100,99655,100,100563,100,99473,100,100619,100,99467,100
2019-06-28 09:53:50.000000000,100111,203,100083,127,100117,200,100061,200,100134,200,99960,200,100148,100,99950,100,100156,100,99895,100,100283,100,99878,100,100293,100,99677,100,100563,100,99655,100,100619,100,99473,100,100794,100,99467,100
2019-06-28 09:53:53.650469072,100111,103,100083,127,100117,200,100061,200,100134,200,99960,200,100148,100,99950,100,100156,100,99895,100,100283,100,99878,100,100293,100,99677,100,100563,100,99655,100,100619,100,99473,100,100794,100,99467,100
2019-06-28 09:54:00.000000000,100117,176,100083,100,100134,176,100061,176,100148,176,99960,176,100156,176,99950,176,100283,100,99895,100,100293,100,99878,100,100563,100,99677,100,100619,100,99655,100,100794,100,99473,100,100961,100,99467,100
2019-06-28 09:54:10.000000000,100117,176,100083,100,100134,176,100061,176,100148,176,99960,176,100156,176,99950,176,100283,100,99895,100,100293,100,99878,100,100563,100,99677,100,100619,100,99655,100,100794,100,99473,100,100961,100,99467,100
2019-06-28 09:54:20.000000000,100117,176,100083,100,100134,176,100061,176,100148,176,99960,176,100156,176,99950,176,100283,100,99895,100,100293,100,99878,100,100563,100,99677,100,100619,100,99655,100,100794,100,99473,100,100961,100,99467,100
2019-06-28 09:54:30.000000000,100117,161,100083,85,100134,161,100061,161,100148,161,99960,161,100156,161,99950,161,100283,161,99895,161,100293,100,99878,100,100563,100,99677,100,100619,100,99655,100,100794,100,99473,100,100961,100,99467,100
2019-06-28 09:54:40.000000000,100117,161,100083,85,100134,161,100061,161,100148,161,99960,161,100156,161,99950,161,100283,161,99895,161,100293,100,99878,100,100563,100,99677,100,100619,100,99655,100,100794,100,99473,100,100961,100,99467,100
2019-06-28 09:54:46.849247615,100117,161,100105,100,100134,161,100083,85,100148,161,100061,161,100156,161,99960,161,100283,161,99950,161,100293,100,99895,161,100563,100,99878,100,100619,100,99677,100,100794,100,99655,100,100961,100,99473,100
2019-06-28 09:54:50.000000000,100117,176,100105,176,100134,176,100083,100,100148,176,100061,176,100156,176,99960,176,100283,100,99950,100,100293,100,99895,100,100563,100,99878,100,100619,100,99677,100,100794,100,99655,100,100961,100,99473,100
2019-06-28 09:54:57.042121299,100117,176,100105,176,100134,176,100083,76,100148,176,100061,176,100156,176,99962,100,100283,100,99960,176,100293,100,99950,100,100563,100,99895,100,100619,100,99878,100,100794,100,99677,100,100961,100,99655,100
2019-06-28 09:55:00.000000000,100117,176,100105,176,100134,176,100061,176,100148,176,99962,176,100156,176,99960,176,100283,100,99950,100,100293,100,99895,100,100563,100,99878,100,100619,100,99677,100,100794,100,99655,100,100961,100,99473,100
2019-06-28 09:55:10.000000000,100117,176,100105,176,100134,176,100061,176,100148,176,99962,176,100156,176,99960,176,100283,100,99950,100,100293,100,99895,100,100563,100,99878,100,100619,100,99677,100,100794,100,99655,100,100961,100,99473,100
2019-06-28 09:55:16.900894750,100117,176,100105,176,100134,176,100061,176,100148,176,99962,176,100156,176,99960,76,100283,100,99950,100,100293,100,99895,100,100563,100,99878,100,100619,100,99677,100,100794,100,99655,100,100961,100,99473,100
2019-06-28 09:55:20.000000000,100117,203,100105,203,100134,200,100061,200,100148,200,99962,200,100156,100,99950,100,100283,100,99895,100,100293,100,99878,100,100563,100,99677,100,100619,100,99655,100,100794,100,99473,100,100961,100,99467,100
2019-06-28 09:55:25.534445559,100117,103,100105,203,100134,200,100061,200,100148,200,99962,200,100156,100,99950,100,100283,100,99895,100,100293,100,99878,100,100563,100,99677,100,100619,100,99655,100,100794,100,99467,100,100961,100,98944,100
2019-06-28 09:55:30.000000000,100134,404,100105,404,100148,100,100061,100,100156,100,99962,100,100283,100,99950,100,100293,100,99895,100,100563,100,99878,100,100619,100,99677,100,100794,100,99655,100,100961,100,99467,100,101541,100,98944,100
2019-06-28 09:55:40.000000000,100134,252,100105,252,100148,252,100061,252,100156,100,99962,100,100283,100,99950,100,100293,100,99895,100,100563,100,99878,100,100619,100,99677,100,100794,100,99655,100,100961,100,99467,100,101541,100,98944,100
2019-06-28 09:55:50.000000000,100134,203,100105,203,100148,200,100061,200,100156,200,99962,200,100283,100,99950,100,100293,100,99895,100,100563,100,99878,100,100619,100,99677,100,100794,100,99655,100,100961,100,99467,100,101541,100,98944,100
2019-06-28 09:56:00.000000000,100134,404,100105,404,100148,100,100061,100,100156,100,99962,100,100283,100,99950,100,100293,100,99895,100,100563,100,99878,100,100619,100,99677,100,100794,100,99655,100,100961,100,99467,100,101541,100,98944,100
2019-06-28 09:56:01.683797441,100134,404,100105,304,100148,100,100061,100,100156,100,99962,100,100283,100,99950,100,100293,100,99895,100,100563,100,99878,100,100619,100,99677,100,100794,100,99655,100,101541,100,99467,100,101555,100,98944,100
2019-06-28 09:56:10.000000000,100134,161,100061,161,100148,161,99962,161,100156,161,99950,161,100283,161,99895,161,100293,161,99878,161,100563,100,99677,100,100619,100,99655,100,100794,100,99467,100,101541,100,98944,100,101555,100,98700,100
2019-06-28 09:56:16.473802011,100134,161,100061,61,100148,161,99962,161,100156,161,99950,161,100283,161,99895,161,100293,161,99878,161,100563,100,99677,100,100619,100,99655,100,100794,100,99467,100,101541,100,98944,100,101555,100,98700,100
2019-06-28 09:56:19.570364331,100061,39,99962,161,100134,61,99950,161,100148,161,99895,161,100156,161,99878,161,100283,161,99677,100,100293,161,99655,100,100563,100,99467,100,100619,100,98944,100,100794,100,98700,100,101541,100,98638,100
2019-06-28 09:56:20.000000000,100061,343,99962,404,100148,100,99950,100,100156,100,99895,100,100283,100,99878,100,100293,100,99677,100,100563,100,99655,100,100619,100,99467,100,100794,100,98944,100,101541,100,98700,100,101555,100,98638,100
2019-06-28 09:56:30.000000000,100061,100,99962,161,100148,161,99950,161,100156,161,99895,161,100283,161,99878,161,100293,161,99677,161,100563,100,99655,100,100619,100,99467,100,100794,100,98944,100,101541,100,98700,100,101555,100,98638,100
2019-06-28 09:56:35.434903649,100061,100,99962,61,100148,161,99950,161,100156,161,99895,161,100283,161,99878,161,100293,161,99677,161,100563,100,99655,100,100619,100,99467,100,100794,100,98944,100,101555,100,98700,100,,,98638,100
2019-06-28 09:56:40.000000000,100061,142,99950,203,100148,200,99895,200,100156,200,99878,200,100283,100,99677,100,100293,100,99655,100,100563,100,99467,100,100619,100,98944,100,100794,100,98700,100,101555,100,98638,100,,,,
2019-06-28 09:56:49.088136645,100061,142,99950,103,100148,200,99895,200,100156,200,99878,200,100283,100,99677,100,100293,100,99655,100,100563,100,99467,100,100619,100,98944,100,100794,100,98700,100,101555,100,98638,100,,,,
2019-06-28 09:56:50.000000000,100061,142,99895,203,100148,200,99878,200,100156,200,99677,200,100283,100,99655,100,100293,100,99467,100,100563,100,98944,100,100619,100,98700,100,100794,100,98638,100,101555,100,,,,,,
2019-06-28 09:56:55.916119916,99962,100,99895,203,100061,142,99878,200,100148,200,99677,200,100156,200,99655,100,100283,100,99467,100,100293,100,98944,100,100563,100,98700,100,100619,100,98638,100,100794,100,,,101555,100,,
2019-06-28 09:56:57.135072147,99962,100,99895,203,100061,142,99878,200,100148,200,99677,100,100156,200,99655,100,100283,100,99467,100,100293,100,99347,100,100563,100,98944,100,100619,100,98700,100,100794,100,98638,100,101555,100,,
2019-06-28 09:57:00.000000000,99962,176,99895,176,100061,115,99878,176,100148,176,99655,176,100156,176,99467,176,100283,100,99347,100,100293,100,98944,100,100563,100,98700,100,100619,100,98638,100,100794,100,,,101555,100,,
2019-06-28 09:57:10.000000000,99962,176,99895,176,100061,115,99878,176,100148,176,99655,176,100156,176,99467,176,100283,100,99347,100,100293,100,98944,100,100563,100,98700,100,100619,100,98638,100,100794,100,,,101555,100,,
2019-06-28 09:57:11.252391243,99962,276,99895,176,100061,115,99878,176,100148,176,99655,176,100156,176,99467,176,100283,100,99347,100,100293,100,98944,100,100563,100,98700,100,100619,100,98638,100,100794,100,,,101555,100,,
2019-06-28 09:57:14.430006062,99962,276,99895,176,100061,115,99878,176,100148,176,99655,176,100156,176,99514,100,100283,100,99467,176,100293,100,99347,100,100563,100,98944,100,100619,100,98700,100,100794,100,98638,100,101555,100,,
2019-06-28 09:57:20.000000000,99962,276,99895,176,100061,115,99878,176,100148,176,99655,176,100156,176,99514,176,100283,100,99467,100,100293,100,99347,100,100563,100,98944,100,100619,100,98700,100,100794,100,98638,100,101555,100,,
2019-06-28 09:57:23.542994585,99962,276,99895,76,100061,115,99878,176,100148,176,99655,76,100156,176,99514,176,100283,100,99467,100,100293,100,99347,100,100563,100,98944,100,100619,100,98700,100,100794,100,98638,100,101555,100,,
2019-06-28 09:57:24.484531632,99962,276,99895,76,100061,115,99878,176,100148,176,99655,76,100156,176,99514,176,100283,100,99467,100,100293,100,99347,100,100563,100,99125,100,100619,100,98944,100,100794,100,98700,100,,,98638,100
2019-06-28 09:57:30.000000000,99962,303,99878,203,100061,139,99514,200,100148,200,99467,200,100156,100,99347,100,100283,100,99125,100,100293,100,98944,100,100563,100,98700,100,100619,100,98638,100,100794,100,,,,,,
2019-06-28 09:57:40.000000000,99962,276,99878,176,100061,115,99514,176,100148,176,99467,176,100156,176,99347,176,100283,100,99125,100,100293,100,98944,100,100563,100,98700,100,100619,100,98638,100,100794,100,,,,,,
2019-06-28 09:57:49.965777235,99962,276,99878,176,100061,115,99514,176,100148,176,99467,176,100156,176,99402,100,100283,100,99347,176,100293,100,99125,100,100563,100,98944,100,100619,100,98638,100,100794,100,,,,,,
2019-06-28 09:57:50.000000000,99962,303,99878,203,100061,139,99514,200,100148,200,99467,200,100156,100,99402,100,100283,100,99347,100,100293,100,99125,100,100563,100,98944,100,100619,100,98638,100,100794,100,,,,,,
2019-06-28 09:58:00.000000000,99962,276,99878,176,100061,115,99514,176,100148,176,99467,176,100156,176,99402,176,100283,100,99347,100,100293,100,99125,100,100563,100,98944,100,100619,100,98638,100,100794,100,,,,,,
2019-06-28 09:58:10.000000000,99962,504,99878,404,100061,39,99514,100,100148,100,99467,100,100156,100,99402,100,100283,100,99347,100,100293,100,99125,100,100563,100,98944,100,100619,100,98638,100,100794,100,,,,,,
2019-06-28 09:58:20.000000000,99962,303,99878,203,100061,139,99514,200,100148,200,99467,200,100156,100,99402,100,100283,100,99347,100,100293,100,99125,100,100563,100,98944,100,100619,100,98638,100,100794,100,,,,,,
2019-06-28 09:58:30.000000000,99962,303,99878,203,100061,139,99514,200,100148,200,99467,200,100156,100,99402,100,100283,100,99347,100,100293,100,99125,100,100563,100,98944,100,100619,100,98638,100,100794,100,,,,,,
2019-06-28 09:58:36.033622798,99962,303,99878,203,100061,139,99514,200,100148,200,99467,200,100156,100,99402,100,100201,100,99347,100,100283,100,99125,100,100293,100,98944,100,100563,100,98638,100,100619,100,,,100794,100,,
2019-06-28 09:58:40.000000000,99962,261,99878,161,100061,100,99514,161,100148,161,99467,161,100156,161,99402,161,100201,161,99347,161,100283,100,99125,100,100293,100,98944,100,100563,100,98638,100,100619,100,,,100794,100,,
2019-06-28 09:58:45.887538234,99962,161,99878,161,100061,100,99514,161,100148,161,99467,161,100156,161,99402,161,100201,161,99347,161,100283,100,99125,100,100293,100,98944,100,100563,100,98638,100,100619,100,,,100794,100,,
2019-06-28 09:58:50.000000000,99962,161,99878,161,100061,100,99514,161,100148,161,99467,161,100156,161,99402,161,100201,161,99347,161,100283,100,99125,100,100293,100,98944,100,100563,100,98638,100,100619,100,,,100794,100,,
2019-06-28 09:59:00.000000000,99962,161,99878,161,100061,100,99514,161,100148,161,99467,161,100156,161,99402,161,100201,161,99347,161,100283,100,99125,100,100293,100,98944,100,100563,100,98638,100,100619,100,,,100794,100,,
2019-06-28 09:59:04.389294973,99962,161,99878,161,100061,100,99514,161,100148,161,99467,161,100156,161,99402,161,100201,161,99347,161,100283,100,99125,100,100293,100,98944,100,100311,100,98638,100,100563,100,,,100619,100,,
2019-06-28 09:59:06.054349734,99962,61,99878,161,100061,100,99514,161,100148,161,99467,161,100156,161,99402,161,100201,161,99347,161,100283,100,99125,100,100293,100,98944,100,100311,100,98638,100,100563,100,,,100619,100,,
2019-06-28 09:59:10.000000000,100061,343,99878,404,100148,100,99514,100,100156,100,99467,100,100201,100,99402,100,100283,100,99347,100,100293,100,99125,100,100311,100,98944,100,100563,100,98638,100,100619,100,,,100794,100,,
2019-06-28 09:59:20.000000000,100061,100,99878,161,100148,161,99514,161,100156,161,99467,161,100201,161,99402,161,100283,161,99347,161,100293,100,99125,100,100311,100,98944,100,100563,100,98638,100,100619,100,,,100794,100,,
2019-06-28 09:59:21.030748406,100061,61,100046,100,100148,161,99878,161,100156,161,99514,161,100201,161,99467,161,100283,161,99402,161,100293,100,99347,161,100311,100,99125,100,100563,100,98944,100,100619,100,98638,100,100794,100,,
2019-06-28 09:59:30.000000000,100148,161,100046,161,100156,161,99878,161,100201,161,99514,161,100283,161,99467,161,100293,161,99402,161,100311,100,99347,100,100563,100,99125,100,100619,100,98944,100,100794,100,98638,100,,,,
2019-06-28 09:59:40.000000000,100148,176,100046,176,100156,176,99878,176,100201,176,99514,176,100283,176,99467,176,100293,100,99402,100,100311,100,99347,100,100563,100,99125,100,100619,100,98944,100,100794,100,98638,100,,,,
2019-06-28 09:59:50.000000000,100148,203,100046,203,100156,200,99878,200,100201,200,99514,200,100283,100,99467,100,100293,100,99402,100,100311,100,99347,100,100563,100,99125,100,100619,100,98944,100,100794,100,98638,100,,,,
2019-06-28 09:59:50.329647993,100148,203,100095,100,100156,200,100046,203,100201,200,99878,200,100283,100,99514,200,100293,100,99467,100,100311,100,99402,100,100563,100,99347,100,100619,100,99125,100,100794,100,98944,100,,,98638,100
2019-06-28 09:59:54.417611125,100148,203,100095,100,100156,200,100046,203,100201,200,99962,100,100283,100,99878,200,100293,100,99514,200,100311,100,99467,100,100563,100,99402,100,100619,100,99347,100,100794,100,99125,100,,,98944,100
2019-06-28 10:00:00.000000000,100148,203,100095,203,100156,200,100046,200,100201,200,99962,200,100283,100,99878,100,100293,100,99514,100,100311,100,99467,100,100563,100,99402,100,100619,100,99347,100,100794,100,99125,100,,,98944,100
2019-06-28 10:00:04.305159532,100148,203,100095,203,100156,200,100046,200,100201,200,99962,300,100283,100,99878,100,100293,100,99514,100,100311,100,99467,100,100563,100,99402,100,100619,100,99347,100,100794,100,99125,100,,,98944,100
2019-06-28 10:00:08.402519047,100148,103,100095,203,100156,200,100046,200,100201,200,99962,300,100283,100,99878,100,100293,100,99514,100,100311,100,99467,100,100563,100,99402,100,100619,100,99347,100,100794,100,99125,100,,,98944,100
2019-06-28 10:00:10.000000000,100156,203,100095,203,100201,200,100046,200,100283,200,99962,300,100293,100,99878,100,100311,100,99514,100,100563,100,99467,100,100619,100,99402,100,100794,100,99347,100,,,99125,100,,,98944,100
2019-06-28 10:00:20.000000000,100156,252,100095,252,100201,252,100046,252,100283,100,99962,200,100293,100,99878,100,100311,100,99514,100,100563,100,99467,100,100619,100,99402,100,100794,100,99347,100,,,99125,100,,,98944,100
2019-06-28 10:00:30.000000000,100156,252,100095,252,100201,252,100046,252,100283,100,99962,200,100293,100,99878,100,100311,100,99514,100,100563,100,99467,100,100619,100,99402,100,100794,100,99347,100,,,99125,100,,,98944,100
2019-06-28 10:00:40.000000000,100156,176,100095,176,100201,176,100046,176,100283,176,99962,276,100293,176,99878,176,100311,100,99514,100,100563,100,99467,100,100619,100,99402,100,100794,100,99347,100,,,99125,100,,,98944,100
2019-06-28 10:00:42.071997166,100156,176,100095,176,100201,176,100046,176,100283,176,99962,276,100293,176,99878,176,100311,100,99514,100,100521,100,99467,100,100563,100,99402,100,100619,100,99347,100,100794,100,99125,100,,,98944,100
2019-06-28 10:00:44.365889752,100156,176,100095,76,100201,176,100046,176,100283,176,99962,276,100293,176,99878,176,100311,100,99514,100,100521,100,99467,100,100553,100,99402,100,100563,100,99347,100,100619,100,99125,100,100794,100,98944,100
2019-06-28 10:00:50.000000000,100156,404,100046,404,100201,100,99962,200,100283,100,99878,100,100293,100,99514,100,100311,100,99467,100,100521,100,99402,100,100553,100,99347,100,100563,100,99125,100,100619,100,98944,100,100794,100,98638,100
2019-06-28 10:01:00.000000000,100156,161,100046,161,100201,161,99962,261,100283,161,99878,161,100293,161,99514,161,100311,161,99467,161,100521,100,99402,100,100553,100,99347,100,100563,100,99125,100,100619,100,98944,100,100794,100,98638,100
2019-06-28 10:01:07.651513703,100156,161,100096,100,100201,161,100046,161,100283,161,99962,261,100293,161,99878,161,100311,161,99514,161,100521,100,99467,161,100553,100,99402,100,100563,100,99347,100,100619,100,99125,100,100794,100,98944,100
2019-06-28 10:01:10.000000000,100156,203,100096,203,100201,200,100046,200,100283,200,99962,300,100293,100,99878,100,100311,100,99514,100,100521,100,99467,100,100553,100,99402,100,100563,100,99347,100,100619,100,99125,100,100794,100,98944,100
2019-06-28 10:01:20.000000000,100156,176,100096,176,100201,176,100046,176,100283,176,99962,276,100293,176,99878,176,100311,100,99514,100,100521,100,99467,100,100553,100,99402,100,100563,100,99347,100,100619,100,99125,100,100794,100,98944,100
2019-06-28 10:01:30.000000000,100156,161,100096,161,100201,161,100046,161,100283,161,99962,261,100293,161,99878,161,100311,161,99514,161,100521,100,99467,100,100553,100,99402,100,100563,100,99347,100,100619,100,99125,100,100794,100,98944,100
2019-06-28 10:01:39.479242642,100156,161,100096,161,100201,161,100046,161,100283,161,99962,261,100293,161,99878,161,100311,161,99514,161,100521,100,99467,100,100553,100,99402,100,100563,100,99347,100,100619,100,99125,100,100794,100,98944,100
2019-06-28 10:01:40.000000000,100156,203,100096,203,100201,200,100046,200,100283,200,99962,300,100293,100,99878,100,100311,100,99514,100,100521,100,99467,100,100553,100,99402,100,100563,100,99347,100,100619,100,99125,100,100794,100,98944,100
2019-06-28 10:01:50.000000000,100156,404,100096,404,100201,100,100046,100,100283,100,99962,200,100293,100,99878,100,100311,100,99514,100,100521,100,99467,100,100553,100,99402,100,100563,100,99347,100,100619,100,99125,100,100794,100,98944,100
2019-06-28 10:02:00.000000000,100156,161,100096,161,100201,161,100046,161,100283,161,99962,261,100293,161,99878,161,100311,161,99514,161,100521,100,99467,100,100553,100,99402,100,100563,100,99347,100,100619,100,99125,100,100794,100,98944,100
2019-06-28 10:02:02.704209192,100156,161,100096,161,100201,161,100046,161,100283,161,99962,261,100293,161,99878,161,100311,161,99514,161,100521,100,99467,100,100553,100,99402,100,100563,100,99347,100,100619,100,99125,100,100794,100,98944,100
2019-06-28 10:02:10.000000000,100156,161,100096,161,100201,161,100046,161,100283,161,99962,261,100293,161,99878,161,100311,161,99514,161,100521,100,99467,100,100553,100,99402,100,100563,100,99347,100,100619,100,99125,100,100794,100,98944,100
2019-06-28 10:02:20.000000000,100156,176,100096,176,100201,176,100046,176,100283,176,99962,276,100293,176,99878,176,100311,100,99514,100,100521,100,99467,100,100553,100,99402,100,100563,100,99347,100,100619,100,99125,100,100794,100,98944,100
2019-06-28 10:02:22.831044203,100156,176,100096,276,100201,176,100046,176,100283,176,99962,276,100293,176,99878,176,100311,100,99514,100,100521,100,99467,100,100553,100,99402,100,100563,100,99347,100,100619,100,99125,100,100794,100,98944,100
2019-06-28 10:02:30.000000000,100156,161,100096,261,100201,161,100046,161,100283,161,99962,261,100293,161,99878,161,100311,161,99514,161,100521,100,99467,100,100553,100,99402,100,100563,100,99347,100,100619,100,99125,100,100794,100,98944,100
2019-06-28 10:02:40.000000000,100156,176,100096,276,100201,176,100046,176,100283,176,99962,276,100293,176,99878,176,100311,100,99514,100,100521,100,99467,100,100553,100,99402,100,100563,100,99347,100,100619,100,99125,100,100794,100,98944,100
2019-06-28 10:02:40.449449181,100156,76,100096,276,100201,176,100046,176,100283,176,99962,276,100293,176,99878,176,100311,100,99514,100,100521,100,99467,100,100553,100,99402,100,100563,100,99347,100,100619,100,99125,100,100794,100,98944,100
2019-06-28 10:02:45.945102464,100156,76,100096,276,100201,176,100046,176,100283,176,99962,276,100293,176,99878,176,100311,100,99514,100,100521,100,99467,100,100553,100,99402,100,100563,100,99347,100,100619,100,99125,100,100794,100,98944,100
2019-06-28 10:02:50.000000000,100201,161,100096,261,100283,161,100046,161,100293,161,99962,261,100311,161,99878,161,100521,161,99514,161,100553,100,99467,100,100563,100,99402,100,100619,100,99347,100,100794,100,99125,100,100806,100,98944,100
2019-06-28 10:03:00.000000000,100201,176,100096,276,100283,176,100046,176,100293,176,99962,276,100311,176,99878,176,100521,100,99514,100,100553,100,99467,100,100563,100,99402,100,100619,100,99347,100,100794,100,99125,100,100806,100,98944,100
2019-06-28 10:03:10.000000000,100201,404,100096,504,100283,100,100046,100,100293,100,99962,200,100311,100,99878,100,100521,100,99514,100,100553,100,99467,100,100563,100,99402,100,100619,100,99347,100,100794,100,99125,100,100806,100,98944,100
2019-06-28 10:03:20.000000000,100201,161,100096,261,100283,161,100046,161,100293,161,99962,261,100311,161,99878,161,100521,161,99514,161,100553,100,99467,100,100563,100,99402,100,100619,100,99347,100,100794,100,99125,100,100806,100,98944,100
2019-06-28 10:03:28.214631599,100201,161,100097,100,100283,161,100096,261,100293,161,100046,161,100311,161,99962,161,100521,161,99878,161,100553,100,99514,161,100563,100,99467,100,100619,100,99402,100,100794,100,99347,100,100806,100,99125,100
2019-06-28 10:03:30.000000000,100201,161,100097,161,100283,161,100096,261,100293,161,100046,161,100311,161,99962,161,100521,161,99878,161,100553,100,99514,100,100563,100,99467,100,100619,100,99402,100,100794,100,99347,100,100806,100,99125,100
2019-06-28 10:03:40.000000000,100201,161,100097,161,100283,161,100096,261,100293,161,100046,161,100311,161,99962,161,100521,161,99878,161,100553,100,99514,100,100563,100,99467,100,100619,100,99402,100,100794,100,99347,100,100806,100,99125,100
2019-06-28 10:03:50.000000000,100201,252,100097,252,100283,252,100096,352,100293,100,100046,100,100311,100,99962,100,100521,100,99878,100,100553,100,99514,100,100563,100,99467,100,100619,100,99402,100,100794,100,99347,100,100806,100,99125,100
2019-06-28 10:03:57.050122813,100201,252,100097,252,100283,152,100096,352,100293,100,100046,100,100311,100,99962,100,100521,100,99878,100,100553,100,99514,100,100563,100,99467,100,100619,100,99402,100,100794,100,99347,100,100806,100,99125,100
2019-06-28 10:04:00.000000000,100201,176,100097,176,100293,176,100096,276,100311,176,100046,176,100521,176,99962,176,100553,100,99878,100,100563,100,99514,100,100619,100,99467,100,100794,100,99402,100,100806,100,99347,100,100994,100,99125,100
2019-06-28 10:04:10.000000000,100201,161,100097,161,100293,161,100096,261,100311,161,100046,161,100521,161,99962,161,100553,161,99878,161,100563,100,99514,100,100619,100,99467,100,100794,100,99402,100,100806,100,99347,100,100994,100,99125,100
2019-06-28 10:04:20.000000000,100201,252,100097,252,100293,252,100096,352,100311,100,100046,100,100521,100,99962,100,100553,100,99878,100,100563,100,99514,100,100619,100,99467,100,100794,100,99402,100,100806,100,99347,100,100994,100,99125,100
2019-06-28 10:04:21.030443800,100201,252,100097,252,100293,252,100096,352,100311,100,100046,100,100521,100,99962,100,100553,100,99878,100,100563,100,99767,100,100619,100,99514,100,100794,100,99467,100,100806,100,99402,100,100994,100,99347,100
2019-06-28 10:04:30.000000000,100201,161,100097,161,100293,161,100096,261,100311,161,100046,161,100521,161,99962,161,100553,161,99878,161,100563,100,99767,100,100619,100,99514,100,100794,100,99467,100,100806,100,99402,100,100994,100,99347,100
2019-06-28 10:04:40.000000000,100201,161,100097,161,100293,161,100096,261,100311,161,100046,161,100521,161,99962,161,100553,161,99878,161,100563,100,99767,100,100619,100,99514,100,100794,100,99467,100,100806,100,99402,100,100994,100,99347,100
2019-06-28 10:04:50.000000000,100201,161,100097,161,100293,161,100096,261,100311,161,100046,161,100521,161,99962,161,100553,161,99878,161,100563,100,99767,100,100619,100,99514,100,100794,100,99467,100,100806,100,99402,100,100994,100,99347,100
2019-06-28 10:04:54.641933906,100201,161,100097,61,100293,161,100096,261,100311,161,100046,161,100521,161,99962,161,100553,161,99878,161,100563,100,99767,100,100794,100,99514,100,100806,100,99467,100,100994,100,99402,100,101182,100,99347,100
2019-06-28 10:05:00.000000000,100201,176,100096,276,100293,176,100046,176,100311,176,99962,176,100521,176,99878,176,100553,100,99767,100,100563,100,99514,100,100794,100,99467,100,100806,100,99402,100,100994,100,99347,100,101182,100,99125,100
2019-06-28 10:05:10.000000000,100201,404,100096,504,100293,100,100046,100,100311,100,99962,100,100521,100,99878,100,100553,100,99767,100,100563,100,99514,100,100794,100,99467,100,100806,100,99402,100,100994,100,99347,100,101182,100,99125,100
2019-06-28 10:05:20.000000000,100201,161,100096,261,100293,161,100046,161,100311,161,99962,161,100521,161,99878,161,100553,161,99767,161,100563,100,99514,100,100794,100,99467,100,100806,100,99402,100,100994,100,99347,100,101182,100,99125,100
2019-06-28 10:05:30.000000000,100201,176,100096,276,100293,176,100046,176,100311,176,99962,176,100521,176,99878,176,100553,100,99767,100,100563,100,99514,100,100794,100,99467,100,100806,100,99402,100,100994,100,99347,100,101182,100,99125,100
2019-06-28 10:05:40.000000000,100201,203,100096,303,100293,200,100046,200,100311,200,99962,200,100521,100,99878,100,100553,100,99767,100,100563,100,99514,100,100794,100,99467,100,100806,100,99402,100,100994,100,99347,100,101182,100,99125,100
2019-06-28 10:05:47.281726047,100155,100,100096,203,100201,203,100046,200,100293,200,99962,200,100311,200,99878,100,100521,100,99767,100,100553,100,99514,100,100563,100,99467,100,100794,100,99402,100,100806,100,99347,100,100994,100,99125,100
2019-06-28 10:05:50.000000000,100155,176,100096,176,100201,176,100046,176,100293,176,99962,176,100311,176,99878,176,100521,100,99767,100,100553,100,99514,100,100563,100,99467,100,100794,100,99402,100,100806,100,99347,100,100994,100,99125,100
2019-06-28 10:06:00.000000000,100155,161,100096,161,100201,161,100046,161,100293,161,99962,161,100311,161,99878,161,100521,161,99767,161,100553,100,99514,100,100563,100,99467,100,100794,100,99402,100,100806,100,99347,100,100994,100,99125,100
2019-06-28 10:06:00.319793318,100155,161,100096,161,100201,161,100046,161,100293,61,99962,161,100311,161,99878,161,100521,161,99767,161,100553,100,99514,100,100563,100,99503,100,100794,100,99467,100,100806,100,99402,100,100994,100,99347,100
2019-06-28 10:06:01.225944696,100155,261,100096,161,100201,161,100046,161,100293,61,99962,161,100311,161,99878,161,100521,161,99767,161,100553,100,99514,100,100563,100,99503,100,100794,100,99467,100,100806,100,99402,100,100994,100,99347,100
2019-06-28 10:06:07.762935546,100155,261,100096,161,100201,161,100046,161,100293,61,99962,161,100311,161,99878,161,100521,161,99847,100,100553,100,99767,161,100563,100,99514,100,100794,100,99503,100,100806,100,99467,100,100994,100,99402,100
2019-06-28 10:06:10.000000000,100155,261,100096,161,100201,161,100046,161,100311,161,99962,161,100521,161,99878,161,100553,161,99847,161,100563,100,99767,100,100794,100,99514,100,100806,100,99503,100,100994,100,99467,100,101182,100,99402,100
2019-06-28 10:06:20.000000000,100155,352,100096,252,100201,252,100046,252,100311,100,99962,100,100521,100,99878,100,100553,100,99847,100,100563,100,99767,100,100794,100,99514,100,100806,100,99503,100,100994,100,99467,100,101182,100,99402,100
2019-06-28 10:06:23.512804067,100155,352,100096,152,100201,252,100046,252,100311,100,99962,100,100521,100,99878,100,100553,100,99847,100,100563,100,99767,100,100794,100,99514,100,100806,100,99503,100,100994,100,99467,100,101182,100,99402,100
2019-06-28 10:06:24.140252258,100155,352,100096,152,100201,252,100046,252,100311,100,99878,100,100521,100,99847,100,100553,100,99767,100,100563,100,99514,100,100794,100,99503,100,100806,100,99467,100,100994,100,99402,100,101182,100,99347,100
2019-06-28 10:06:30.000000000,100155,303,100046,203,100201,200,99878,200,100311,200,99847,200,100521,100,99767,100,100553,100,99514,100,100563,100,99503,100,100794,100,99467,100,100806,100,99402,100,100994,100,99347,100,101182,100,99125,100
2019-06-28 10:06:40.000000000,100155,303,100046,203,100201,200,99878,200,100311,200,99847,200,100521,100,99767,100,100553,100,99514,100,100563,100,99503,100,100794,100,99467,100,100806,100,99402,100,100994,100,99347,100,101182,100,99125,100
2019-06-28 10:06:50.000000000,100155,276,100046,176,100201,176,99878,176,100311,176,99847,176,100521,176,99767,176,100553,100,99514,100,100563,100,99503,100,100794,100,99467,100,100806,100,99402,100,100994,100,99347,100,101182,100,99125,100
2019-06-28 10:06:51.844473698,100155,276,100046,176,100201,176,99878,176,100311,176,99847,176,100521,176,99767,176,100553,100,99514,100,100563,100,99503,100,100794,100,99490,100,100806,100,99467,100,100994,100,99402,100,101182,100,99347,100
2019-06-28 10:07:00.000000000,100155,504,100046,404,100201,100,99878,100,100311,100,99847,100,100521,100,99767,100,100553,100,99514,100,100563,100,99503,100,100794,100,99490,100,100806,100,99467,100,100994,100,99402,100,101182,100,99347,100
2019-06-28 10:07:10.000000000,100155,276,100046,176,100201,176,99878,176,100311,176,99847,176,100521,176,99767,176,100553,100,99514,100,100563,100,99503,100,100794,100,99490,100,100806,100,99467,100,100994,100,99402,100,101182,100,99347,100
2019-06-28 10:07:18.451514777,100155,276,100046,76,100201,176,99878,176,100311,176,99847,176,100521,176,99767,176,100553,100,99514,100,100563,100,99503,100,100794,100,99490,100,100806,100,99467,100,100994,100,99402,100,101185,100,99347,100
2019-06-28 10:07:20.000000000,100155,504,99878,404,100201,100,99847,100,100311,100,99767,100,100521,100,99514,100,100553,100,99503,100,100563,100,99490,100,100794,100,99467,100,100806,100,99402,100,100994,100,99347,100,101185,100,99125,100
2019-06-28 10:07:29.401590065,100096,100,99878,404,100155,504,99847,100,100201,100,99767,100,100311,100,99514,100,100521,100,99503,100,100553,100,99490,100,100563,100,99467,100,100794,100,99402,100,100806,100,99347,100,100994,100,99125,100
2019-06-28 10:07:30.000000000,100096,203,99878,203,100155,300,99847,200,100201,200,99767,200,100311,100,99514,100,100521,100,99503,100,100553,100,99490,100,100563,100,99467,100,100794,100,99402,100,100806,100,99347,100,100994,100,99125,100
2019-06-28 10:07:37.457714305,99991,100,99878,203,100096,203,99847,200,100155,300,99767,200,100201,200,99514,100,100311,100,99503,100,100521,100,99490,100,100553,100,99467,100,100563,100,99402,100,100794,100,99347,100,100806,100,99125,100
2019-06-28 10:07:39.013377542,99991,100,99878,203,100096,303,99847,200,100155,300,99767,200,100201,200,99514,100,100311,100,99503,100,100521,100,99490,100,100553,100,99467,100,100563,100,99402,100,100794,100,99347,100,100806,100,99125,100
2019-06-28 10:07:39.041940282,99991,100,99943,100,100096,303,99878,203,100155,300,99847,200,100201,200,99767,200,100311,100,99514,100,100521,100,99503,100,100553,100,99490,100,100563,100,99467,100,100794,100,99402,100,100806,100,99347,100
2019-06-28 10:07:40.000000000,99991,404,99943,404,100096,200,99878,100,100155,200,99847,100,100201,100,99767,100,100311,100,99514,100,100521,100,99503,100,100553,100,99490,100,100563,100,99467,100,100794,100,99402,100,100806,100,99347,100
2019-06-28 10:07:46.730183957,99991,404,99943,404,100096,200,99878,100,100155,200,99847,100,100201,100,99767,100,100311,100,99717,100,100521,100,99514,100,100553,100,99503,100,100563,100,99490,100,100794,100,99467,100,100806,100,99402,100
2019-06-28 10:07:46.928683971,99991,404,99943,304,100096,200,99847,100,100155,200,99767,100,100201,100,99717,100,100311,100,99514,100,100521,100,99503,100,100553,100,99490,100,100563,100,99467,100,100794,100,99402,100,100806,100,99347,100
2019-06-28 10:07:50.000000000,99991,203,99847,203,100096,300,99767,200,100155,300,99717,200,100201,100,99514,100,100311,100,99503,100,100521,100,99490,100,100553,100,99467,100,100563,100,99402,100,100794,100,99347,100,100806,100,99125,100
2019-06-28 10:08:00.000000000,99991,404,99847,404,100096,200,99767,100,100155,200,99717,100,100201,100,99514,100,100311,100,99503,100,100521,100,99490,100,100553,100,99467,100,100563,100,99402,100,100794,100,99347,100,100806,100,99125,100
2019-06-28 10:08:10.000000000,99991,176,99847,176,100096,276,99767,176,100155,276,99717,176,100201,176,99514,176,100311,100,99503,100,100521,100,99490,100,100553,100,99467,100,100563,100,99402,100,100794,100,99347,100,100806,100,99125,100
2019-06-28 10:08:19.512109733,99990,100,99847,176,99991,176,99767,176,100096,276,99717,176,100155,276,99514,176,100201,176,99503,100,100311,100,99490,100,100521,100,99467,100,100553,100,99402,100,100563,100,99347,100,100794,100,99125,100
2019-06-28 10:08:20.000000000,99990,161,99847,161,99991,161,99767,161,100096,261,99717,161,100155,261,99514,161,100201,161,99503,161,100311,100,99490,100,100521,100,99467,100,100553,100,99402,100,100563,100,99347,100,100794,100,99125,100
2019-06-28 10:08:24.737126059,99990,161,99847,161,99991,161,99814,100,100096,261,99767,161,100155,261,99717,161,100201,161,99514,161,100311,100,99503,161,100521,100,99490,100,100563,100,99467,100,100794,100,99402,100,100806,100,99347,100
2019-06-28 10:08:29.452762472,99990,161,99847,161,99991,161,99814,100,100046,100,99767,161,100096,261,99717,161,100155,261,99514,161,100201,161,99503,161,100311,100,99490,100,100521,100,99467,100,100563,100,99402,100,100794,100,99347,100
2019-06-28 10:08:30.000000000,99990,161,99847,161,99991,161,99814,161,100046,161,99767,161,100096,261,99717,161,100155,261,99514,161,100201,100,99503,100,100311,100,99490,100,100521,100,99467,100,100563,100,99402,100,100794,100,99347,100
2019-06-28 10:08:30.098771715,99990,161,99907,100,99991,161,99847,161,100046,161,99814,161,100096,261,99767,161,100155,261,99717,161,100201,100,99514,161,100311,100,99503,100,100521,100,99490,100,100563,100,99467,100,100794,100,99402,100
2019-06-28 10:08:36.282744900,99990,61,99907,100,99991,161,99847,161,100046,161,99814,161,100096,261,99767,161,100155,261,99717,161,100201,100,99514,161,100311,100,99503,100,100563,100,99490,100,100794,100,99467,100,100806,100,99402,100
2019-06-28 10:08:40.000000000,99991,161,99907,161,100046,161,99847,161,100096,261,99814,161,100155,261,99767,161,100201,161,99717,161,100311,100,99514,100,100563,100,99503,100,100794,100,99490,100,100806,100,99467,100,100994,100,99402,100
2019-06-28 10:08:50.000000000,99991,404,99907,404,100046,100,99847,100,100096,200,99814,100,100155,200,99767,100,100201,100,99717,100,100311,100,99514,100,100563,100,99503,100,100794,100,99490,100,100806,100,99467,100,100994,100,99402,100
2019-06-28 10:08:53.710636984,99991,404,99907,404,100046,100,99847,100,100085,100,99814,100,100096,200,99767,100,100155,200,99717,100,100201,100,99514,100,100563,100,99503,100,100794,100,99490,100,100806,100,99467,100,100994,100,99402,100
2019-06-28 10:08:56.694581341,99915,100,99907,304,99991,404,99847,100,100046,100,99814,100,100085,100,99767,100,100096,200,99717,100,100155,200,99514,100,100201,100,99503,100,100563,100,99490,100,100794,100,99467,100,100806,100,99402,100
2019-06-28 10:09:00.000000000,99915,404,99847,404,99991,100,99814,100,100046,100,99767,100,100085,100,99717,100,100096,200,99514,100,100155,200,99503,100,100201,100,99490,100,100563,100,99467,100,100794,100,99402,100,100806,100,99347,100
2019-06-28 10:09:10.000000000,99915,161,99847,161,99991,161,99814,161,100046,161,99767,161,100085,161,99717,161,100096,261,99514,161,100155,200,99503,100,100201,100,99490,100,100563,100,99467,100,100794,100,99402,100,100806,100,99347,100
2019-06-28 10:09:13.598458498,99915,161,99847,161,99991,161,99814,61,100046,161,99767,161,100085,161,99717,161,100096,261,99514,161,100112,100,99503,100,100155,200,99490,100,100201,100,99467,100,100563,100,99402,100,100794,100,99347,100
