,ask_price_1,ask_size_1,bid_price_1,bid_size_1,ask_price_2,ask_size_2,bid_price_2,bid_size_2,ask_price_3,ask_size_3,bid_price_3,bid_size_3,ask_price_4,ask_size_4,bid_price_4,bid_size_4,ask_price_5,ask_size_5,bid_price_5,bid_size_5,ask_price_6,ask_size_6,bid_price_6,bid_size_6,ask_price_7,ask_size_7,bid_price_7,bid_size_7,ask_price_8,ask_size_8,bid_price_8,bid_size_8,ask_price_9,ask_size_9,bid_price_9,bid_size_9,ask_price_10,ask_size_10,bid_price_10,bid_size_10
2019-06-28 09:30:00.000000000,100020,100,,,,,,,,,,,,,,,,,,,,,,,,,,,,,,,,,,,,,,
2019-06-28 09:30:00.000000001,100020,100,99975,100,100070,100,,,,,,,,,,,,,,,,,,,,,,,,,,,,,,,,,,
2019-06-28 09:30:00.000000002,100020,100,99975,100,100070,100,99795,100,,,,,,,,,,,,,,,,,,,,,,,,,,,,,,,,
2019-06-28 09:30:00.000000005,100070,100,99975,100,,,99795,100,,,,,,,,,,,,,,,,,,,,,,,,,,,,,,,,
2019-06-28 09:30:00.000000007,100070,100,99984,100,,,99975,100,,,99795,100,,,,,,,,,,,,,,,,,,,,,,,,,,,,
2019-06-28 09:30:00.000000008,100032,100,99984,100,100070,100,99975,100,,,99795,100,,,,,,,,,,,,,,,,,,,,,,,,,,,,
2019-06-28 09:30:00.000000009,100032,100,99984,100,100070,100,99975,100,,,99956,100,,,99795,100,,,,,,,,,,,,,,,,,,,,,,,,
2019-06-28 09:30:00.000000010,100032,100,99984,100,100070,100,99975,100,,,99956,100,,,99909,100,,,99795,100,,,,,,,,,,,,,,,,,,,,
2019-06-28 09:30:00.000000012,100032,100,99984,100,100070,100,99975,100,,,99969,100,,,99956,100,,,99909,100,,,99795,100,,,,,,,,,,,,,,,,
2019-06-28 09:30:00.000000014,100032,100,99984,100,100070,100,99978,100,,,99975,100,,,99969,100,,,99956,100,,,99909,100,,,99795,100,,,,,,,,,,,,
2019-06-28 09:30:00.000000015,100018,100,99984,100,100032,100,99978,100,100070,100,99975,100,,,99969,100,,,99956,100,,,99909,100,,,99795,100,,,,,,,,,,,,
2019-06-28 09:30:00.000000016,100018,100,99984,100,100032,100,99978,100,100070,100,99975,100,,,99969,100,,,99962,100,,,99956,100,,,99909,100,,,99795,100,,,,,,,,
2019-06-28 09:30:00.000000017,100018,100,99984,100,100032,100,99978,100,100069,100,99975,100,100070,100,99969,100,,,99962,100,,,99956,100,,,99909,100,,,99795,100,,,,,,,,
2019-06-28 09:30:00.000000019,100018,100,99984,100,100032,100,99978,100,100069,100,99975,100,100070,100,99969,100,,,99962,100,,,99956,100,,,99922,100,,,99909,100,,,99795,100,,,,
2019-06-28 09:30:00.000000020,100018,100,99984,100,100032,100,99978,100,100069,200,99975,100,100070,100,99969,100,,,99962,100,,,99956,100,,,99922,100,,,99909,100,,,99795,100,,,,
2019-06-28 09:30:00.000000023,100018,100,99984,100,100031,100,99978,100,100032,100,99975,100,100069,200,99969,100,100070,100,99962,100,100160,100,99956,100,,,99922,100,,,99909,100,,,99795,100,,,,
2019-06-28 09:30:00.000000024,100018,100,99984,100,100031,100,99978,100,100032,100,99975,100,100069,200,99969,100,100070,100,99962,100,100129,100,99957,100,100160,100,99956,100,,,99922,100,,,99909,100,,,99795,100
2019-06-28 09:30:00.000000025,100018,100,99984,100,100031,100,99978,100,100032,100,99975,100,100069,200,99969,100,100070,100,99962,100,100129,100,99957,100,100160,100,99956,100,,,99942,100,,,99922,100,,,99909,100
2019-06-28 09:30:00.000000026,100018,100,99984,100,100031,100,99978,100,100032,100,99975,100,100069,200,99969,100,100070,100,99962,100,100129,100,99957,100,100160,100,99956,100,100191,100,99942,100,,,99922,100,,,99909,100
2019-06-28 09:30:00.000000030,100018,100,99984,100,100031,100,99978,100,100032,100,99975,100,100069,200,99969,100,100070,100,99962,100,100082,100,99957,100,100129,100,99956,100,100160,100,99942,100,100191,100,99922,100,,,99909,100
2019-06-28 09:30:00.000000032,100018,100,99984,100,100031,100,99978,100,100032,100,99975,100,100069,200,99969,100,100070,100,99962,100,100082,100,99957,100,100120,100,99956,200,100129,100,99942,100,100160,100,99922,100,100191,100,99909,100
2019-06-28 09:30:00.000000033,100018,100,99984,100,100031,100,99978,100,100032,100,99975,100,100069,200,99969,100,100070,100,99962,100,100082,100,99957,100,100120,100,99956,200,100129,100,99942,100,100160,100,99922,100,100191,100,99914,100
2019-06-28 09:30:00.000000034,100018,100,99984,100,100031,100,99978,100,100032,100,99975,100,100035,100,99969,100,100069,200,99962,100,100070,100,99957,100,100082,100,99956,200,100120,100,99942,100,100129,100,99922,100,100160,100,99914,100
2019-06-28 09:30:00.000000035,100018,100,99984,100,100031,100,99978,100,100032,100,99975,100,100035,100,99969,100,100059,100,99962,100,100069,200,99957,100,100070,100,99956,200,100082,100,99942,100,100120,100,99922,100,100129,100,99914,100
2019-06-28 09:30:00.000000036,100018,100,99984,100,100031,100,99978,100,100032,100,99975,100,100035,100,99969,100,100059,100,99962,100,100069,200,99957,100,100070,100,99956,200,100082,100,99942,100,100120,100,99922,100,100129,100,99914,100
2019-06-28 09:30:00.000000037,100018,100,99984,100,100031,100,99978,100,100032,100,99975,100,100035,100,99970,100,100059,100,99969,100,100069,200,99962,100,100070,100,99957,100,100082,100,99956,200,100120,100,99942,100,100129,100,99922,100
2019-06-28 09:30:00.000000039,100018,100,99984,100,100031,100,99978,100,100032,100,99975,100,100035,100,99970,100,100059,100,99969,100,100069,200,99962,100,100070,100,99957,100,100082,100,99956,200,100120,100,99942,100,100121,100,99922,100
2019-06-28 09:30:00.000000040,100018,100,99984,100,100031,100,99978,100,100032,100,99975,100,100035,100,99970,100,100046,100,99969,100,100059,100,99962,100,100069,200,99957,100,100070,100,99956,200,100082,100,99942,100,100120,100,99922,100
2019-06-28 09:30:00.000000041,100031,100,99984,100,100032,100,99978,100,100035,100,99975,100,100046,100,99970,100,100059,100,99969,100,100069,200,99962,100,100070,100,99957,100,100082,100,99956,200,100120,100,99942,100,100121,100,99922,100
2019-06-28 09:30:00.000000042,99985,100,99984,100,100031,100,99978,100,100032,100,99975,100,100035,100,99970,100,100046,100,99969,100,100059,100,99962,100,100069,200,99957,100,100070,100,99956,200,100082,100,99942,100,100120,100,99922,100
2019-06-28 09:30:00.000000043,100031,100,99984,100,100032,100,99978,100,100035,100,99975,100,100046,100,99970,100,100059,100,99969,100,100069,200,99962,100,100070,100,99957,100,100082,100,99956,200,100120,100,99942,100,100121,100,99922,100
2019-06-28 09:30:00.000000045,100031,100,99984,100,100032,100,99978,100,100035,100,99975,100,100046,100,99970,100,100059,100,99969,100,100069,200,99962,100,100070,100,99957,100,100082,100,99956,200,100116,100,99942,100,100120,100,99922,100
2019-06-28 09:30:00.000000046,100031,100,99984,100,100032,100,99982,100,100035,100,99978,100,100046,100,99975,100,100059,100,99970,100,100069,200,99969,100,100070,100,99962,100,100082,100,99957,100,100116,100,99956,200,100120,100,99942,100
2019-06-28 09:30:00.000000047,100031,100,99984,100,100032,100,99982,100,100035,100,99978,100,100046,100,99975,100,100059,100,99970,100,100069,200,99969,100,100070,100,99962,100,100082,100,99957,100,100116,100,99956,200,100120,100,99942,100
2019-06-28 09:30:00.000000049,100031,100,99984,100,100032,100,99982,100,100035,100,99978,100,100046,100,99975,100,100059,100,99970,100,100069,200,99969,100,100070,100,99962,100,100082,100,99957,100,100090,100,99956,200,100116,100,99942,100
2019-06-28 09:30:00.000000050,100031,100,99984,100,100032,100,99982,100,100035,100,99978,100,100046,100,99975,100,100059,100,99970,100,100069,200,99969,100,100070,100,99962,100,100082,100,99957,100,100090,100,99956,200,100116,100,99942,100
2019-06-28 09:30:00.000000051,100031,100,99984,100,100032,100,99982,100,100034,100,99978,100,100035,100,99975,100,100046,100,99970,100,100059,100,99969,100,100069,200,99962,100,100070,100,99957,100,100082,100,99956,200,100090,100,99942,100
2019-06-28 09:30:00.000000054,100005,100,99984,100,100031,100,99982,100,100032,100,99978,100,100034,100,99975,100,100035,100,99970,100,100042,100,99969,100,100046,100,99962,100,100059,100,99957,100,100069,200,99956,200,100070,100,99942,100
2019-06-28 09:30:00.000000056,100005,100,99982,100,100031,100,99978,100,100032,100,99975,100,100034,100,99970,100,100035,100,99969,100,100042,100,99962,100,100046,100,99957,100,100059,100,99956,200,100069,200,99942,100,100070,100,99922,100
2019-06-28 09:30:00.000000059,100005,100,99982,100,100031,100,99978,100,100032,100,99975,100,100034,100,99970,100,100035,100,99969,100,100042,100,99962,100,100046,100,99957,100,100059,100,99956,200,100069,200,99942,100,100070,100,99922,100
2019-06-28 09:30:00.000000060,100005,100,99982,100,100031,100,99978,100,100032,100,99975,100,100034,100,99970,100,100035,100,99969,100,100042,100,99962,100,100046,100,99957,100,100059,100,99956,200,100069,200,99942,100,100070,100,99922,100
2019-06-28 09:30:00.000000061,100005,100,99982,100,100031,100,99978,100,100032,100,99975,100,100034,100,99970,100,100035,100,99969,100,100042,100,99962,100,100046,100,99957,100,100059,100,99956,200,100061,100,99942,100,100069,200,99922,100
2019-06-28 09:30:00.000000062,100005,100,99982,100,100031,100,99978,100,100032,100,99975,100,100034,100,99970,100,100035,100,99969,100,100042,100,99962,100,100046,100,99957,100,100059,100,99956,200,100061,100,99942,100,100069,200,99922,100
2019-06-28 09:30:00.000000064,99985,100,99982,100,100005,100,99978,100,100031,100,99975,100,100032,100,99970,100,100034,100,99969,100,100035,100,99962,100,100042,100,99957,100,100046,100,99956,200,100059,100,99942,100,100061,100,99922,100
2019-06-28 09:30:00.000000065,99985,100,99982,100,100005,100,99978,100,100031,100,99975,100,100032,100,99970,100,100034,100,99969,100,100035,100,99962,100,100038,100,99957,100,100042,100,99956,200,100046,100,99942,100,100059,100,99922,100
2019-06-28 09:30:00.000000068,99985,100,99982,100,100005,100,99978,100,100031,200,99975,100,100032,100,99970,100,100034,100,99969,100,100035,100,99962,100,100038,100,99957,100,100042,100,99956,200,100046,100,99942,100,100059,100,99922,100
2019-06-28 09:30:00.000000075,99985,100,99982,100,100005,100,99978,100,100019,100,99975,100,100031,200,99970,100,100032,100,99969,100,100034,100,99962,100,100035,100,99957,100,100038,100,99956,200,100042,100,99942,100,100046,100,99922,100
2019-06-28 09:30:00.000000076,99985,100,99982,100,100005,100,99978,100,100019,100,99975,100,100027,100,99970,100,100031,200,99969,100,100032,100,99962,100,100034,100,99957,100,100035,100,99956,200,100038,100,99942,100,100042,100,99922,100
2019-06-28 09:30:00.000000079,99985,100,99984,100,100005,100,99982,100,100019,100,99978,100,100027,100,99975,100,100031,200,99970,100,100032,100,99969,100,100034,100,99962,100,100035,100,99957,100,100036,100,99956,200,100038,100,99942,100
2019-06-28 09:30:00.000000080,99985,100,99984,100,100005,100,99982,100,100019,100,99978,100,100027,100,99975,100,100031,200,99970,100,100032,100,99969,100,100034,100,99962,100,100035,100,99957,100,100036,100,99956,200,100038,100,99942,100
2019-06-28 09:30:00.000000093,99985,200,99984,100,100005,100,99982,100,100019,100,99978,100,100027,100,99975,100,100031,200,99970,100,100032,100,99969,100,100034,100,99962,100,100035,100,99957,100,100036,100,99956,200,100038,100,99942,100
2019-06-28 09:30:00.000000095,99985,200,99984,200,100005,100,99982,100,100019,100,99978,100,100027,100,99975,100,100031,200,99970,100,100032,100,99969,100,100034,100,99962,100,100035,100,99957,100,100036,100,99956,200,100038,100,99942,100
2019-06-28 09:30:00.000000097,99985,100,99984,200,100005,100,99982,100,100019,100,99978,100,100027,100,99975,100,100031,200,99970,100,100032,100,99969,100,100034,100,99962,100,100035,100,99957,100,100036,100,99956,200,100038,100,99942,100
2019-06-28 09:30:00.000000098,99985,100,99984,100,100005,100,99982,100,100019,100,99978,100,100027,100,99975,100,100031,200,99970,100,100032,100,99969,100,100034,100,99962,100,100035,100,99957,100,100036,100,99956,200,100038,100,99942,100
2019-06-28 09:30:10.000000000,99985,171,99984,171,100005,171,99982,171,100019,171,99978,171,100027,171,99975,171,100031,271,99970,171,100032,100,99969,100,100034,100,99962,100,100035,100,99957,100,100036,100,99956,200,100038,100,99942,100
2019-06-28 09:30:11.824928355,99985,171,99984,171,100005,171,99982,171,100019,171,99978,171,100027,171,99975,171,100031,271,99970,171,100032,100,99969,100,100034,100,99962,100,100035,100,99957,100,100036,100,99956,200,100038,100,99942,100
2019-06-28 09:30:20.000000000,99985,220,99984,220,100005,217,99982,217,100019,217,99978,217,100027,100,99975,100,100031,200,99970,100,100032,100,99969,100,100034,100,99962,100,100035,100,99957,100,100036,100,99956,200,100038,100,99942,100
2019-06-28 09:30:25.309203428,99985,220,99984,220,100005,217,99982,217,100019,217,99978,217,100027,100,99975,100,100031,200,99970,100,100032,100,99969,100,100034,100,99962,100,100035,100,99957,100,100036,100,99956,200,100038,100,99942,100
2019-06-28 09:30:30.000000000,99985,277,99984,277,100005,277,99982,277,100019,100,99978,100,100027,100,99975,100,100031,200,99970,100,100032,100,99969,100,100034,100,99962,100,100035,100,99957,100,100036,100,99956,200,100038,100,99942,100
2019-06-28 09:30:37.620773785,99985,277,99984,277,100005,277,99982,277,100019,100,99978,100,100027,100,99975,100,100031,200,99970,100,100032,100,99969,100,100034,100,99962,100,100035,100,99957,100,100036,100,99956,200,100038,100,99942,100
2019-06-28 09:30:40.000000000,99985,454,99984,454,100005,100,99982,100,100019,100,99978,100,100027,100,99975,100,100031,200,99970,100,100032,100,99969,100,100034,100,99962,100,100035,100,99957,100,100036,100,99956,200,100038,100,99942,100
2019-06-28 09:30:50.000000000,99985,171,99984,171,100005,171,99982,171,100019,171,99978,171,100027,171,99975,171,100031,271,99970,171,100032,100,99969,100,100034,100,99962,100,100035,100,99957,100,100036,100,99956,200,100038,100,99942,100
2019-06-28 09:30:50.087332767,99985,171,99984,171,100005,171,99982,171,100019,171,99978,171,100027,171,99975,171,100031,271,99970,171,100032,100,99969,100,100034,100,99962,100,100035,100,99957,100,100036,100,99956,200,100038,200,99942,100
2019-06-28 09:31:00.000000000,99985,188,99984,188,100005,188,99982,188,100019,188,99978,188,100027,188,99975,188,100031,200,99970,100,100032,100,99969,100,100034,100,99962,100,100035,100,99957,100,100036,100,99956,200,100038,200,99942,100
2019-06-28 09:31:00.744433425,99985,188,99984,188,100005,188,99982,188,100019,188,99978,188,100027,188,99975,188,100031,200,99970,100,100032,100,99969,100,100034,100,99962,100,100035,100,99957,100,100036,100,99956,200,100038,200,99942,100
2019-06-28 09:31:01.206870822,99985,188,99984,188,100005,188,99982,188,100019,188,99978,188,100027,188,99975,188,100031,200,99970,100,100032,100,99969,100,100034,100,99962,100,100035,100,99957,100,100036,100,99956,200,100038,200,99942,100
2019-06-28 09:31:10.000000000,99985,277,99984,277,100005,277,99982,277,100019,100,99978,100,100027,100,99975,100,100031,200,99970,100,100032,100,99969,100,100034,100,99962,100,100035,100,99957,100,100036,100,99956,200,100038,200,99942,100
2019-06-28 09:31:20.000000000,99985,171,99984,171,100005,171,99982,171,100019,171,99978,171,100027,171,99975,171,100031,271,99970,171,100032,100,99969,100,100034,100,99962,100,100035,100,99957,100,100036,100,99956,200,100038,200,99942,100
2019-06-28 09:31:29.066136284,99985,171,99984,171,100005,171,99982,171,100019,171,99978,171,100027,171,99975,171,100031,271,99970,171,100032,100,99969,100,100034,100,99962,100,100035,100,99957,100,100036,100,99956,200,100038,200,99942,100
2019-06-28 09:31:30.000000000,99985,220,99984,220,100005,217,99982,217,100019,217,99978,217,100027,100,99975,100,100031,200,99970,100,100032,100,99969,100,100034,100,99962,100,100035,100,99957,100,100036,100,99956,200,100038,200,99942,100
2019-06-28 09:31:40.000000000,99985,454,99984,454,100005,100,99982,100,100019,100,99978,100,100027,100,99975,100,100031,200,99970,100,100032,100,99969,100,100034,100,99962,100,100035,100,99957,100,100036,100,99956,200,100038,200,99942,100
2019-06-28 09:31:41.134869370,99985,454,99984,354,100005,100,99982,100,100019,100,99978,100,100027,100,99975,100,100031,200,99970,100,100032,100,99969,100,100034,100,99962,100,100035,100,99957,100,100036,100,99956,200,100038,200,99942,100
2019-06-28 09:31:50.000000000,99985,277,99982,277,100005,277,99978,277,100019,100,99975,100,100027,100,99970,100,100031,200,99969,100,100032,100,99962,100,100034,100,99957,100,100035,100,99956,200,100036,100,99942,100,100038,200,99922,100
2019-06-28 09:31:50.854643677,99985,277,99982,277,100005,277,99978,277,100019,100,99975,100,100027,100,99970,100,100031,200,99969,100,100032,100,99962,100,100034,100,99957,100,100035,100,99956,200,100036,100,99942,100,100038,200,99922,100
2019-06-28 09:31:54.062577109,99985,277,99982,277,100005,277,99978,277,100019,100,99975,100,100027,100,99970,100,100031,200,99969,100,100032,100,99962,100,100034,100,99957,100,100035,100,99956,200,100036,100,99942,100,100038,200,99922,100
2019-06-28 09:31:56.965531118,99985,177,99982,277,100005,277,99978,277,100019,100,99975,100,100027,100,99970,100,100031,200,99969,100,100032,100,99962,100,100034,100,99957,100,100035,100,99956,200,100036,100,99942,100,100038,200,99918,100
2019-06-28 09:32:00.000000000,100005,188,99982,188,100019,188,99978,188,100027,188,99975,188,100031,288,99970,188,100032,100,99969,100,100034,100,99962,100,100035,100,99957,100,100036,100,99956,200,100038,200,99942,100,100042,100,99918,100
2019-06-28 09:32:03.858369254,100005,188,99982,188,100019,188,99978,188,100027,188,99975,188,100031,288,99970,188,100032,100,99969,100,100034,100,99962,100,100035,100,99957,100,100036,100,99956,200,100038,200,99942,100,100042,100,99918,100
2019-06-28 09:32:10.000000000,100005,188,99982,188,100019,188,99978,188,100027,188,99975,188,100031,288,99970,188,100032,100,99969,100,100034,100,99962,100,100035,100,99957,100,100036,100,99956,200,100038,200,99942,100,100042,100,99918,100
2019-06-28 09:32:14.063527361,100005,188,99982,188,100019,188,99978,188,100027,188,99975,188,100031,288,99970,188,100032,100,99969,100,100034,100,99962,100,100035,100,99957,100,100036,100,99956,200,100038,200,99942,100,100042,100,99918,100
2019-06-28 09:32:16.068507051,100005,188,99982,188,100019,188,99978,188,100027,188,99975,188,100031,288,99970,188,100032,100,99969,100,100034,100,99962,100,100035,100,99957,100,100036,100,99956,200,100038,200,99942,100,100042,100,99918,100
2019-06-28 09:32:20.000000000,100005,171,99982,171,100019,171,99978,171,100027,171,99975,171,100031,271,99970,171,100032,171,99969,171,100034,100,99962,100,100035,100,99957,100,100036,100,99956,200,100038,200,99942,100,100042,100,99918,100
2019-06-28 09:32:30.000000000,100005,277,99982,277,100019,277,99978,277,100027,100,99975,100,100031,200,99970,100,100032,100,99969,100,100034,100,99962,100,100035,100,99957,100,100036,100,99956,200,100038,200,99942,100,100042,100,99918,100
2019-06-28 09:32:40.000000000,100005,220,99982,220,100019,217,99978,217,100027,217,99975,217,100031,200,99970,100,100032,100,99969,100,100034,100,99962,100,100035,100,99957,100,100036,100,99956,200,100038,200,99942,100,100042,100,99918,100
2019-06-28 09:32:45.240962935,100005,220,99982,220,100019,217,99978,217,100027,217,99975,217,100031,200,99970,100,100032,100,99969,100,100034,100,99962,100,100035,100,99957,100,100038,200,99956,200,100042,100,99942,100,100046,100,99918,100
2019-06-28 09:32:50.000000000,100005,188,99982,188,100019,188,99978,188,100027,188,99975,188,100031,288,99970,188,100032,100,99969,100,100034,100,99962,100,100035,100,99957,100,100038,200,99956,200,100042,100,99942,100,100046,100,99918,100
2019-06-28 09:32:52.751415372,100005,188,99982,188,100019,188,99978,188,100027,188,99975,188,100031,288,99970,188,100032,100,99969,100,100034,100,99962,100,100035,100,99957,100,100038,200,99956,200,100042,100,99942,100,100046,100,99918,100
2019-06-28 09:33:00.000000000,100005,188,99982,188,100019,188,99978,188,100027,188,99975,188,100031,288,99970,188,100032,100,99969,100,100034,100,99962,100,100035,100,99957,100,100038,200,99956,200,100042,100,99942,100,100046,100,99918,100
2019-06-28 09:33:08.357576205,99984,100,99982,188,100005,188,99978,188,100019,188,99975,188,100027,188,99970,188,100031,288,99969,100,100032,100,99962,100,100034,100,99957,100,100035,100,99956,200,100038,200,99942,100,100042,100,99918,100
2019-06-28 09:33:10.000000000,99984,188,99982,188,100005,188,99978,188,100019,188,99975,188,100027,188,99970,188,100031,200,99969,100,100032,100,99962,100,100034,100,99957,100,100035,100,99956,200,100038,200,99942,100,100042,100,99918,100
2019-06-28 09:33:11.106239801,99984,188,99982,188,100005,188,99978,188,100019,188,99975,188,100027,188,99970,188,100031,200,99969,100,100032,100,99962,100,100034,100,99957,100,100035,100,99956,200,100038,200,99942,100,100042,100,99918,100
2019-06-28 09:33:20.000000000,99984,277,99982,277,100005,277,99978,277,100019,100,99975,100,100027,100,99970,100,100031,200,99969,100,100032,100,99962,100,100034,100,99957,100,100035,100,99956,200,100038,200,99942,100,100042,100,99918,100
2019-06-28 09:33:26.834578123,99984,277,99982,277,100005,277,99978,277,100019,100,99975,100,100027,100,99970,100,100031,200,99969,100,100032,100,99962,100,100034,100,99957,100,100035,100,99956,200,100038,200,99942,100,100042,100,99918,100
2019-06-28 09:33:30.000000000,99984,277,99982,277,100005,277,99978,277,100019,100,99975,100,100027,100,99970,100,100031,200,99969,100,100032,100,99962,100,100034,100,99957,100,100035,100,99956,200,100038,200,99942,100,100042,100,99918,100
2019-06-28 09:33:40.000000000,99984,188,99982,188,100005,188,99978,188,100019,188,99975,188,100027,188,99970,188,100031,200,99969,100,100032,100,99962,100,100034,100,99957,100,100035,100,99956,200,100038,200,99942,100,100042,100,99918,100
2019-06-28 09:33:50.000000000,99984,454,99982,454,100005,100,99978,100,100019,100,99975,100,100027,100,99970,100,100031,200,99969,100,100032,100,99962,100,100034,100,99957,100,100035,100,99956,200,100038,200,99942,100,100042,100,99918,100
2019-06-28 09:33:52.330001633,99984,354,99982,454,100005,100,99978,100,100019,100,99975,100,100027,100,99970,100,100031,200,99969,100,100032,100,99957,100,100034,100,99956,200,100035,100,99942,100,100038,200,99918,100,100042,100,99914,100
2019-06-28 09:33:54.266587555,99984,254,99982,454,100005,100,99978,100,100019,100,99975,100,100027,100,99970,100,100031,200,99969,100,100032,100,99957,100,100034,100,99956,200,100035,100,99942,100,100038,200,99918,100,100042,100,99914,100
2019-06-28 09:34:00.000000000,100005,454,99982,454,100019,100,99978,100,100027,100,99975,100,100031,200,99970,100,100032,100,99969,100,100034,100,99957,100,100035,100,99956,200,100038,200,99942,100,100042,100,99918,100,100046,100,99914,100
2019-06-28 09:34:10.000000000,100005,188,99982,188,100019,188,99978,188,100027,188,99975,188,100031,288,99970,188,100032,100,99969,100,100034,100,99957,100,100035,100,99956,200,100038,200,99942,100,100042,100,99918,100,100046,100,99914,100
2019-06-28 09:34:10.812754708,100005,88,99982,188,100019,188,99978,188,100027,188,99975,188,100031,288,99970,188,100032,100,99969,100,100034,100,99957,100,100035,100,99956,200,100038,200,99942,100,100042,100,99918,100,100046,100,99914,100
2019-06-28 09:34:15.153547511,100005,88,99982,188,100019,188,99978,188,100027,188,99975,188,100031,288,99970,188,100032,100,99969,100,100034,100,99957,100,100035,100,99956,200,100038,200,99942,100,100042,100,99918,100,100046,100,99914,100
2019-06-28 09:34:20.000000000,100019,220,99982,220,100027,217,99978,217,100031,317,99975,217,100032,100,99970,100,100034,100,99969,100,100035,100,99957,100,100038,200,99956,200,100042,100,99942,100,100046,100,99918,100,100059,100,99914,100
2019-06-28 09:34:28.558479307,100019,120,99982,220,100027,217,99978,217,100031,317,99975,117,100032,100,99970,100,100034,100,99969,100,100035,100,99957,100,100038,200,99956,200,100042,100,99942,100,100046,100,99918,100,100059,100,99914,100
2019-06-28 09:34:30.000000000,100027,171,99982,171,100031,271,99978,171,100032,171,99970,171,100034,171,99969,171,100035,171,99957,171,100038,200,99956,200,100042,100,99942,100,100046,100,99918,100,100059,100,99914,100,100061,100,99909,100
2019-06-28 09:34:40.000000000,100027,171,99982,171,100031,271,99978,171,100032,171,99970,171,100034,171,99969,171,100035,171,99957,171,100038,200,99956,200,100042,100,99942,100,100046,100,99918,100,100059,100,99914,100,100061,100,99909,100
2019-06-28 09:34:50.000000000,100027,220,99982,220,100031,317,99978,217,100032,217,99970,217,100034,100,99969,100,100035,100,99957,100,100038,200,99956,200,100042,100,99942,100,100046,100,99918,100,100059,100,99914,100,100061,100,99909,100
2019-06-28 09:35:00.000000000,100027,277,99982,277,100031,377,99978,277,100032,100,99970,100,100034,100,99969,100,100035,100,99957,100,100038,200,99956,200,100042,100,99942,100,100046,100,99918,100,100059,100,99914,100,100061,100,99909,100
2019-06-28 09:35:09.871116120,100027,277,99982,277,100031,377,99978,277,100032,100,99970,100,100034,100,99969,100,100035,100,99957,100,100038,200,99956,200,100042,100,99942,100,100046,100,99918,100,100059,100,99914,100,100061,100,99909,100
2019-06-28 09:35:10.000000000,100027,188,99982,188,100031,288,99978,188,100032,188,99970,188,100034,188,99969,188,100035,100,99957,100,100038,200,99956,200,100042,100,99942,100,100046,100,99918,100,100059,100,99914,100,100061,100,99909,100
2019-06-28 09:35:20.000000000,100027,277,99982,277,100031,377,99978,277,100032,100,99970,100,100034,100,99969,100,100035,100,99957,100,100038,200,99956,200,100042,100,99942,100,100046,100,99918,100,100059,100,99914,100,100061,100,99909,100
2019-06-28 09:35:25.938980228,100027,277,99982,277,100031,377,99978,277,100032,100,99970,100,100034,100,99969,100,100035,100,99957,100,100038,200,99956,200,100042,100,99942,100,100046,100,99918,100,100059,100,99914,100,100061,100,99909,100
2019-06-28 09:35:30.000000000,100027,188,99982,188,100031,288,99978,188,100032,188,99970,188,100034,188,99969,188,100035,100,99957,100,100038,200,99956,200,100042,100,99942,100,100046,100,99918,100,100059,100,99914,100,100061,100,99909,100
2019-06-28 09:35:40.000000000,100027,188,99982,188,100031,288,99978,188,100032,188,99970,188,100034,188,99969,188,100035,100,99957,100,100038,200,99956,200,100042,100,99942,100,100046,100,99918,100,100059,100,99914,100,100061,100,99909,100
2019-06-28 09:35:42.772025747,100027,88,99982,188,100031,288,99978,188,100032,188,99970,188,100034,188,99969,188,100035,100,99957,100,100038,200,99956,200,100042,100,99942,100,100046,100,99918,100,100059,100,99914,100,100061,100,99909,100
2019-06-28 09:35:44.956652025,100027,88,99982,188,100031,288,99978,188,100032,188,99970,188,100034,188,99969,188,100035,100,99957,100,100038,200,99956,200,100042,100,99918,100,100046,100,99914,100,100059,100,99909,100,100061,100,99905,100
2019-06-28 09:35:48.114591479,100027,88,99982,88,100031,288,99978,188,100032,188,99970,188,100034,188,99969,188,100035,100,99957,100,100038,200,99956,200,100042,100,99918,100,100046,100,99914,100,100059,100,99909,100,100061,100,99905,100
2019-06-28 09:35:50.000000000,100031,271,99978,171,100032,171,99970,171,100034,171,99969,171,100035,171,99957,171,100038,271,99956,271,100042,100,99918,100,100046,100,99914,100,100059,100,99909,100,100061,100,99905,100,100069,200,99901,100
2019-06-28 09:36:00.000000000,100031,320,99978,220,100032,217,99970,217,100034,217,99969,217,100035,100,99957,100,100038,200,99956,200,100042,100,99918,100,100046,100,99914,100,100059,100,99909,100,100061,100,99905,100,100069,200,99901,100
2019-06-28 09:36:10.000000000,100031,320,99978,220,100032,217,99970,217,100034,217,99969,217,100035,100,99957,100,100038,200,99956,200,100042,100,99918,100,100046,100,99914,100,100059,100,99909,100,100061,100,99905,100,100069,200,99901,100
2019-06-28 09:36:13.974734378,100031,320,99978,220,100032,217,99970,217,100034,217,99969,217,100035,100,99957,100,100038,100,99956,200,100042,100,99918,100,100046,100,99914,100,100059,100,99909,100,100061,100,99905,100,100069,200,99901,100
2019-06-28 09:36:20.000000000,100031,288,99978,188,100032,188,99970,188,100034,188,99969,188,100035,188,99957,188,100038,100,99956,200,100042,100,99918,100,100046,100,99914,100,100059,100,99909,100,100061,100,99905,100,100069,200,99901,100
2019-06-28 09:36:30.000000000,100031,271,99978,171,100032,171,99970,171,100034,171,99969,171,100035,171,99957,171,100038,171,99956,271,100042,100,99918,100,100046,100,99914,100,100059,100,99909,100,100061,100,99905,100,100069,200,99901,100
2019-06-28 09:36:38.723674253,100031,271,99978,171,100032,171,99970,171,100034,171,99969,171,100035,171,99957,171,100038,171,99956,271,100042,100,99918,100,100046,100,99914,100,100059,100,99909,100,100069,200,99905,100,100074,100,99901,100
2019-06-28 09:36:40.000000000,100031,320,99978,220,100032,217,99970,217,100034,217,99969,217,100035,100,99957,100,100038,100,99956,200,100042,100,99918,100,100046,100,99914,100,100059,100,99909,100,100069,200,99905,100,100074,100,99901,100
2019-06-28 09:36:50.000000000,100031,288,99978,188,100032,188,99970,188,100034,188,99969,188,100035,188,99957,188,100038,100,99956,200,100042,100,99918,100,100046,100,99914,100,100059,100,99909,100,100069,200,99905,100,100074,100,99901,100
2019-06-28 09:36:51.788409228,100031,188,99978,188,100032,188,99970,188,100034,188,99969,188,100035,188,99957,188,100038,100,99956,200,100042,100,99918,100,100046,100,99914,100,100059,100,99909,100,100069,200,99905,100,100074,100,99901,100
2019-06-28 09:36:52.476914718,100031,88,99978,88,100032,188,99970,188,100034,188,99969,188,100035,188,99957,188,100038,100,99956,200,100042,100,99918,100,100046,100,99914,100,100059,100,99909,100,100069,200,99905,100,100074,100,99901,100
2019-06-28 09:36:54.475245613,100032,188,100031,12,100034,188,99978,88,100035,188,99970,188,100038,100,99969,188,100042,100,99957,188,100046,100,99956,200,100059,100,99918,100,100069,200,99914,100,100074,100,99909,100,100090,100,99905,100
2019-06-28 09:37:00.000000000,100032,188,100031,100,100034,188,99970,188,100035,188,99969,188,100038,188,99957,188,100042,100,99956,200,100046,100,99918,100,100059,100,99914,100,100069,200,99909,100,100074,100,99905,100,100090,100,99901,100
2019-06-28 09:37:03.414340606,100032,188,100031,100,100034,188,99970,188,100035,188,99969,188,100038,188,99957,188,100042,100,99956,200,100046,100,99918,100,100059,100,99914,100,100069,200,99909,100,100074,100,99905,100,100090,100,99901,100
2019-06-28 09:37:10.000000000,100032,277,100031,189,100034,277,99970,277,100035,100,99969,100,100038,100,99957,100,100042,100,99956,200,100046,100,99918,100,100059,100,99914,100,100069,200,99909,100,100074,100,99905,100,100090,100,99901,100
2019-06-28 09:37:14.504841455,100032,177,100031,189,100034,277,99970,277,100035,100,99969,100,100038,100,99957,100,100042,100,99956,200,100046,100,99918,100,100059,100,99914,100,100069,200,99909,100,100074,100,99905,100,100090,100,99901,100
2019-06-28 09:37:18.473745209,100032,177,100031,189,100034,277,99970,277,100035,100,99969,100,100038,100,99957,100,100042,100,99956,200,100046,100,99918,100,100059,100,99914,100,100069,200,99909,100,100074,100,99905,100,100090,100,99901,100
2019-06-28 09:37:20.000000000,100034,454,100031,366,100035,100,99970,100,100038,100,99969,100,100042,100,99957,100,100046,100,99956,200,100059,100,99918,100,100069,200,99914,100,100074,100,99909,100,100090,100,99905,100,100103,100,99901,100
2019-06-28 09:37:30.000000000,100034,171,100031,83,100035,171,99970,171,100038,171,99969,171,100042,171,99957,171,100046,171,99956,271,100059,100,99918,100,100069,200,99914,100,100074,100,99909,100,100090,100,99905,100,100103,100,99901,100
2019-06-28 09:37:40.000000000,100034,171,100031,83,100035,171,99970,171,100038,171,99969,171,100042,171,99957,171,100046,171,99956,271,100059,100,99918,100,100069,200,99914,100,100074,100,99909,100,100090,100,99905,100,100103,100,99901,100
2019-06-28 09:37:50.000000000,100034,454,100031,366,100035,100,99970,100,100038,100,99969,100,100042,100,99957,100,100046,100,99956,200,100059,100,99918,100,100069,200,99914,100,100074,100,99909,100,100090,100,99905,100,100103,100,99901,100
2019-06-28 09:37:59.042093377,100034,454,100031,366,100035,100,99970,100,100038,100,99969,100,100042,100,99957,100,100046,100,99956,200,100057,100,99918,100,100059,100,99914,100,100069,200,99909,100,100074,100,99905,100,100090,100,99894,100
2019-06-28 09:38:00.000000000,100034,188,100031,100,100035,188,99970,188,100038,188,99969,188,100042,188,99957,188,100046,100,99956,200,100057,100,99918,100,100059,100,99914,100,100069,200,99909,100,100074,100,99905,100,100090,100,99894,100
2019-06-28 09:38:03.109961779,100034,88,100031,100,100035,188,99970,188,100038,188,99969,188,100042,188,99957,188,100046,100,99956,200,100057,100,99918,100,100059,100,99914,100,100069,200,99909,100,100074,100,99905,100,100090,100,99894,100
2019-06-28 09:38:04.220827072,100034,88,100031,100,100035,188,99970,188,100038,188,99969,188,100042,188,99957,188,100046,100,99956,200,100057,100,99918,100,100059,100,99914,100,100062,100,99909,100,100069,200,99905,100,100074,100,99894,100
2019-06-28 09:38:10.000000000,100035,171,100031,83,100038,171,99970,171,100042,171,99969,171,100046,171,99957,171,100057,171,99956,271,100059,100,99918,100,100062,100,99914,100,100069,200,99909,100,100074,100,99905,100,100090,100,99894,100
2019-06-28 09:38:20.000000000,100035,188,100031,100,100038,188,99970,188,100042,188,99969,188,100046,188,99957,188,100057,100,99956,200,100059,100,99918,100,100062,100,99914,100,100069,200,99909,100,100074,100,99905,100,100090,100,99894,100
2019-06-28 09:38:30.000000000,100035,454,100031,366,100038,100,99970,100,100042,100,99969,100,100046,100,99957,100,100057,100,99956,200,100059,100,99918,100,100062,100,99914,100,100069,200,99909,100,100074,100,99905,100,100090,100,99894,100
2019-06-28 09:38:39.955258910,100035,454,100031,366,100038,100,99970,100,100042,100,99969,100,100046,100,99957,100,100057,100,99956,200,100059,100,99918,100,100062,100,99914,100,100069,100,99909,100,100074,100,99905,100,100090,100,99894,100
2019-06-28 09:38:40.000000000,100035,454,100031,366,100038,100,99970,100,100042,100,99969,100,100046,100,99957,100,100057,100,99956,200,100059,100,99918,100,100062,100,99914,100,100069,100,99909,100,100074,100,99905,100,100090,100,99894,100
2019-06-28 09:38:50.000000000,100035,171,100031,83,100038,171,99970,171,100042,171,99969,171,100046,171,99957,171,100057,171,99956,271,100059,100,99918,100,100062,100,99914,100,100069,100,99909,100,100074,100,99905,100,100090,100,99894,100
2019-06-28 09:38:52.061991793,100035,171,100031,83,100038,171,99970,171,100042,171,99969,171,100046,171,99957,171,100057,171,99956,271,100059,100,99944,100,100062,100,99918,100,100069,100,99914,100,100074,100,99909,100,100090,100,99905,100
2019-06-28 09:39:00.000000000,100035,171,100031,83,100038,171,99970,171,100042,171,99969,171,100046,171,99957,171,100057,171,99956,271,100059,100,99944,100,100062,100,99918,100,100069,100,99914,100,100074,100,99909,100,100090,100,99905,100
2019-06-28 09:39:10.000000000,100035,277,100031,189,100038,277,99970,277,100042,100,99969,100,100046,100,99957,100,100057,100,99956,200,100059,100,99944,100,100062,100,99918,100,100069,100,99914,100,100074,100,99909,100,100090,100,99905,100
2019-06-28 09:39:20.000000000,100035,454,100031,366,100038,100,99970,100,100042,100,99969,100,100046,100,99957,100,100057,100,99956,200,100059,100,99944,100,100062,100,99918,100,100069,100,99914,100,100074,100,99909,100,100090,100,99905,100
2019-06-28 09:39:20.073325486,100035,454,100031,366,100038,100,99970,100,100042,100,99969,100,100046,100,99957,100,100057,100,99956,200,100059,100,99944,100,100062,100,99918,100,100069,100,99914,100,100074,100,99909,100,100090,100,99905,100
2019-06-28 09:39:23.544047106,100035,454,100032,100,100038,100,100031,354,100042,100,99970,100,100046,100,99969,100,100057,100,99957,100,100059,100,99956,200,100062,100,99944,100,100069,100,99918,100,100074,100,99914,100,100090,100,99909,100
2019-06-28 09:39:30.000000000,100035,188,100032,188,100038,188,99970,188,100042,188,99969,188,100046,188,99957,188,100057,100,99956,200,100059,100,99944,100,100062,100,99918,100,100069,100,99914,100,100074,100,99909,100,100090,100,99905,100
2019-06-28 09:39:32.897696263,100035,188,100032,188,100038,188,99970,188,100042,188,99969,88,100046,188,99957,188,100057,100,99956,200,100059,100,99944,100,100062,100,99918,100,100069,100,99914,100,100074,100,99909,100,100090,100,99905,100
2019-06-28 09:39:33.123785307,100035,188,100032,188,100038,188,99970,188,100042,188,99969,88,100046,188,99957,188,100057,100,99956,200,100059,100,99944,100,100062,100,99923,100,100069,100,99918,100,100074,100,99914,100,100090,100,99909,100
2019-06-28 09:39:40.000000000,100035,277,100032,277,100038,277,99970,277,100042,100,99957,100,100046,100,99956,200,100057,100,99944,100,100059,100,99923,100,100062,100,99918,100,100069,100,99914,100,100074,100,99909,100,100090,100,99905,100
2019-06-28 09:39:50.000000000,100035,454,100032,454,100038,100,99970,100,100042,100,99957,100,100046,100,99956,200,100057,100,99944,100,100059,100,99923,100,100062,100,99918,100,100069,100,99914,100,100074,100,99909,100,100090,100,99905,100
2019-06-28 09:40:00.000000000,100035,277,100032,277,100038,277,99970,277,100042,100,99957,100,100046,100,99956,200,100057,100,99944,100,100059,100,99923,100,100062,100,99918,100,100069,100,99914,100,100074,100,99909,100,100090,100,99905,100
2019-06-28 09:40:10.000000000,100035,171,100032,171,100038,171,99970,171,100042,171,99957,171,100046,171,99956,271,100057,171,99944,171,100059,100,99923,100,100062,100,99918,100,100069,100,99914,100,100074,100,99909,100,100090,100,99905,100
2019-06-28 09:40:20.000000000,100035,220,100032,220,100038,217,99970,217,100042,217,99957,217,100046,100,99956,200,100057,100,99944,100,100059,100,99923,100,100062,100,99918,100,100069,100,99914,100,100074,100,99909,100,100090,100,99905,100
2019-06-28 09:40:30.000000000,100035,220,100032,220,100038,217,99970,217,100042,217,99957,217,100046,100,99956,200,100057,100,99944,100,100059,100,99923,100,100062,100,99918,100,100069,100,99914,100,100074,100,99909,100,100090,100,99905,100
2019-06-28 09:40:32.238838623,100035,120,100032,220,100038,217,99970,217,100042,217,99957,217,100046,100,99956,200,100057,100,99944,100,100059,100,99923,100,100062,100,99918,100,100069,100,99914,100,100074,100,99909,100,100090,100,99905,100
2019-06-28 09:40:40.000000000,100038,220,100032,220,100042,217,99970,217,100046,217,99957,217,100057,100,99956,200,100059,100,99944,100,100062,100,99923,100,100069,100,99918,100,100074,100,99914,100,100090,100,99909,100,100103,100,99905,100
2019-06-28 09:40:40.529065997,100038,120,100032,220,100042,217,99970,217,100046,217,99957,217,100057,100,99956,200,100059,100,99944,100,100062,100,99923,100,100069,100,99918,100,100074,100,99914,100,100090,100,99909,100,100103,100,99905,100
2019-06-28 09:40:40.874598348,100038,120,100032,220,100042,217,99970,217,100046,217,99957,217,100057,100,99956,200,100059,100,99944,100,100062,100,99923,100,100069,100,99918,100,100074,100,99914,100,100090,100,99909,100,100103,100,99905,100
2019-06-28 09:40:50.000000000,100042,277,100032,277,100046,277,99970,277,100057,100,99957,100,100059,100,99956,200,100062,100,99944,100,100069,100,99923,100,100074,100,99918,100,100090,100,99914,100,100103,100,99909,100,100116,100,99905,100
2019-06-28 09:40:52.059779137,100042,277,100034,100,100046,277,100032,277,100057,100,99970,277,100059,100,99957,100,100062,100,99956,200,100069,100,99944,100,100074,100,99923,100,100090,100,99918,100,100103,100,99914,100,100116,100,99909,100
2019-06-28 09:41:00.000000000,100042,277,100034,277,100046,277,100032,277,100057,100,99970,100,100059,100,99957,100,100062,100,99956,200,100069,100,99944,100,100074,100,99923,100,100090,100,99918,100,100103,100,99914,100,100116,100,99909,100
2019-06-28 09:41:01.199829685,100042,177,100034,277,100046,277,100032,277,100057,100,99970,100,100059,100,99957,100,100062,100,99956,100,100069,100,99944,100,100074,100,99923,100,100090,100,99918,100,100103,100,99914,100,100116,100,99909,100
2019-06-28 09:41:04.452386444,100042,177,100034,277,100046,277,100032,277,100057,100,99970,100,100059,100,99957,100,100062,100,99956,100,100069,100,99923,100,100074,100,99918,100,100090,100,99914,100,100103,100,99909,100,100116,100,99905,100
2019-06-28 09:41:10.000000000,100046,220,100034,220,100057,217,100032,217,100059,217,99970,217,100062,100,99957,100,100069,100,99956,100,100074,100,99923,100,100090,100,99918,100,100103,100,99914,100,100116,100,99909,100,100120,100,99905,100
2019-06-28 09:41:16.325770972,100046,120,100034,220,100057,217,100032,217,100059,217,99970,217,100062,100,99957,100,100069,100,99956,100,100074,100,99923,100,100090,100,99918,100,100103,100,99914,100,100116,100,99909,100,100120,100,99905,100
2019-06-28 09:41:20.000000000,100057,188,100034,188,100059,188,100032,188,100062,188,99970,188,100069,188,99957,188,100074,100,99956,100,100090,100,99923,100,100103,100,99918,100,100116,100,99914,100,100120,100,99909,100,100160,100,99905,100
2019-06-28 09:41:20.062941625,100057,188,100034,188,100059,188,100032,188,100062,188,99970,188,100069,188,99957,188,100074,100,99956,100,100090,100,99923,100,100103,100,99918,100,100116,100,99914,100,100120,100,99909,100,100160,100,99905,100
2019-06-28 09:41:27.754177449,100057,88,100034,188,100059,188,100032,188,100062,188,99970,188,100069,188,99957,188,100074,100,99956,100,100090,100,99918,100,100103,100,99914,100,100116,100,99909,100,100120,100,99905,100,100160,100,99894,100
2019-06-28 09:41:28.157249591,100059,188,100057,12,100062,188,100034,188,100069,188,100032,188,100074,100,99970,188,100090,100,99957,188,100103,100,99956,100,100116,100,99918,100,100120,100,99914,100,100160,100,99909,100,100166,100,99905,100
2019-06-28 09:41:30.000000000,100059,188,100057,100,100062,188,100034,188,100069,188,100032,188,100074,188,99970,188,100090,100,99957,100,100103,100,99956,100,100116,100,99918,100,100120,100,99914,100,100160,100,99909,100,100166,100,99905,100
2019-06-28 09:41:40.000000000,100059,220,100057,132,100062,217,100034,217,100069,217,100032,217,100074,100,99970,100,100090,100,99957,100,100103,100,99956,100,100116,100,99918,100,100120,100,99914,100,100160,100,99909,100,100166,100,99905,100
2019-06-28 09:41:40.637227650,100059,120,100057,132,100062,217,100034,217,100069,217,100032,217,100074,100,99970,100,100090,100,99957,100,100103,100,99956,100,100116,100,99918,100,100120,100,99914,100,100160,100,99909,100,100166,100,99905,100
2019-06-28 09:41:50.000000000,100062,277,100057,189,100069,277,100034,277,100074,100,100032,100,100090,100,99970,100,100103,100,99957,100,100116,100,99956,100,100120,100,99918,100,100160,100,99914,100,100166,100,99909,100,100193,100,99905,100
2019-06-28 09:41:53.116888546,100062,177,100057,189,100069,277,100034,277,100074,100,100032,100,100090,100,99970,100,100103,100,99957,100,100116,100,99956,100,100120,100,99918,100,100160,100,99914,100,100166,100,99909,100,100193,100,99905,100
2019-06-28 09:42:00.000000000,100069,171,100057,83,100074,171,100034,171,100090,171,100032,171,100103,171,99970,171,100116,171,99957,171,100120,100,99956,100,100160,100,99918,100,100166,100,99914,100,100193,100,99909,100,100194,100,99905,100
2019-06-28 09:42:01.973099779,100069,171,100059,100,100074,171,100057,83,100090,171,100034,171,100103,171,100032,171,100116,171,99970,171,100120,100,99957,171,100160,100,99956,100,100166,100,99918,100,100193,100,99914,100,100194,100,99909,100
2019-06-28 09:42:10.000000000,100069,171,100059,171,100074,171,100057,83,100090,171,100034,171,100103,171,100032,171,100116,171,99970,171,100120,100,99957,100,100160,100,99956,100,100166,100,99918,100,100193,100,99914,100,100194,100,99909,100
2019-06-28 09:42:11.275037503,100069,71,100059,171,100074,171,100057,83,100090,171,100034,171,100103,171,100032,171,100116,171,99970,171,100120,100,99957,100,100160,100,99956,100,100166,100,99918,100,100193,100,99914,100,100194,100,99909,100
2019-06-28 09:42:20.000000000,100074,220,100059,220,100090,217,100057,129,100103,217,100034,217,100116,100,100032,100,100120,100,99970,100,100160,100,99957,100,100166,100,99956,100,100193,100,99918,100,100194,100,99914,100,100201,100,99909,100
2019-06-28 09:42:20.470067745,100074,120,100059,220,100090,217,100057,129,100103,217,100034,217,100116,100,100032,100,100120,100,99970,100,100160,100,99957,100,100166,100,99956,100,100193,100,99918,100,100194,100,99914,100,100201,100,99909,100
2019-06-28 09:42:30.000000000,100090,220,100059,220,100103,217,100057,129,100116,217,100034,217,100120,100,100032,100,100160,100,99970,100,100166,100,99957,100,100193,100,99956,100,100194,100,99918,100,100201,100,99914,100,100250,100,99909,100
2019-06-28 09:42:40.000000000,100090,454,100059,454,100103,100,100057,12,100116,100,100034,100,100120,100,100032,100,100160,100,99970,100,100166,100,99957,100,100193,100,99956,100,100194,100,99918,100,100201,100,99914,100,100250,100,99909,100
2019-06-28 09:42:43.261955353,100090,454,100059,454,100103,100,100057,12,100116,100,100034,100,100120,100,100032,100,100160,100,99970,100,100166,100,99957,100,100193,100,99956,100,100194,100,99918,100,100201,100,99914,100,100250,100,99909,100
2019-06-28 09:42:50.000000000,100090,220,100059,220,100103,217,100057,129,100116,217,100034,217,100120,100,100032,100,100160,100,99970,100,100166,100,99957,100,100193,100,99956,100,100194,100,99918,100,100201,100,99914,100,100250,100,99909,100
2019-06-28 09:42:52.584569090,100090,120,100059,220,100103,217,100057,129,100116,217,100034,217,100120,100,100032,100,100160,100,99970,100,100166,100,99957,100,100193,100,99956,100,100194,100,99918,100,100201,100,99914,100,100250,100,99909,100
2019-06-28 09:42:54.656380107,100090,120,100074,100,100103,217,100059,220,100116,217,100057,129,100120,100,100034,217,100160,100,100032,100,100166,100,99970,100,100193,100,99957,100,100194,100,99956,100,100201,100,99918,100,100250,100,99914,100
2019-06-28 09:42:57.539474654,100090,120,100074,100,100103,117,100059,220,100116,217,100057,129,100120,100,100034,217,100160,100,100032,100,100166,100,99970,100,100193,100,99957,100,100194,100,99956,100,100201,100,99918,100,100250,100,99914,100
2019-06-28 09:43:00.000000000,100116,171,100074,171,100120,171,100059,171,100160,171,100057,83,100166,171,100034,171,100193,171,100032,171,100194,100,99970,100,100201,100,99957,100,100250,100,99956,100,100258,100,99918,100,100296,100,99914,100
2019-06-28 09:43:03.555186017,100116,171,100074,271,100120,171,100059,171,100160,171,100057,83,100166,171,100034,71,100193,171,100032,171,100194,100,99970,100,100201,100,99957,100,100250,100,99956,100,100258,100,99918,100,100296,100,99914,100
2019-06-28 09:43:06.196399471,100116,71,100074,271,100120,171,100059,171,100160,171,100057,83,100166,171,100034,71,100193,171,100032,171,100194,100,99970,100,100201,100,99957,100,100250,100,99956,100,100258,100,99918,100,100296,100,99914,100
2019-06-28 09:43:09.089053359,100116,71,100090,100,100120,171,100074,271,100160,171,100059,171,100166,171,100057,83,100193,171,100034,71,100194,100,100032,171,100201,100,99970,100,100250,100,99957,100,100258,100,99956,100,100296,100,99918,100
2019-06-28 09:43:10.000000000,100120,454,100090,454,100160,100,100074,200,100166,100,100059,100,100193,100,100057,12,100194,100,100032,100,100201,100,99970,100,100250,100,99957,100,100258,100,99956,100,100296,100,99918,100,100584,100,99914,100
2019-06-28 09:43:11.333946238,100120,454,100090,554,100160,100,100074,200,100166,100,100059,100,100193,100,100057,12,100194,100,100032,100,100201,100,99970,100,100250,100,99957,100,100258,100,99956,100,100296,100,99918,100,100584,100,99914,100
2019-06-28 09:43:20.000000000,100120,454,100090,554,100160,100,100074,200,100166,100,100059,100,100193,100,100057,12,100194,100,100032,100,100201,100,99970,100,100250,100,99957,100,100258,100,99956,100,100296,100,99918,100,100584,100,99914,100
2019-06-28 09:43:30.000000000,100120,171,100090,271,100160,171,100074,271,100166,171,100059,171,100193,171,100057,83,100194,171,100032,171,100201,100,99970,100,100250,100,99957,100,100258,100,99956,100,100296,100,99918,100,100584,100,99914,100
2019-06-28 09:43:35.358566933,100120,171,100090,271,100160,171,100074,271,100166,71,100059,171,100193,171,100057,83,100194,171,100032,171,100201,100,99970,100,100250,100,99957,100,100258,100,99956,100,100296,100,99918,100,100584,100,99914,100
2019-06-28 09:43:40.000000000,100120,188,100090,288,100160,188,100074,288,100193,188,100059,188,100194,188,100057,100,100201,100,100032,100,100250,100,99970,100,100258,100,99957,100,100296,100,99956,100,100584,100,99918,100,100633,100,99914,100
2019-06-28 09:43:50.000000000,100120,171,100090,271,100160,171,100074,271,100193,171,100059,171,100194,171,100057,83,100201,171,100032,171,100250,100,99970,100,100258,100,99957,100,100296,100,99956,100,100584,100,99918,100,100633,100,99914,100
2019-06-28 09:43:59.217682304,100120,171,100090,271,100160,171,100074,271,100193,171,100059,171,100194,171,100057,83,100201,171,100032,171,100250,100,99970,100,100258,100,99957,100,100296,100,99956,100,100584,100,99918,100,100592,100,99914,100
2019-06-28 09:44:00.000000000,100120,188,100090,288,100160,188,100074,288,100193,188,100059,188,100194,188,100057,100,100201,100,100032,100,100250,100,99970,100,100258,100,99957,100,100296,100,99956,100,100584,100,99918,100,100592,100,99914,100
2019-06-28 09:44:10.000000000,100120,171,100090,271,100160,171,100074,271,100193,171,100059,171,100194,171,100057,83,100201,171,100032,171,100250,100,99970,100,100258,100,99957,100,100296,100,99956,100,100584,100,99918,100,100592,100,99914,100
2019-06-28 09:44:18.020398544,100120,171,100109,100,100160,171,100090,271,100193,171,100074,271,100194,171,100059,171,100201,171,100057,83,100250,100,100032,171,100258,100,99970,100,100296,100,99957,100,100584,100,99956,100,100592,100,99918,100
2019-06-28 09:44:18.384454171,100120,171,100109,100,100160,171,100090,371,100193,171,100074,271,100194,171,100059,171,100201,171,100057,83,100250,100,100032,171,100258,100,99970,100,100296,100,99957,100,100584,100,99956,100,100592,100,99918,100
2019-06-28 09:44:20.000000000,100120,277,100109,277,100160,277,100090,477,100193,100,100074,200,100194,100,100059,100,100201,100,100057,12,100250,100,100032,100,100258,100,99970,100,100296,100,99957,100,100584,100,99956,100,100592,100,99918,100
2019-06-28 09:44:30.000000000,100120,220,100109,220,100160,217,100090,417,100193,217,100074,317,100194,100,100059,100,100201,100,100057,12,100250,100,100032,100,100258,100,99970,100,100296,100,99957,100,100584,100,99956,100,100592,100,99918,100
2019-06-28 09:44:33.588728805,100120,120,100109,220,100160,217,100090,417,100193,217,100074,317,100194,100,100059,100,100201,100,100057,12,100250,100,100032,100,100258,100,99970,100,100296,100,99957,100,100584,100,99956,100,100592,100,99918,100
2019-06-28 09:44:40.000000000,100160,454,100109,454,100193,100,100090,300,100194,100,100074,200,100201,100,100059,100,100250,100,100057,12,100258,100,100032,100,100296,100,99970,100,100584,100,99957,100,100592,100,99956,100,100633,100,99918,100
2019-06-28 09:44:46.655758066,100160,454,100109,354,100193,100,100090,300,100194,100,100074,200,100201,100,100059,100,100250,100,100057,12,100258,100,100032,100,100296,100,99970,100,100584,100,99957,100,100592,100,99956,100,100633,100,99918,100
2019-06-28 09:44:49.056920489,100160,454,100109,354,100193,100,100097,100,100194,100,100090,300,100201,100,100074,200,100250,100,100059,100,100258,100,100057,12,100296,100,100032,100,100584,100,99970,100,100592,100,99957,100,100633,100,99956,100
2019-06-28 09:44:50.000000000,100160,188,100097,188,100193,188,100090,388,100194,188,100074,288,100201,188,100059,188,100250,100,100057,12,100258,100,100032,100,100296,100,99970,100,100584,100,99957,100,100592,100,99956,100,100633,100,99918,100
2019-06-28 09:45:00.000000000,100160,188,100097,188,100193,188,100090,388,100194,188,100074,288,100201,188,100059,188,100250,100,100057,12,100258,100,100032,100,100296,100,99970,100,100584,100,99957,100,100592,100,99956,100,100633,100,99918,100
2019-06-28 09:45:03.296002166,100160,188,100097,188,100193,188,100090,388,100194,188,100074,288,100201,188,100059,188,100250,100,100057,12,100258,100,100056,100,100296,100,100032,100,100584,100,99970,100,100592,100,99957,100,100633,100,99956,100
2019-06-28 09:45:10.000000000,100160,171,100097,171,100193,171,100090,371,100194,171,100074,271,100201,171,100059,171,100250,171,100057,83,100258,100,100056,100,100296,100,100032,100,100584,100,99970,100,100592,100,99957,100,100633,100,99956,100
2019-06-28 09:45:15.222882627,100160,71,100097,171,100193,171,100090,371,100194,171,100074,271,100201,171,100059,171,100250,171,100057,83,100258,100,100056,100,100296,100,100032,100,100584,100,99970,100,100592,100,99957,100,100633,100,99956,100
2019-06-28 09:45:15.396694054,100193,171,100160,29,100194,171,100097,171,100201,171,100090,371,100250,171,100074,271,100258,100,100059,171,100296,100,100057,83,100584,100,100056,100,100592,100,100032,100,100633,100,99970,100,100740,100,99957,100
2019-06-28 09:45:20.000000000,100193,277,100160,206,100194,277,100097,277,100201,100,100090,300,100250,100,100074,200,100258,100,100059,100,100296,100,100057,12,100584,100,100056,100,100592,100,100032,100,100633,100,99970,100,100740,100,99957,100
2019-06-28 09:45:30.000000000,100193,171,100160,100,100194,171,100097,171,100201,171,100090,371,100250,171,100074,271,100258,171,100059,171,100296,100,100057,12,100584,100,100056,100,100592,100,100032,100,100633,100,99970,100,100740,100,99957,100
2019-06-28 09:45:32.060012931,100193,171,100160,100,100194,171,100097,171,100201,171,100090,371,100250,171,100074,271,100258,171,100059,171,100296,100,100057,12,100501,100,100056,100,100584,100,100032,100,100592,100,99970,100,100633,100,99957,100
2019-06-28 09:45:40.000000000,100193,454,100160,383,100194,100,100097,100,100201,100,100090,300,100250,100,100074,200,100258,100,100059,100,100296,100,100057,12,100501,100,100056,100,100584,100,100032,100,100592,100,99970,100,100633,100,99957,100
2019-06-28 09:45:50.000000000,100193,188,100160,117,100194,188,100097,188,100201,188,100090,388,100250,188,100074,288,100258,100,100059,100,100296,100,100057,12,100501,100,100056,100,100584,100,100032,100,100592,100,99970,100,100633,100,99957,100
2019-06-28 09:46:00.000000000,100193,188,100160,117,100194,188,100097,188,100201,188,100090,388,100250,188,100074,288,100258,100,100059,100,100296,100,100057,12,100501,100,100056,100,100584,100,100032,100,100592,100,99970,100,100633,100,99957,100
2019-06-28 09:46:04.078686627,100193,188,100160,117,100194,188,100097,188,100201,188,100090,388,100250,188,100074,188,100258,100,100059,100,100296,100,100057,12,100501,100,100056,100,100584,100,100032,100,100592,100,99970,100,100633,100,99957,100
2019-06-28 09:46:10.000000000,100193,171,100160,100,100194,171,100097,171,100201,171,100090,371,100250,171,100074,171,100258,171,100059,171,100296,100,100057,12,100501,100,100056,100,100584,100,100032,100,100592,100,99970,100,100633,100,99957,100
2019-06-28 09:46:14.963420148,100193,171,100160,100,100194,171,100097,171,100201,171,100090,371,100250,171,100074,171,100258,171,100059,171,100296,100,100057,12,100429,100,100056,100,100501,100,100032,100,100584,100,99970,100,100592,100,99957,100
2019-06-28 09:46:19.168985076,100193,171,100160,200,100194,171,100097,171,100201,171,100090,271,100250,171,100074,171,100258,171,100059,171,100296,100,100057,12,100429,100,100056,100,100501,100,100032,100,100584,100,99970,100,100592,100,99957,100
2019-06-28 09:46:20.000000000,100193,454,100160,483,100194,100,100097,100,100201,100,100090,200,100250,100,100074,100,100258,100,100059,100,100296,100,100057,12,100429,100,100056,100,100501,100,100032,100,100584,100,99970,100,100592,100,99957,100
2019-06-28 09:46:30.000000000,100193,220,100160,249,100194,217,100097,217,100201,217,100090,317,100250,100,100074,100,100258,100,100059,100,100296,100,100057,12,100429,100,100056,100,100501,100,100032,100,100584,100,99970,100,100592,100,99957,100
2019-06-28 09:46:40.000000000,100193,454,100160,483,100194,100,100097,100,100201,100,100090,200,100250,100,100074,100,100258,100,100059,100,100296,100,100057,12,100429,100,100056,100,100501,100,100032,100,100584,100,99970,100,100592,100,99957,100
2019-06-28 09:46:50.000000000,100193,188,100160,217,100194,188,100097,188,100201,188,100090,288,100250,188,100074,188,100258,100,100059,100,100296,100,100057,12,100429,100,100056,100,100501,100,100032,100,100584,100,99970,100,100592,100,99957,100
2019-06-28 09:46:57.277476847,100193,188,100160,217,100194,188,100114,100,100201,188,100097,88,100250,188,100090,288,100258,100,100074,188,100296,100,100059,100,100429,100,100057,12,100501,100,100056,100,100584,100,100032,100,100592,100,99970,100
2019-06-28 09:47:00.000000000,100193,277,100160,306,100194,277,100114,277,100201,100,100090,200,100250,100,100074,100,100258,100,100059,100,100296,100,100057,12,100429,100,100056,100,100501,100,100032,100,100584,100,99970,100,100592,100,99957,100
2019-06-28 09:47:07.196828484,100193,277,100160,406,100194,277,100114,277,100201,100,100090,200,100250,100,100074,100,100258,100,100059,100,100296,100,100057,12,100429,100,100056,100,100501,100,100032,100,100584,100,99970,100,100592,100,99957,100
2019-06-28 09:47:10.000000000,100193,454,100160,583,100194,100,100114,100,100201,100,100090,200,100250,100,100074,100,100258,100,100059,100,100296,100,100057,12,100429,100,100056,100,100501,100,100032,100,100584,100,99970,100,100592,100,99957,100
2019-06-28 09:47:17.569756449,100193,454,100160,583,100194,100,100114,100,100201,100,100090,200,100250,100,100074,100,100258,100,100059,100,100296,100,100057,12,100384,100,100056,100,100429,100,100032,100,100501,100,99970,100,100584,100,99957,100
2019-06-28 09:47:20.000000000,100193,188,100160,317,100194,188,100114,188,100201,188,100090,288,100250,188,100074,188,100258,100,100059,100,100296,100,100057,12,100384,100,100056,100,100429,100,100032,100,100501,100,99970,100,100584,100,99957,100
2019-06-28 09:47:30.000000000,100193,277,100160,406,100194,277,100114,277,100201,100,100090,200,100250,100,100074,100,100258,100,100059,100,100296,100,100057,12,100384,100,100056,100,100429,100,100032,100,100501,100,99970,100,100584,100,99957,100
2019-06-28 09:47:30.600317979,100193,177,100160,406,100194,277,100114,277,100201,100,100090,200,100250,100,100074,100,100258,100,100059,100,100296,100,100057,12,100384,100,100056,100,100429,100,100032,100,100501,100,99970,100,100584,100,99957,100
2019-06-28 09:47:40.000000000,100194,454,100160,583,100201,100,100114,100,100250,100,100090,200,100258,100,100074,100,100296,100,100059,100,100384,100,100057,12,100429,100,100056,100,100501,100,100032,100,100584,100,99970,100,100592,100,99957,100
2019-06-28 09:47:45.216936919,100194,354,100160,583,100201,100,100114,100,100250,100,100090,200,100258,100,100074,100,100296,100,100059,100,100384,100,100057,12,100429,100,100056,100,100501,100,100032,100,100584,100,99970,100,100592,100,99957,100
2019-06-28 09:47:50.000000000,100201,188,100160,317,100250,188,100114,188,100258,188,100090,288,100296,188,100074,188,100384,100,100059,100,100429,100,100057,12,100501,100,100056,100,100584,100,100032,100,100592,100,99970,100,100633,100,99957,100
2019-06-28 09:47:56.333064134,100201,188,100194,100,100250,188,100160,317,100258,188,100114,188,100296,188,100090,288,100384,100,100074,188,100429,100,100059,100,100501,100,100057,12,100584,100,100056,100,100592,100,100032,100,100633,100,99970,100
2019-06-28 09:48:00.000000000,100201,188,100194,188,100250,188,100160,317,100258,188,100114,188,100296,188,100090,288,100384,100,100074,100,100429,100,100059,100,100501,100,100057,12,100584,100,100056,100,100592,100,100032,100,100633,100,99970,100
2019-06-28 09:48:10.000000000,100201,220,100194,220,100250,217,100160,346,100258,217,100114,217,100296,100,100090,200,100384,100,100074,100,100429,100,100059,100,100501,100,100057,12,100584,100,100056,100,100592,100,100032,100,100633,100,99970,100
2019-06-28 09:48:20.000000000,100201,171,100194,171,100250,171,100160,300,100258,171,100114,171,100296,171,100090,271,100384,171,100074,171,100429,100,100059,100,100501,100,100057,12,100584,100,100056,100,100592,100,100032,100,100633,100,99970,100
2019-06-28 09:48:24.876737622,100201,171,100194,171,100250,171,100160,200,100258,171,100114,171,100296,171,100090,271,100384,171,100074,171,100429,100,100059,100,100501,100,100057,12,100584,100,100056,100,100592,100,100032,100,100633,100,99970,100
2019-06-28 09:48:30.000000000,100201,220,100194,220,100250,217,100160,246,100258,217,100114,217,100296,100,100090,200,100384,100,100074,100,100429,100,100059,100,100501,100,100057,12,100584,100,100056,100,100592,100,100032,100,100633,100,99970,100
2019-06-28 09:48:32.309602101,100201,220,100194,220,100250,217,100160,246,100258,217,100114,217,100296,100,100090,100,100384,100,100074,100,100429,100,100059,100,100501,100,100057,12,100584,100,100056,100,100592,100,100032,100,100633,100,99970,100
2019-06-28 09:48:32.491828671,100201,220,100194,220,100250,217,100160,246,100258,217,100114,217,100296,100,100090,100,100384,100,100074,100,100429,100,100059,100,100489,100,100057,12,100501,100,100056,100,100584,100,100032,100,100592,100,99970,100
2019-06-28 09:48:40.000000000,100201,188,100194,188,100250,188,100160,217,100258,188,100114,188,100296,188,100090,188,100384,100,100074,100,100429,100,100059,100,100489,100,100057,12,100501,100,100056,100,100584,100,100032,100,100592,100,99970,100
2019-06-28 09:48:50.000000000,100201,220,100194,220,100250,217,100160,246,100258,217,100114,217,100296,100,100090,100,100384,100,100074,100,100429,100,100059,100,100489,100,100057,12,100501,100,100056,100,100584,100,100032,100,100592,100,99970,100
2019-06-28 09:48:57.649242971,100201,220,100194,220,100250,217,100160,246,100258,217,100114,217,100296,100,100100,100,100384,100,100090,100,100429,100,100074,100,100489,100,100059,100,100584,100,100057,12,100592,100,100056,100,100633,100,100032,100
2019-06-28 09:49:00.000000000,100201,454,100194,454,100250,100,100160,129,100258,100,100114,100,100296,100,100100,100,100384,100,100090,100,100429,100,100074,100,100489,100,100059,100,100584,100,100057,12,100592,100,100056,100,100633,100,100032,100
2019-06-28 09:49:02.430228734,100201,454,100194,454,100250,100,100160,129,100258,100,100114,100,100296,100,100100,100,100384,100,100090,100,100429,100,100074,100,100489,100,100059,100,100584,100,100057,12,100592,100,100056,100,100633,100,100032,100
2019-06-28 09:49:10.000000000,100201,171,100194,171,100250,171,100160,200,100258,171,100114,171,100296,171,100100,171,100384,171,100090,171,100429,100,100074,100,100489,100,100059,100,100584,100,100057,12,100592,100,100056,100,100633,100,100032,100
2019-06-28 09:49:20.000000000,100201,220,100194,220,100250,217,100160,246,100258,217,100114,217,100296,100,100100,100,100384,100,100090,100,100429,100,100074,100,100489,100,100059,100,100584,100,100057,12,100592,100,100056,100,100633,100,100032,100
2019-06-28 09:49:30.000000000,100201,220,100194,220,100250,217,100160,246,100258,217,100114,217,100296,100,100100,100,100384,100,100090,100,100429,100,100074,100,100489,100,100059,100,100584,100,100057,12,100592,100,100056,100,100633,100,100032,100
2019-06-28 09:49:32.349989616,100201,220,100194,220,100250,217,100188,100,100258,217,100160,246,100296,100,100114,217,100384,100,100100,100,100429,100,100090,100,100489,100,100074,100,100584,100,100059,100,100592,100,100057,12,100633,100,100056,100
2019-06-28 09:49:40.000000000,100201,171,100194,171,100250,171,100188,171,100258,171,100160,200,100296,171,100114,171,100384,171,100100,171,100429,100,100090,100,100489,100,100074,100,100584,100,100059,100,100592,100,100057,12,100633,100,100056,100
2019-06-28 09:49:40.591263271,100201,171,100194,171,100250,171,100188,171,100258,171,100160,200,100296,171,100120,100,100384,171,100114,171,100429,100,100100,171,100489,100,100090,100,100584,100,100074,100,100592,100,100059,100,100633,100,100057,12
2019-06-28 09:49:50.000000000,100201,188,100194,188,100250,188,100188,188,100258,188,100160,217,100296,188,100120,188,100384,100,100114,100,100429,100,100100,100,100489,100,100090,100,100584,100,100074,100,100592,100,100059,100,100633,100,100057,12
2019-06-28 09:50:00.000000000,100201,220,100194,220,100250,217,100188,217,100258,217,100160,246,100296,100,100120,100,100384,100,100114,100,100429,100,100100,100,100489,100,100090,100,100584,100,100074,100,100592,100,100059,100,100633,100,100057,12
2019-06-28 09:50:10.000000000,100201,277,100194,277,100250,277,100188,277,100258,100,100160,129,100296,100,100120,100,100384,100,100114,100,100429,100,100100,100,100489,100,100090,100,100584,100,100074,100,100592,100,100059,100,100633,100,100057,12
2019-06-28 09:50:20.000000000,100201,171,100194,171,100250,171,100188,171,100258,171,100160,200,100296,171,100120,171,100384,171,100114,171,100429,100,100100,100,100489,100,100090,100,100584,100,100074,100,100592,100,100059,100,100633,100,100057,12
2019-06-28 09:50:30.000000000,100201,454,100194,454,100250,100,100188,100,100258,100,100160,129,100296,100,100120,100,100384,100,100114,100,100429,100,100100,100,100489,100,100090,100,100584,100,100074,100,100592,100,100059,100,100633,100,100057,12
2019-06-28 09:50:36.042079913,100201,354,100194,454,100250,100,100188,100,100258,100,100160,129,100296,100,100120,100,100384,100,100114,100,100429,100,100100,100,100489,100,100090,100,100584,100,100074,100,100592,100,100059,100,100633,100,100056,100
2019-06-28 09:50:38.363760151,100201,354,100194,454,100250,100,100188,100,100258,100,100160,129,100296,100,100120,100,100384,100,100114,100,100429,100,100100,100,100489,100,100090,100,100584,100,100074,100,100592,100,100059,100,100633,100,100056,100
2019-06-28 09:50:40.000000000,100250,220,100194,220,100258,217,100188,217,100296,217,100160,246,100384,100,100120,100,100429,100,100114,100,100489,100,100100,100,100584,100,100090,100,100592,100,100074,100,100633,100,100059,100,100804,100,100056,100
2019-06-28 09:50:48.508049948,100250,120,100194,220,100258,217,100188,217,100296,217,100160,246,100384,100,100120,100,100429,100,100114,100,100489,100,100090,100,100584,100,100074,100,100592,100,100059,100,100633,100,100056,100,100804,100,99970,100
2019-06-28 09:50:50.000000000,100258,454,100194,454,100296,100,100188,100,100384,100,100160,129,100429,100,100120,100,100489,100,100114,100,100584,100,100090,100,100592,100,100074,100,100633,100,100059,100,100804,100,100056,100,100884,100,99970,100
2019-06-28 09:51:00.000000000,100258,171,100194,171,100296,171,100188,171,100384,171,100160,200,100429,171,100120,171,100489,171,100114,171,100584,100,100090,100,100592,100,100074,100,100633,100,100059,100,100804,100,100056,100,100884,100,99970,100
2019-06-28 09:51:10.000000000,100258,220,100194,220,100296,217,100188,217,100384,217,100160,246,100429,100,100120,100,100489,100,100114,100,100584,100,100090,100,100592,100,100074,100,100633,100,100059,100,100804,100,100056,100,100884,100,99970,100
2019-06-28 09:51:14.710800441,100258,220,100201,100,100296,217,100194,220,100384,217,100188,217,100429,100,100160,246,100489,100,100120,100,100584,100,100114,100,100592,100,100090,100,100633,100,100074,100,100804,100,100059,100,100884,100,100056,100
2019-06-28 09:51:20.000000000,100258,277,100201,277,100296,277,100194,277,100384,100,100188,100,100429,100,100160,129,100489,100,100120,100,100584,100,100114,100,100592,100,100090,100,100633,100,100074,100,100804,100,100059,100,100884,100,100056,100
2019-06-28 09:51:30.000000000,100258,171,100201,171,100296,171,100194,171,100384,171,100188,171,100429,171,100160,200,100489,171,100120,171,100584,100,100114,100,100592,100,100090,100,100633,100,100074,100,100804,100,100059,100,100884,100,100056,100
2019-06-28 09:51:40.000000000,100258,277,100201,277,100296,277,100194,277,100384,100,100188,100,100429,100,100160,129,100489,100,100120,100,100584,100,100114,100,100592,100,100090,100,100633,100,100074,100,100804,100,100059,100,100884,100,100056,100
2019-06-28 09:51:50.000000000,100258,171,100201,171,100296,171,100194,171,100384,171,100188,171,100429,171,100160,200,100489,171,100120,171,100584,100,100114,100,100592,100,100090,100,100633,100,100074,100,100804,100,100059,100,100884,100,100056,100
2019-06-28 09:52:00.000000000,100258,220,100201,220,100296,217,100194,217,100384,217,100188,217,100429,100,100160,129,100489,100,100120,100,100584,100,100114,100,100592,100,100090,100,100633,100,100074,100,100804,100,100059,100,100884,100,100056,100
2019-06-28 09:52:02.359564111,100258,220,100201,120,100296,217,100194,217,100384,217,100188,217,100429,100,100160,129,100489,100,100120,100,100584,100,100114,100,100592,100,100090,100,100633,100,100074,100,100804,100,100059,100,100884,100,100056,100
2019-06-28 09:52:10.000000000,100258,454,100194,454,100296,100,100188,100,100384,100,100160,129,100429,100,100120,100,100489,100,100114,100,100584,100,100090,100,100592,100,100074,100,100633,100,100059,100,100804,100,100056,100,100884,100,99970,100
2019-06-28 09:52:17.642811220,100258,354,100194,454,100296,100,100188,100,100384,100,100160,129,100429,100,100120,100,100489,100,100114,100,100584,100,100090,100,100592,100,100074,100,100633,100,100059,100,100804,100,100056,100,100884,100,99970,100
2019-06-28 09:52:20.000000000,100296,454,100194,454,100384,100,100188,100,100429,100,100160,129,100489,100,100120,100,100584,100,100114,100,100592,100,100090,100,100633,100,100074,100,100804,100,100059,100,100884,100,100056,100,100964,100,99970,100
2019-06-28 09:52:27.648386987,100296,454,100194,454,100384,100,100188,100,100429,100,100160,129,100489,100,100120,100,100584,100,100114,100,100592,100,100090,100,100633,100,100074,100,100804,100,100059,100,100884,100,100056,100,100964,100,99970,100
2019-06-28 09:52:30.000000000,100296,277,100194,277,100384,277,100188,277,100429,100,100160,129,100489,100,100120,100,100584,100,100114,100,100592,100,100090,100,100633,100,100074,100,100804,100,100059,100,100884,100,100056,100,100964,100,99970,100
2019-06-28 09:52:38.504391513,100296,277,100194,277,100384,277,100188,277,100429,100,100160,129,100489,100,100120,100,100584,100,100114,100,100592,100,100090,100,100633,100,100074,100,100804,100,100059,100,100884,100,100056,100,100964,100,99970,100
2019-06-28 09:52:40.000000000,100296,171,100194,171,100384,171,100188,171,100429,171,100160,200,100489,171,100120,171,100584,171,100114,171,100592,100,100090,100,100633,100,100074,100,100804,100,100059,100,100884,100,100056,100,100964,100,99970,100
2019-06-28 09:52:50.000000000,100296,220,100194,220,100384,217,100188,217,100429,217,100160,246,100489,100,100120,100,100584,100,100114,100,100592,100,100090,100,100633,100,100074,100,100804,100,100059,100,100884,100,100056,100,100964,100,99970,100
2019-06-28 09:53:00.000000000,100296,277,100194,277,100384,277,100188,277,100429,100,100160,129,100489,100,100120,100,100584,100,100114,100,100592,100,100090,100,100633,100,100074,100,100804,100,100059,100,100884,100,100056,100,100964,100,99970,100
2019-06-28 09:53:05.393616808,100296,277,100194,277,100384,277,100188,277,100429,100,100160,129,100584,100,100120,100,100592,100,100114,100,100633,100,100090,100,100804,100,100074,100,100884,100,100059,100,100964,100,100056,100,101008,100,99970,100
2019-06-28 09:53:06.889653232,100296,177,100194,277,100384,277,100188,277,100429,100,100160,129,100592,100,100120,100,100633,100,100114,100,100804,100,100090,100,100884,100,100074,100,100964,100,100059,100,101008,100,100056,100,101422,100,99970,100
2019-06-28 09:53:10.000000000,100384,188,100194,188,100429,188,100188,188,100592,188,100160,217,100633,188,100120,188,100804,100,100114,100,100884,100,100090,100,100964,100,100074,100,101008,100,100059,100,101422,100,100056,100,101430,100,99970,100
2019-06-28 09:53:20.000000000,100384,171,100194,171,100429,171,100188,171,100592,171,100160,200,100633,171,100120,171,100804,171,100114,171,100884,100,100090,100,100964,100,100074,100,101008,100,100059,100,101422,100,100056,100,101430,100,99970,100
2019-06-28 09:53:23.577528200,100384,171,100194,171,100429,171,100188,171,100592,171,100160,200,100633,171,100120,171,100804,171,100114,171,100884,100,100090,100,100964,100,100074,100,101273,100,100059,100,101422,100,100056,100,101430,100,99970,100
2019-06-28 09:53:30.000000000,100384,277,100194,277,100429,277,100188,277,100592,100,100160,129,100633,100,100120,100,100804,100,100114,100,100884,100,100090,100,100964,100,100074,100,101273,100,100059,100,101422,100,100056,100,101430,100,99970,100
2019-06-28 09:53:40.000000000,100384,277,100194,277,100429,277,100188,277,100592,100,100160,129,100633,100,100120,100,100804,100,100114,100,100884,100,100090,100,100964,100,100074,100,101273,100,100059,100,101422,100,100056,100,101430,100,99970,100
2019-06-28 09:53:50.000000000,100384,171,100194,171,100429,171,100188,171,100592,171,100160,200,100633,171,100120,171,100804,171,100114,171,100884,100,100090,100,100964,100,100074,100,101273,100,100059,100,101422,100,100056,100,101430,100,99970,100
2019-06-28 09:54:00.000000000,100384,188,100194,188,100429,188,100188,188,100592,188,100160,217,100633,188,100120,188,100804,100,100114,100,100884,100,100090,100,100964,100,100074,100,101273,100,100059,100,101422,100,100056,100,101430,100,99970,100
2019-06-28 09:54:10.000000000,100384,188,100194,188,100429,188,100188,188,100592,188,100160,217,100633,188,100120,188,100804,100,100114,100,100884,100,100090,100,100964,100,100074,100,101273,100,100059,100,101422,100,100056,100,101430,100,99970,100
2019-06-28 09:54:11.680328782,100384,88,100194,188,100429,188,100188,188,100592,188,100160,217,100633,188,100120,188,100804,100,100114,100,100884,100,100090,100,100964,100,100074,100,101273,100,100059,100,101422,100,100056,100,101430,100,99970,100
2019-06-28 09:54:20.000000000,100429,171,100194,171,100592,171,100188,171,100633,171,100160,200,100804,171,100120,171,100884,171,100114,171,100964,100,100090,100,101273,100,100074,100,101422,100,100059,100,101430,100,100056,100,101711,100,99970,100
2019-06-28 09:54:28.045858545,100429,71,100194,171,100592,171,100188,171,100633,171,100160,200,100804,171,100120,171,100884,171,100114,171,100964,100,100090,100,101422,100,100074,100,101430,100,100059,100,101711,100,100056,100,,,99970,100
2019-06-28 09:54:29.563360811,100429,71,100194,171,100592,171,100188,171,100633,171,100160,200,100804,171,100120,171,100884,171,100114,171,100964,100,100090,100,101422,100,100074,100,101430,100,100059,100,101711,100,100056,100,,,99970,100
2019-06-28 09:54:30.000000000,100592,277,100194,277,100633,277,100188,277,100804,100,100160,129,100884,100,100120,100,100964,100,100114,100,101422,100,100090,100,101430,100,100074,100,101711,100,100059,100,,,100056,100,,,99970,100
2019-06-28 09:54:40.000000000,100592,171,100194,171,100633,171,100188,171,100804,171,100160,200,100884,171,100120,171,100964,171,100114,171,101422,100,100090,100,101430,100,100074,100,101711,100,100059,100,,,100056,100,,,99970,100
2019-06-28 09:54:50.000000000,100592,277,100194,277,100633,277,100188,277,100804,100,100160,129,100884,100,100120,100,100964,100,100114,100,101422,100,100090,100,101430,100,100074,100,101711,100,100059,100,,,100056,100,,,99970,100
2019-06-28 09:55:00.000000000,100592,454,100194,454,100633,100,100188,100,100804,100,100160,129,100884,100,100120,100,100964,100,100114,100,101422,100,100090,100,101430,100,100074,100,101711,100,100059,100,,,100056,100,,,99970,100
2019-06-28 09:55:04.332184540,100592,454,100194,454,100633,100,100188,100,100804,100,100160,129,100884,100,100120,100,100964,100,100114,100,101422,100,100090,100,101430,100,100074,100,101471,100,100059,100,101711,100,100056,100,,,99970,100
2019-06-28 09:55:10.000000000,100592,277,100194,277,100633,277,100188,277,100804,100,100160,129,100884,100,100120,100,100964,100,100114,100,101422,100,100090,100,101430,100,100074,100,101471,100,100059,100,101711,100,100056,100,,,99970,100
2019-06-28 09:55:20.000000000,100592,220,100194,220,100633,217,100188,217,100804,217,100160,246,100884,100,100120,100,100964,100,100114,100,101422,100,100090,100,101430,100,100074,100,101471,100,100059,100,101711,100,100056,100,,,99970,100
2019-06-28 09:55:20.946732811,100592,220,100194,220,100633,217,100188,217,100804,217,100160,246,100884,100,100120,100,100964,100,100114,100,101422,100,100090,100,101430,100,100074,100,101465,100,100059,100,101471,100,100056,100,101711,100,99970,100
2019-06-28 09:55:30.000000000,100592,188,100194,188,100633,188,100188,188,100804,188,100160,217,100884,188,100120,188,100964,100,100114,100,101422,100,100090,100,101430,100,100074,100,101465,100,100059,100,101471,100,100056,100,101711,100,99970,100
2019-06-28 09:55:40.000000000,100592,454,100194,454,100633,100,100188,100,100804,100,100160,129,100884,100,100120,100,100964,100,100114,100,101422,100,100090,100,101430,100,100074,100,101465,100,100059,100,101471,100,100056,100,101711,100,99970,100
2019-06-28 09:55:50.000000000,100592,277,100194,277,100633,277,100188,277,100804,100,100160,129,100884,100,100120,100,100964,100,100114,100,101422,100,100090,100,101430,100,100074,100,101465,100,100059,100,101471,100,100056,100,101711,100,99970,100
2019-06-28 09:55:57.132023686,100592,177,100194,277,100633,277,100188,277,100804,100,100160,129,100884,100,100120,100,100964,100,100114,100,101422,100,100090,100,101430,100,100074,100,101465,100,100059,100,101471,100,100056,100,,,99970,100
2019-06-28 09:56:00.000000000,100633,454,100194,454,100804,100,100188,100,100884,100,100160,129,100964,100,100120,100,101422,100,100114,100,101430,100,100090,100,101465,100,100074,100,101471,100,100059,100,,,100056,100,,,99970,100
2019-06-28 09:56:02.893036046,100633,454,100429,100,100804,100,100194,454,100884,100,100188,100,100964,100,100160,129,101422,100,100120,100,101430,100,100114,100,101465,100,100090,100,101471,100,100074,100,,,100059,100,,,100056,100
2019-06-28 09:56:07.555181224,100633,454,100429,100,100804,100,100194,454,100884,100,100188,100,100964,100,100160,129,101422,100,100120,100,101430,100,100114,100,101465,100,100090,100,101471,100,100074,100,,,100056,100,,,99970,100
2019-06-28 09:56:10.000000000,100633,454,100429,454,100804,100,100194,100,100884,100,100188,100,100964,100,100160,129,101422,100,100120,100,101430,100,100114,100,101465,100,100090,100,101471,100,100074,100,,,100056,100,,,99970,100
2019-06-28 09:56:15.370463432,100633,454,100429,554,100804,100,100194,100,100884,100,100188,100,100964,100,100160,129,101422,100,100120,100,101430,100,100114,100,101465,100,100090,100,101471,100,100074,100,,,100056,100,,,99970,100
2019-06-28 09:56:20.000000000,100633,171,100429,271,100804,171,100194,171,100884,171,100188,171,100964,171,100160,200,101422,171,100120,171,101430,100,100114,100,101465,100,100090,100,101471,100,100074,100,,,100056,100,,,99970,100
2019-06-28 09:56:30.000000000,100633,171,100429,271,100804,171,100194,171,100884,171,100188,171,100964,171,100160,200,101422,171,100120,171,101430,100,100114,100,101465,100,100090,100,101471,100,100074,100,,,100056,100,,,99970,100
2019-06-28 09:56:30.731623135,100633,171,100429,371,100804,171,100194,171,100884,171,100188,171,100964,171,100160,200,101422,171,100120,171,101430,100,100114,100,101465,100,100090,100,101471,100,100074,100,,,100056,100,,,99970,100
2019-06-28 09:56:35.430609124,100633,171,100429,371,100804,171,100194,171,100884,171,100188,171,100964,171,100160,200,101422,171,100120,171,101430,100,100114,100,101465,100,100090,100,101471,100,100074,100,101919,100,100056,100,,,99970,100
2019-06-28 09:56:40.000000000,100633,188,100429,388,100804,188,100194,188,100884,188,100188,188,100964,188,100160,217,101422,100,100120,100,101430,100,100114,100,101465,100,100090,100,101471,100,100074,100,101919,100,100056,100,,,99970,100
2019-06-28 09:56:44.083201794,100633,188,100429,388,100804,188,100194,188,100884,188,100188,188,100964,188,100160,217,101422,100,100120,100,101430,100,100114,100,101471,100,100090,100,101919,100,100074,100,102046,100,100056,100,,,99970,100
2019-06-28 09:56:47.525388379,100633,188,100429,388,100804,188,100194,188,100884,188,100188,188,100964,188,100160,217,101422,100,100120,100,101430,100,100114,100,101471,100,100090,100,101840,100,100074,100,101919,100,100056,100,102046,100,99970,100
2019-06-28 09:56:50.000000000,100633,277,100429,477,100804,277,100194,277,100884,100,100188,100,100964,100,100160,129,101422,100,100120,100,101430,100,100114,100,101471,100,100090,100,101840,100,100074,100,101919,100,100056,100,102046,100,99970,100
2019-06-28 09:56:51.726066068,100633,277,100429,477,100804,277,100194,277,100884,100,100188,100,100964,100,100160,129,101422,100,100120,100,101430,100,100114,100,101471,100,100090,100,101840,100,100074,100,101901,100,100056,100,101919,100,99970,100
2019-06-28 09:56:54.638367236,100633,277,100429,477,100804,277,100194,277,100884,100,100188,100,100964,100,100160,129,101422,100,100120,100,101430,100,100114,100,101471,100,100090,100,101791,100,100074,100,101840,100,100056,100,101901,100,99970,100
2019-06-28 09:57:00.000000000,100633,171,100429,371,100804,171,100194,171,100884,171,100188,171,100964,171,100160,200,101422,171,100120,171,101430,100,100114,100,101471,100,100090,100,101791,100,100074,100,101840,100,100056,100,101901,100,99970,100
2019-06-28 09:57:04.339919285,100633,171,100429,371,100804,171,100194,171,100884,171,100188,171,100964,171,100160,200,101422,171,100120,171,101430,100,100114,100,101471,100,100090,100,101651,100,100074,100,101791,100,100056,100,101901,100,99970,100
2019-06-28 09:57:06.172690509,100633,171,100429,371,100804,171,100194,171,100884,171,100188,171,100964,171,100160,200,101422,171,100120,171,101430,100,100114,100,101471,100,100090,100,101651,100,100074,100,101666,100,100056,100,101791,100,99970,100
2019-06-28 09:57:10.000000000,100633,220,100429,420,100804,217,100194,217,100884,217,100188,217,100964,100,100160,129,101422,100,100120,100,101430,100,100114,100,101471,100,100090,100,101651,100,100074,100,101666,100,100056,100,101791,100,99970,100
2019-06-28 09:57:17.824898162,100633,220,100429,420,100804,217,100194,217,100884,217,100188,217,100964,100,100160,129,101422,100,100120,100,101426,100,100114,100,101471,100,100090,100,101651,100,100074,100,101666,100,100056,100,101791,100,99970,100
2019-06-28 09:57:20.000000000,100633,220,100429,420,100804,217,100194,217,100884,217,100188,217,100964,100,100160,129,101422,100,100120,100,101426,100,100114,100,101471,100,100090,100,101651,100,100074,100,101666,100,100056,100,101791,100,99970,100
2019-06-28 09:57:24.213678492,100633,120,100429,420,100804,217,100194,217,100884,217,100188,217,100964,100,100160,129,101422,100,100120,100,101426,100,100114,100,101471,100,100090,100,101651,100,100074,100,101666,100,100056,100,101791,100,99970,100
2019-06-28 09:57:30.000000000,100804,188,100429,388,100884,188,100194,188,100964,188,100188,188,101422,188,100160,217,101426,100,100120,100,101471,100,100114,100,101651,100,100090,100,101666,100,100074,100,101791,100,100056,100,101901,100,99970,100
2019-06-28 09:57:40.000000000,100804,188,100429,388,100884,188,100194,188,100964,188,100188,188,101422,188,100160,217,101426,100,100120,100,101471,100,100114,100,101651,100,100090,100,101666,100,100074,100,101791,100,100056,100,101901,100,99970,100
2019-06-28 09:57:42.608127669,100804,88,100429,388,100884,188,100194,188,100964,188,100188,188,101422,188,100160,217,101426,100,100120,100,101471,100,100114,100,101651,100,100090,100,101666,100,100074,100,101791,100,100056,100,101901,100,99970,100
2019-06-28 09:57:45.311985547,100884,188,100804,12,100964,188,100429,388,101422,188,100194,188,101426,100,100188,188,101471,100,100160,217,101651,100,100120,100,101666,100,100114,100,101791,100,100090,100,101901,100,100074,100,101919,100,100056,100
2019-06-28 09:57:50.000000000,100884,220,100804,132,100964,217,100429,417,101422,217,100194,217,101426,100,100188,100,101471,100,100160,129,101651,100,100120,100,101666,100,100114,100,101791,100,100090,100,101901,100,100074,100,101919,100,100056,100
2019-06-28 09:58:00.000000000,100884,220,100804,132,100964,217,100429,417,101422,217,100194,217,101426,100,100188,100,101471,100,100160,129,101651,100,100120,100,101666,100,100114,100,101791,100,100090,100,101901,100,100074,100,101919,100,100056,100
2019-06-28 09:58:10.000000000,100884,454,100804,366,100964,100,100429,300,101422,100,100194,100,101426,100,100188,100,101471,100,100160,129,101651,100,100120,100,101666,100,100114,100,101791,100,100090,100,101901,100,100074,100,101919,100,100056,100
2019-06-28 09:58:12.023220533,100884,454,100804,466,100964,100,100429,300,101422,100,100194,100,101426,100,100188,100,101471,100,100160,129,101651,100,100120,100,101666,100,100114,100,101791,100,100090,100,101901,100,100074,100,101919,100,100056,100
2019-06-28 09:58:20.000000000,100884,277,100804,289,100964,277,100429,477,101422,100,100194,100,101426,100,100188,100,101471,100,100160,129,101651,100,100120,100,101666,100,100114,100,101791,100,100090,100,101901,100,100074,100,101919,100,100056,100
2019-06-28 09:58:30.000000000,100884,277,100804,289,100964,277,100429,477,101422,100,100194,100,101426,100,100188,100,101471,100,100160,129,101651,100,100120,100,101666,100,100114,100,101791,100,100090,100,101901,100,100074,100,101919,100,100056,100
2019-06-28 09:58:39.170655509,100884,277,100804,289,100964,277,100429,477,101422,100,100194,100,101426,100,100188,100,101471,100,100160,129,101651,100,100120,100,101666,100,100114,100,101787,100,100090,100,101791,100,100074,100,101901,100,100056,100
2019-06-28 09:58:40.000000000,100884,454,100804,466,100964,100,100429,300,101422,100,100194,100,101426,100,100188,100,101471,100,100160,129,101651,100,100120,100,101666,100,100114,100,101787,100,100090,100,101791,100,100074,100,101901,100,100056,100
2019-06-28 09:58:42.456342322,100884,454,100804,466,100964,100,100429,300,101422,100,100194,100,101426,100,100188,100,101471,100,100160,129,101615,100,100120,100,101651,100,100114,100,101666,100,100090,100,101787,100,100074,100,101791,100,100056,100
2019-06-28 09:58:50.000000000,100884,220,100804,232,100964,217,100429,417,101422,217,100194,217,101426,100,100188,100,101471,100,100160,129,101615,100,100120,100,101651,100,100114,100,101666,100,100090,100,101787,100,100074,100,101791,100,100056,100
2019-06-28 09:58:56.258221970,100884,120,100804,232,100964,217,100429,417,101422,217,100194,217,101426,100,100188,100,101471,100,100160,129,101615,100,100120,100,101651,100,100090,100,101666,100,100074,100,101787,100,100056,100,101791,100,99970,100
2019-06-28 09:59:00.000000000,100964,171,100804,183,101422,171,100429,371,101426,171,100194,171,101471,171,100188,171,101615,171,100160,200,101651,100,100120,100,101666,100,100090,100,101787,100,100074,100,101791,100,100056,100,101901,100,99970,100
2019-06-28 09:59:02.056830005,100964,71,100804,183,101422,171,100429,371,101426,171,100194,171,101471,171,100188,171,101615,171,100160,200,101651,100,100120,100,101666,100,100090,100,101787,100,100074,100,101901,100,100056,100,101919,100,99970,100
2019-06-28 09:59:10.000000000,101422,454,100804,466,101426,100,100429,300,101471,100,100194,100,101615,100,100188,100,101651,100,100160,129,101666,100,100120,100,101787,100,100090,100,101901,100,100074,100,101919,100,100056,100,102046,100,99970,100
2019-06-28 09:59:20.000000000,101422,220,100804,232,101426,217,100429,417,101471,217,100194,217,101615,100,100188,100,101651,100,100160,129,101666,100,100120,100,101787,100,100090,100,101901,100,100074,100,101919,100,100056,100,102046,100,99970,100
2019-06-28 09:59:23.279890569,101422,220,100804,232,101426,217,100429,417,101471,217,100194,217,101615,100,100188,100,101651,100,100160,129,101666,100,100120,100,101721,100,100090,100,101787,100,100074,100,101901,100,100056,100,101919,100,99970,100
2019-06-28 09:59:26.901132848,101422,220,100804,220,101426,217,100429,417,101471,217,100194,217,101615,100,100188,100,101623,100,100160,129,101651,100,100120,100,101666,100,100090,100,101721,100,100074,100,101787,100,100056,100,101901,100,99970,100
2019-06-28 09:59:29.458457072,101422,220,100884,100,101426,217,100804,220,101471,217,100429,317,101615,100,100194,217,101623,100,100188,100,101651,100,100160,129,101666,100,100120,100,101721,100,100090,100,101787,100,100074,100,101901,100,100056,100
2019-06-28 09:59:30.000000000,101422,277,100884,277,101426,277,100804,277,101471,100,100429,200,101615,100,100194,100,101623,100,100188,100,101651,100,100160,129,101666,100,100120,100,101721,100,100090,100,101787,100,100074,100,101901,100,100056,100
2019-06-28 09:59:40.000000000,101422,277,100884,277,101426,277,100804,277,101471,100,100429,200,101615,100,100194,100,101623,100,100188,100,101651,100,100160,129,101666,100,100120,100,101721,100,100090,100,101787,100,100074,100,101901,100,100056,100
2019-06-28 09:59:50.000000000,101422,171,100884,171,101426,171,100804,171,101471,171,100429,271,101615,171,100194,171,101623,171,100188,171,101651,100,100160,129,101666,100,100120,100,101721,100,100090,100,101787,100,100074,100,101901,100,100056,100
2019-06-28 09:59:50.241717384,101422,171,100884,271,101426,171,100804,171,101471,171,100429,271,101615,171,100194,171,101623,171,100188,171,101651,100,100160,129,101666,100,100120,100,101721,100,100090,100,101787,100,100074,100,101901,100,100056,100
2019-06-28 09:59:56.517123315,101422,171,100884,271,101426,171,100804,171,101471,171,100429,271,101572,100,100194,171,101615,171,100188,171,101623,171,100160,129,101651,100,100120,100,101666,100,100090,100,101721,100,100074,100,101787,100,100056,100
2019-06-28 10:00:00.000000000,101422,277,100884,377,101426,277,100804,277,101471,100,100429,200,101572,100,100194,100,101615,100,100188,100,101623,100,100160,129,101651,100,100120,100,101666,100,100090,100,101721,100,100074,100,101787,100,100056,100
2019-06-28 10:00:10.000000000,101422,171,100884,271,101426,171,100804,171,101471,171,100429,271,101572,171,100194,171,101615,171,100188,171,101623,100,100160,129,101651,100,100120,100,101666,100,100090,100,101721,100,100074,100,101787,100,100056,100
2019-06-28 10:00:20.000000000,101422,171,100884,271,101426,171,100804,171,101471,171,100429,271,101572,171,100194,171,101615,171,100188,171,101623,100,100160,129,101651,100,100120,100,101666,100,100090,100,101721,100,100074,100,101787,100,100056,100
2019-06-28 10:00:21.289438177,101422,171,100884,271,101426,171,100804,171,101471,171,100429,271,101572,171,100194,171,101615,171,100188,171,101623,100,100160,129,101651,100,100120,100,101666,100,100074,100,101721,100,100056,100,101787,100,99970,100
2019-06-28 10:00:30.000000000,101422,220,100884,320,101426,217,100804,217,101471,217,100429,317,101572,100,100194,100,101615,100,100188,100,101623,100,100160,129,101651,100,100120,100,101666,100,100074,100,101721,100,100056,100,101787,100,99970,100
2019-06-28 10:00:38.010407122,101422,220,100884,320,101426,217,100804,217,101471,217,100429,217,101572,100,100194,100,101615,100,100188,100,101623,100,100160,129,101651,100,100120,100,101666,100,100074,100,101721,100,100056,100,101787,100,99970,100
2019-06-28 10:00:40.000000000,101422,277,100884,377,101426,277,100804,277,101471,100,100429,100,101572,100,100194,100,101615,100,100188,100,101623,100,100160,129,101651,100,100120,100,101666,100,100074,100,101721,100,100056,100,101787,100,99970,100
2019-06-28 10:00:50.000000000,101422,454,100884,554,101426,100,100804,100,101471,100,100429,100,101572,100,100194,100,101615,100,100188,100,101623,100,100160,129,101651,100,100120,100,101666,100,100074,100,101721,100,100056,100,101787,100,99970,100
2019-06-28 10:01:00.000000000,101422,220,100884,320,101426,217,100804,217,101471,217,100429,217,101572,100,100194,100,101615,100,100188,100,101623,100,100160,129,101651,100,100120,100,101666,100,100074,100,101721,100,100056,100,101787,100,99970,100
2019-06-28 10:01:10.000000000,101422,171,100884,271,101426,171,100804,171,101471,171,100429,171,101572,171,100194,171,101615,171,100188,171,101623,100,100160,129,101651,100,100120,100,101666,100,100074,100,101721,100,100056,100,101787,100,99970,100
2019-06-28 10:01:20.000000000,101422,188,100884,288,101426,188,100804,188,101471,188,100429,188,101572,188,100194,188,101615,100,100188,100,101623,100,100160,129,101651,100,100120,100,101666,100,100074,100,101721,100,100056,100,101787,100,99970,100
2019-06-28 10:01:23.096637600,101422,188,100884,188,101426,188,100804,188,101471,188,100429,188,101572,188,100194,188,101615,100,100188,100,101623,100,100160,129,101651,100,100120,100,101666,100,100074,100,101721,100,100056,100,101787,100,99970,100
2019-06-28 10:01:26.838667192,101422,188,100884,88,101426,188,100804,188,101471,188,100429,188,101572,188,100194,188,101615,100,100188,100,101623,100,100160,129,101651,100,100120,100,101666,100,100074,100,101721,100,100056,100,101787,100,99970,100
2019-06-28 10:01:30.000000000,101422,220,100804,220,101426,217,100429,217,101471,217,100194,217,101572,100,100188,100,101615,100,100160,129,101623,100,100120,100,101651,100,100074,100,101666,100,100056,100,101721,100,99970,100,101787,100,99956,100
2019-06-28 10:01:35.019002690,100821,100,100804,220,101422,120,100429,217,101426,217,100194,217,101471,217,100188,100,101572,100,100160,129,101615,100,100120,100,101623,100,100074,100,101651,100,100056,100,101666,100,99970,100,101721,100,99956,100
2019-06-28 10:01:40.000000000,100821,171,100804,171,101426,171,100429,171,101471,171,100194,171,101572,171,100188,171,101615,171,100160,200,101623,100,100120,100,101651,100,100074,100,101666,100,100056,100,101721,100,99970,100,101787,100,99956,100
2019-06-28 10:01:50.000000000,100821,454,100804,454,101426,100,100429,100,101471,100,100194,100,101572,100,100188,100,101615,100,100160,129,101623,100,100120,100,101651,100,100074,100,101666,100,100056,100,101721,100,99970,100,101787,100,99956,100
2019-06-28 10:01:54.925058038,100821,454,100804,454,101426,100,100429,100,101471,100,100194,100,101572,100,100188,100,101615,100,100160,129,101623,100,100120,100,101651,100,100074,100,101666,100,100056,100,101721,100,99970,100,101787,100,99909,100
2019-06-28 10:02:00.000000000,100821,220,100804,220,101426,217,100429,217,101471,217,100194,217,101572,100,100188,100,101615,100,100160,129,101623,100,100120,100,101651,100,100074,100,101666,100,100056,100,101721,100,99970,100,101787,100,99909,100
2019-06-28 10:02:08.315211998,100821,220,100804,220,100884,100,100429,217,101426,217,100194,217,101471,217,100188,100,101572,100,100160,129,101615,100,100120,100,101623,100,100056,100,101651,100,99970,100,101666,100,99909,100,101721,100,99905,100
2019-06-28 10:02:10.000000000,100821,454,100804,454,100884,100,100429,100,101426,100,100194,100,101471,100,100188,100,101572,100,100160,129,101615,100,100120,100,101623,100,100056,100,101651,100,99970,100,101666,100,99909,100,101721,100,99905,100
2019-06-28 10:02:20.000000000,100821,454,100804,454,100884,100,100429,100,101426,100,100194,100,101471,100,100188,100,101572,100,100160,129,101615,100,100120,100,101623,100,100056,100,101651,100,99970,100,101666,100,99909,100,101721,100,99905,100
2019-06-28 10:02:30.000000000,100821,188,100804,188,100884,188,100429,188,101426,188,100194,188,101471,188,100188,188,101572,100,100160,129,101615,100,100120,100,101623,100,100056,100,101651,100,99970,100,101666,100,99909,100,101721,100,99905,100
2019-06-28 10:02:40.000000000,100821,220,100804,220,100884,217,100429,217,101426,217,100194,217,101471,100,100188,100,101572,100,100160,129,101615,100,100120,100,101623,100,100056,100,101651,100,99970,100,101666,100,99909,100,101721,100,99905,100
2019-06-28 10:02:50.000000000,100821,454,100804,454,100884,100,100429,100,101426,100,100194,100,101471,100,100188,100,101572,100,100160,129,101615,100,100120,100,101623,100,100056,100,101651,100,99970,100,101666,100,99909,100,101721,100,99905,100
2019-06-28 10:03:00.000000000,100821,188,100804,188,100884,188,100429,188,101426,188,100194,188,101471,188,100188,188,101572,100,100160,129,101615,100,100120,100,101623,100,100056,100,101651,100,99970,100,101666,100,99909,100,101721,100,99905,100
2019-06-28 10:03:10.000000000,100821,220,100804,220,100884,217,100429,217,101426,217,100194,217,101471,100,100188,100,101572,100,100160,129,101615,100,100120,100,101623,100,100056,100,101651,100,99970,100,101666,100,99909,100,101721,100,99905,100
2019-06-28 10:03:20.000000000,100821,454,100804,454,100884,100,100429,100,101426,100,100194,100,101471,100,100188,100,101572,100,100160,129,101615,100,100120,100,101623,100,100056,100,101651,100,99970,100,101666,100,99909,100,101721,100,99905,100
2019-06-28 10:03:22.195077960,100821,354,100804,454,100884,100,100429,100,101426,100,100194,100,101471,100,100188,100,101572,100,100160,129,101615,100,100120,100,101623,100,100056,100,101651,100,99970,100,101666,100,99909,100,101721,100,99905,100
2019-06-28 10:03:30.000000000,100884,188,100804,188,101426,188,100429,188,101471,188,100194,188,101572,188,100188,188,101615,100,100160,129,101623,100,100120,100,101651,100,100056,100,101666,100,99970,100,101721,100,99909,100,101787,100,99905,100
2019-06-28 10:03:31.654284030,100884,188,100804,188,101291,100,100429,188,101426,188,100194,188,101471,188,100188,188,101572,188,100160,129,101615,100,100120,100,101623,100,100056,100,101651,100,99970,100,101666,100,99909,100,101721,100,99905,100
2019-06-28 10:03:40.000000000,100884,171,100804,171,101291,171,100429,171,101426,171,100194,171,101471,171,100188,171,101572,171,100160,200,101615,100,100120,100,101623,100,100056,100,101651,100,99970,100,101666,100,99909,100,101721,100,99905,100
2019-06-28 10:03:43.545997576,100884,71,100804,171,101291,171,100429,171,101426,171,100194,171,101471,171,100188,171,101572,171,100160,200,101615,100,100056,100,101623,100,99970,100,101651,100,99909,100,101666,100,99905,100,101721,100,99670,100
2019-06-28 10:03:50.000000000,101291,188,100804,188,101426,188,100429,188,101471,188,100194,188,101572,188,100188,188,101615,100,100160,129,101623,100,100056,100,101651,100,99970,100,101666,100,99909,100,101721,100,99905,100,101787,100,99670,100
2019-06-28 10:03:58.250747266,101291,188,101140,100,101426,188,100804,188,101471,188,100429,188,101572,188,100194,188,101615,100,100188,188,101651,100,100160,129,101666,100,100056,100,101721,100,99970,100,101787,100,99909,100,101919,100,99905,100
2019-06-28 10:04:00.000000000,101291,171,101140,171,101426,171,100804,171,101471,171,100429,171,101572,171,100194,171,101615,171,100188,171,101651,100,100160,129,101666,100,100056,100,101721,100,99970,100,101787,100,99909,100,101919,100,99905,100
2019-06-28 10:04:00.868243294,101291,171,101140,71,101426,171,100804,171,101471,171,100429,171,101572,171,100194,171,101615,171,100188,171,101666,100,100160,129,101721,100,100056,100,101787,100,99970,100,101919,100,99909,100,102046,100,99905,100
2019-06-28 10:04:02.773433530,101291,171,101194,100,101426,171,101140,71,101471,171,100804,171,101572,171,100429,171,101615,171,100194,171,101666,100,100188,171,101721,100,100160,129,101787,100,100056,100,101919,100,99970,100,102046,100,99909,100
2019-06-28 10:04:10.000000000,101291,454,101194,454,101426,100,100804,100,101471,100,100429,100,101572,100,100194,100,101615,100,100188,100,101666,100,100160,129,101721,100,100056,100,101787,100,99970,100,101919,100,99909,100,102046,100,99905,100
2019-06-28 10:04:18.072761881,101291,454,101194,454,101426,100,100804,100,101471,100,100429,100,101516,100,100194,100,101615,100,100188,100,101666,100,100160,129,101721,100,100056,100,101787,100,99970,100,101919,100,99909,100,102046,100,99905,100
2019-06-28 10:04:19.622720689,101291,454,101194,354,101471,100,100804,100,101516,100,100429,100,101615,100,100194,100,101666,100,100188,100,101721,100,100160,129,101787,100,100056,100,101919,100,99970,100,102046,100,99909,100,,,99905,100
2019-06-28 10:04:20.000000000,101291,277,100804,277,101471,277,100429,277,101516,100,100194,100,101615,100,100188,100,101666,100,100160,129,101721,100,100056,100,101787,100,99970,100,101919,100,99909,100,102046,100,99905,100,,,99670,100
2019-06-28 10:04:30.000000000,101291,454,100804,454,101471,100,100429,100,101516,100,100194,100,101615,100,100188,100,101666,100,100160,129,101721,100,100056,100,101787,100,99970,100,101919,100,99909,100,102046,100,99905,100,,,99670,100
2019-06-28 10:04:34.442327634,101291,454,101050,100,101471,100,100804,454,101516,100,100429,100,101615,100,100194,100,101666,100,100188,100,101721,100,100160,129,101787,100,100056,100,101919,100,99970,100,102046,100,99909,100,,,99905,100
