,ask_price_1,ask_size_1,bid_price_1,bid_size_1,ask_price_2,ask_size_2,bid_price_2,bid_size_2,ask_price_3,ask_size_3,bid_price_3,bid_size_3,ask_price_4,ask_size_4,bid_price_4,bid_size_4,ask_price_5,ask_size_5,bid_price_5,bid_size_5,ask_price_6,ask_size_6,bid_price_6,bid_size_6,ask_price_7,ask_size_7,bid_price_7,bid_size_7,ask_price_8,ask_size_8,bid_price_8,bid_size_8,ask_price_9,ask_size_9,bid_price_9,bid_size_9,ask_price_10,ask_size_10,bid_price_10,bid_size_10
2019-06-28 09:30:00.000000000,100066,100,,,,,,,,,,,,,,,,,,,,,,,,,,,,,,,,,,,,,,
2019-06-28 09:30:00.000000002,100015,100,,,100066,100,,,,,,,,,,,,,,,,,,,,,,,,,,,,,,,,,,
2019-06-28 09:30:00.000000004,100015,100,99893,100,100066,100,,,,,,,,,,,,,,,,,,,,,,,,,,,,,,,,,,
2019-06-28 09:30:00.000000005,100015,100,99893,100,100066,100,99873,100,100111,100,,,,,,,,,,,,,,,,,,,,,,,,,,,,,,
2019-06-28 09:30:00.000000007,100015,100,99893,100,100066,100,99873,100,100098,100,,,100111,100,,,,,,,,,,,,,,,,,,,,,,,,,,
2019-06-28 09:30:00.000000011,99979,100,99896,100,100015,100,99893,100,100066,100,99873,100,100094,100,,,100098,100,,,100111,100,,,,,,,,,,,,,,,,,,
2019-06-28 09:30:00.000000018,100015,100,99896,100,100066,100,99893,100,100094,100,99873,100,100098,100,,,100111,100,,,,,,,,,,,,,,,,,,,,,,
2019-06-28 09:30:00.000000019,100015,100,99896,100,100041,100,99893,100,100066,100,99873,100,100094,100,,,100098,100,,,100111,100,,,,,,,,,,,,,,,,,,
2019-06-28 09:30:00.000000022,100015,100,99896,100,100041,100,99893,100,100066,200,99873,100,100094,100,,,100098,100,,,100111,100,,,100147,100,,,,,,,,,,,,,,
2019-06-28 09:30:00.000000023,100009,100,99934,100,100015,100,99896,100,100041,100,99893,100,100066,200,99873,100,100094,100,,,100098,100,,,100111,100,,,100143,100,,,100147,100,,,,,,
2019-06-28 09:30:00.000000024,100009,100,99934,100,100015,100,99896,100,100041,100,99893,100,100049,100,99873,100,100066,200,,,100094,100,,,100098,100,,,100111,100,,,100143,100,,,100147,100,,
2019-06-28 09:30:00.000000026,100009,100,99934,100,100015,100,99896,100,100030,100,99893,100,100041,100,99873,100,100049,100,,,100066,200,,,100094,100,,,100098,100,,,100111,100,,,100143,100,,
2019-06-28 09:30:00.000000027,100009,100,99934,100,100015,100,99896,100,100030,100,99893,100,100041,100,99873,100,100049,100,,,100066,200,,,100094,100,,,100098,100,,,100111,100,,,100133,100,,
2019-06-28 09:30:00.000000028,99941,100,99934,100,100009,100,99925,100,100015,100,99896,100,100030,100,99893,100,100041,100,99873,100,100049,100,,,100066,200,,,100094,100,,,100098,100,,,100111,100,,
2019-06-28 09:30:00.000000030,99941,100,99934,100,100009,100,99925,100,100015,100,99896,100,100025,100,99893,100,100030,100,99873,100,100041,100,,,100049,100,,,100066,200,,,100094,100,,,100098,100,,
2019-06-28 09:30:00.000000031,100009,100,99934,100,100015,100,99925,100,100025,100,99896,100,100030,100,99893,100,100041,100,99873,100,100049,100,,,100066,200,,,100094,100,,,100098,100,,,100111,100,,
2019-06-28 09:30:00.000000032,100009,100,99934,100,100015,100,99925,100,100025,100,99896,100,100030,100,99893,100,100041,100,99873,100,100049,100,99868,100,100066,200,,,100094,100,,,100098,100,,,100111,100,,
2019-06-28 09:30:00.000000034,100009,100,99995,100,100015,100,99934,100,100025,100,99925,100,100030,100,99896,100,100041,100,99893,100,100049,100,99873,100,100066,200,99868,100,100094,100,,,100098,100,,,100111,100,,
2019-06-28 09:30:00.000000039,100009,100,99995,100,100015,100,99941,100,100025,100,99934,100,100030,100,99925,100,100041,100,99896,100,100049,100,99893,100,100066,200,99873,100,100094,100,99868,100,100098,100,,,100111,100,,
2019-06-28 09:30:00.000000040,100009,100,99995,100,100015,100,99941,100,100025,100,99934,100,100030,100,99927,100,100041,100,99925,100,100049,100,99896,100,100066,200,99893,100,100094,100,99873,100,100098,100,99868,100,100111,100,,
2019-06-28 09:30:00.000000041,100009,100,99995,100,100015,100,99983,100,100025,100,99941,100,100030,100,99934,100,100041,100,99927,100,100049,100,99925,100,100066,200,99896,100,100094,100,99893,100,100098,100,99873,100,100111,100,99868,100
2019-06-28 09:30:00.000000044,100009,100,99995,100,100015,100,99983,100,100025,100,99941,100,100030,100,99934,100,100041,100,99927,100,100049,100,99925,100,100057,100,99896,100,100066,200,99893,100,100094,100,99873,100,100098,100,99868,100
2019-06-28 09:30:00.000000045,100015,100,99995,100,100025,100,99983,100,100030,100,99941,100,100041,100,99934,100,100049,100,99927,100,100057,100,99925,100,100066,200,99896,100,100094,100,99893,100,100098,100,99873,100,100111,100,99868,100
2019-06-28 09:30:00.000000047,100009,100,99995,100,100015,100,99983,100,100025,100,99941,100,100030,100,99934,100,100041,100,99927,100,100049,100,99925,100,100057,100,99896,100,100066,200,99893,100,100094,100,99873,100,100098,100,99868,100
2019-06-28 09:30:00.000000049,100009,100,99995,100,100015,100,99983,100,100025,100,99941,100,100030,100,99934,100,100041,100,99927,100,100049,100,99925,100,100057,100,99896,100,100066,200,99893,100,100094,100,99873,100,100098,100,99868,100
2019-06-28 09:30:00.000000057,100009,100,99983,100,100015,100,99941,100,100025,100,99934,100,100030,100,99927,100,100041,100,99925,100,100049,100,99896,100,100057,100,99893,100,100066,200,99873,100,100094,100,99868,100,100098,100,99858,100
2019-06-28 09:30:00.000000061,100009,100,99983,100,100015,100,99943,100,100025,100,99941,100,100030,100,99939,100,100041,100,99934,100,100049,100,99927,100,100057,100,99925,100,100066,200,99896,100,100094,100,99893,100,100098,100,99873,100
2019-06-28 09:30:00.000000065,100009,100,99995,100,100015,100,99983,100,100025,100,99943,100,100030,100,99941,100,100041,100,99939,100,100049,100,99934,100,100057,100,99928,100,100066,200,99927,100,100094,100,99925,100,100098,100,99908,100
2019-06-28 09:30:00.000000069,100009,100,99995,200,100015,100,99983,100,100025,100,99943,100,100030,100,99941,100,100041,100,99939,100,100049,100,99934,100,100057,100,99928,100,100066,200,99927,100,100094,100,99925,100,100098,100,99908,100
2019-06-28 09:30:00.000000070,100009,100,99995,200,100015,100,99983,100,100025,100,99943,100,100030,100,99941,100,100041,100,99939,100,100049,100,99934,100,100057,100,99928,100,100066,200,99927,100,100094,100,99925,100,100098,100,99921,100
2019-06-28 09:30:00.000000071,100009,100,99995,400,100015,100,99983,100,100025,100,99943,100,100030,100,99941,100,100041,100,99939,100,100049,100,99934,100,100057,100,99928,100,100066,200,99927,100,100094,100,99925,100,100098,100,99921,100
2019-06-28 09:30:00.000000072,100007,100,99995,400,100009,100,99983,100,100015,100,99943,100,100025,100,99941,100,100030,100,99939,100,100041,100,99934,100,100049,100,99928,100,100057,100,99927,100,100066,200,99925,100,100094,100,99921,100
2019-06-28 09:30:00.000000073,100007,100,99995,400,100009,100,99983,100,100015,100,99943,100,100025,100,99941,100,100030,100,99939,100,100041,100,99934,100,100049,100,99928,100,100057,100,99927,200,100066,200,99925,100,100094,100,99921,100
2019-06-28 09:30:00.000000075,100007,100,99995,400,100009,100,99983,100,100015,100,99943,100,100025,100,99941,100,100030,100,99939,100,100041,100,99934,100,100045,100,99928,100,100049,100,99927,200,100057,100,99925,100,100066,200,99921,100
2019-06-28 09:30:00.000000077,100007,100,99995,300,100009,100,99983,100,100015,100,99943,100,100025,100,99941,100,100030,100,99939,100,100038,100,99934,100,100041,100,99928,100,100045,100,99927,200,100049,100,99925,100,100057,100,99921,100
2019-06-28 09:30:00.000000079,100007,100,99995,200,100009,100,99983,100,100015,100,99958,100,100025,100,99943,100,100030,100,99941,100,100038,100,99939,100,100041,100,99934,100,100045,100,99928,100,100049,100,99927,200,100057,100,99925,100
2019-06-28 09:30:00.000000083,100007,100,99995,200,100009,100,99983,100,100015,100,99958,100,100025,100,99943,100,100030,100,99941,100,100038,100,99939,100,100041,100,99934,100,100045,100,99928,100,100049,100,99927,200,100057,100,99925,100
2019-06-28 09:30:00.000000085,100009,100,99995,200,100015,100,99983,100,100025,100,99980,100,100030,100,99958,100,100038,100,99943,100,100041,100,99941,100,100045,100,99939,100,100049,100,99934,100,100057,100,99928,100,100066,200,99927,200
2019-06-28 09:30:00.000000086,100009,100,99995,200,100015,100,99983,100,100025,100,99980,100,100030,100,99958,100,100038,100,99943,100,100041,100,99941,100,100045,100,99939,100,100049,100,99934,100,100057,100,99928,100,100066,200,99927,200
2019-06-28 09:30:00.000000091,100009,100,99995,200,100015,100,99983,100,100025,100,99980,100,100030,100,99958,100,100038,100,99943,100,100041,100,99941,100,100045,100,99939,100,100049,100,99934,100,100057,100,99928,100,100066,200,99927,200
2019-06-28 09:30:00.000000093,100007,100,99995,100,100009,100,99983,100,100015,100,99980,100,100025,100,99958,100,100030,100,99943,100,100038,100,99941,100,100041,100,99939,100,100045,100,99934,100,100049,100,99928,100,100057,100,99927,200
2019-06-28 09:30:00.000000095,100007,100,99983,100,100009,100,99980,100,100015,100,99958,100,100025,100,99943,100,100030,100,99941,100,100038,100,99939,100,100041,100,99934,100,100045,100,99928,100,100049,100,99927,200,100057,100,99925,100
2019-06-28 09:30:00.000000098,100007,100,99983,100,100009,100,99980,100,100015,100,99958,100,100025,100,99943,100,100030,100,99941,100,100038,100,99939,100,100039,100,99934,100,100041,100,99928,100,100045,100,99927,200,100049,100,99925,100
2019-06-28 09:30:04.454098994,99995,100,99983,100,100009,100,99980,100,100015,100,99958,100,100025,100,99943,100,100030,100,99941,100,100038,100,99939,100,100039,100,99934,100,100041,100,99928,100,100045,100,99927,200,100049,100,99925,100
2019-06-28 09:30:10.000000000,99995,391,99983,391,100009,100,99980,100,100015,100,99958,100,100025,100,99943,100,100030,100,99941,100,100038,100,99939,100,100039,100,99934,100,100041,100,99928,100,100045,100,99927,200,100049,100,99925,100
2019-06-28 09:30:19.359476975,99995,291,99983,391,100009,100,99980,100,100015,100,99958,100,100025,100,99943,100,100030,100,99939,100,100038,100,99934,100,100039,100,99928,100,100041,100,99927,200,100045,100,99925,100,100049,100,99921,100
2019-06-28 09:30:20.000000000,100009,173,99983,173,100015,173,99980,173,100025,173,99958,173,100030,173,99943,173,100038,100,99939,100,100039,100,99934,100,100041,100,99928,100,100045,100,99927,200,100049,100,99925,100,100057,100,99921,100
2019-06-28 09:30:30.000000000,100009,173,99983,173,100015,173,99980,173,100025,173,99958,173,100030,173,99943,173,100038,100,99939,100,100039,100,99934,100,100041,100,99928,100,100045,100,99927,200,100049,100,99925,100,100057,100,99921,100
2019-06-28 09:30:30.887647786,100009,173,99995,100,100015,173,99983,173,100025,173,99980,173,100030,173,99958,173,100038,100,99943,173,100039,100,99939,100,100045,100,99934,100,100049,100,99928,100,100057,100,99927,200,100060,100,99925,100
2019-06-28 09:30:40.000000000,100009,158,99995,158,100015,158,99983,158,100025,158,99980,158,100030,158,99958,158,100038,158,99943,158,100039,100,99939,100,100045,100,99934,100,100049,100,99928,100,100057,100,99927,200,100060,100,99925,100
2019-06-28 09:30:47.806537892,100009,158,99995,258,100015,158,99983,158,100025,158,99980,158,100030,158,99958,158,100038,158,99943,158,100039,100,99939,100,100045,100,99934,100,100049,100,99928,100,100057,100,99927,200,100060,100,99925,100
2019-06-28 09:30:50.000000000,100009,199,99995,299,100015,196,99983,196,100025,196,99980,196,100030,100,99958,100,100038,100,99943,100,100039,100,99939,100,100045,100,99934,100,100049,100,99928,100,100057,100,99927,200,100060,100,99925,100
2019-06-28 09:31:00.000000000,100009,173,99995,273,100015,173,99983,173,100025,173,99980,173,100030,173,99958,173,100038,100,99943,100,100039,100,99939,100,100045,100,99934,100,100049,100,99928,100,100057,100,99927,200,100060,100,99925,100
2019-06-28 09:31:04.894406167,100009,73,99995,273,100015,173,99983,173,100025,173,99980,173,100030,173,99958,173,100038,100,99943,100,100039,100,99939,100,100045,100,99934,100,100049,100,99927,200,100057,100,99925,100,100060,100,99921,100
2019-06-28 09:31:10.000000000,100015,246,99995,346,100025,246,99983,246,100030,100,99980,100,100038,100,99958,100,100039,100,99943,100,100045,100,99939,100,100049,100,99934,100,100057,100,99927,200,100060,100,99925,100,100066,200,99921,100
2019-06-28 09:31:13.884976632,100015,246,99995,346,100025,246,99983,246,100030,100,99980,100,100038,100,99958,100,100039,100,99943,100,100045,100,99939,100,100049,100,99936,100,100057,100,99934,100,100060,100,99927,200,100066,200,99925,100
2019-06-28 09:31:14.471283601,100015,146,99995,346,100025,246,99983,146,100030,100,99980,100,100038,100,99958,100,100039,100,99943,100,100045,100,99939,100,100049,100,99936,100,100057,100,99934,100,100060,100,99927,200,100066,200,99925,100
2019-06-28 09:31:20.000000000,100025,246,99995,346,100030,246,99980,246,100038,100,99958,100,100039,100,99943,100,100045,100,99939,100,100049,100,99936,100,100057,100,99934,100,100060,100,99927,200,100066,200,99925,100,100077,100,99921,100
2019-06-28 09:31:24.510937303,100025,246,99995,346,100030,246,99980,246,100038,100,99958,100,100039,100,99943,100,100045,100,99939,100,100049,100,99936,100,100057,100,99934,100,100060,100,99927,200,100066,200,99925,100,100077,100,99921,100
2019-06-28 09:31:30.000000000,100025,158,99995,258,100030,158,99980,158,100038,158,99958,158,100039,158,99943,158,100045,158,99939,158,100049,100,99936,100,100057,100,99934,100,100060,100,99927,200,100066,200,99925,100,100077,100,99921,100
2019-06-28 09:31:31.184486508,100025,58,99995,258,100030,158,99980,158,100038,158,99958,158,100039,158,99943,158,100045,158,99939,158,100049,100,99936,100,100057,100,99934,100,100060,100,99927,200,100066,200,99925,100,100094,100,99921,100
2019-06-28 09:31:40.000000000,100030,199,99995,299,100038,196,99980,196,100039,196,99958,196,100045,100,99943,100,100049,100,99939,100,100057,100,99936,100,100060,100,99934,100,100066,200,99927,200,100094,100,99925,100,100098,200,99921,100
2019-06-28 09:31:43.937580681,100030,99,99995,299,100038,196,99980,196,100039,196,99958,196,100045,100,99943,100,100049,100,99939,100,100057,100,99936,100,100060,100,99934,100,100066,200,99927,200,100094,100,99925,100,100098,200,99921,100
2019-06-28 09:31:50.000000000,100038,246,99995,346,100039,246,99980,246,100045,100,99958,100,100049,100,99943,100,100057,100,99939,100,100060,100,99936,100,100066,200,99934,100,100094,100,99927,200,100098,200,99925,100,100111,100,99921,100
2019-06-28 09:32:00.000000000,100038,246,99995,346,100039,246,99980,246,100045,100,99958,100,100049,100,99943,100,100057,100,99939,100,100060,100,99936,100,100066,200,99934,100,100094,100,99927,200,100098,200,99925,100,100111,100,99921,100
2019-06-28 09:32:10.000000000,100038,391,99995,491,100039,100,99980,100,100045,100,99958,100,100049,100,99943,100,100057,100,99939,100,100060,100,99936,100,100066,200,99934,100,100094,100,99927,200,100098,200,99925,100,100111,100,99921,100
2019-06-28 09:32:12.442307684,100038,391,99995,491,100039,100,99980,100,100045,100,99958,100,100049,100,99943,100,100057,100,99939,100,100060,100,99936,100,100066,200,99934,100,100094,100,99927,200,100098,200,99925,100,100111,100,99921,100
2019-06-28 09:32:15.195370982,100038,391,100025,100,100039,100,99995,391,100045,100,99980,100,100049,100,99958,100,100057,100,99943,100,100060,100,99939,100,100066,200,99936,100,100094,100,99934,100,100098,200,99927,200,100111,100,99925,100
2019-06-28 09:32:20.000000000,100038,158,100025,158,100039,158,99995,158,100045,158,99980,158,100049,158,99958,158,100057,158,99943,158,100060,100,99939,100,100066,200,99936,100,100094,100,99934,100,100098,200,99927,200,100111,100,99925,100
2019-06-28 09:32:30.000000000,100038,158,100025,158,100039,158,99995,158,100045,158,99980,158,100049,158,99958,158,100057,158,99943,158,100060,100,99939,100,100066,200,99936,100,100094,100,99934,100,100098,200,99927,200,100111,100,99925,100
2019-06-28 09:32:40.000000000,100038,158,100025,158,100039,158,99995,158,100045,158,99980,158,100049,158,99958,158,100057,158,99943,158,100060,100,99939,100,100066,200,99936,100,100094,100,99934,100,100098,200,99927,200,100111,100,99925,100
2019-06-28 09:32:50.000000000,100038,173,100025,173,100039,173,99995,173,100045,173,99980,173,100049,173,99958,173,100057,100,99943,100,100060,100,99939,100,100066,200,99936,100,100094,100,99934,100,100098,200,99927,200,100111,100,99925,100
2019-06-28 09:32:53.552735482,100038,73,100025,173,100039,173,99995,173,100045,173,99980,173,100049,173,99958,173,100057,100,99943,100,100060,100,99939,100,100066,200,99936,100,100094,100,99934,100,100098,200,99927,200,100111,100,99925,100
2019-06-28 09:33:00.000000000,100039,391,100025,391,100045,100,99995,100,100049,100,99980,100,100057,100,99958,100,100060,100,99943,100,100066,200,99939,100,100094,100,99936,100,100098,200,99934,100,100111,100,99927,200,100133,100,99925,100
2019-06-28 09:33:07.447562147,100039,391,100030,100,100045,100,100025,391,100049,100,99995,100,100057,100,99980,100,100060,100,99958,100,100066,200,99943,100,100094,100,99939,100,100098,200,99936,100,100111,100,99934,100,100133,100,99927,200
2019-06-28 09:33:10.000000000,100039,199,100030,199,100045,196,100025,196,100049,196,99995,196,100057,100,99980,100,100060,100,99958,100,100066,200,99943,100,100094,100,99939,100,100098,200,99936,100,100111,100,99934,100,100133,100,99927,200
2019-06-28 09:33:20.000000000,100039,199,100030,199,100045,196,100025,196,100049,196,99995,196,100057,100,99980,100,100060,100,99958,100,100066,200,99943,100,100094,100,99939,100,100098,200,99936,100,100111,100,99934,100,100133,100,99927,200
2019-06-28 09:33:27.742418363,100039,199,100030,199,100045,196,100025,196,100049,196,99995,196,100057,100,99980,100,100060,100,99958,100,100066,200,99943,100,100094,100,99939,100,100098,200,99936,100,100111,100,99934,100,100133,100,99927,200
2019-06-28 09:33:30.000000000,100039,246,100030,246,100045,246,100025,246,100049,100,99995,100,100057,100,99980,100,100060,100,99958,100,100066,200,99943,100,100094,100,99939,100,100098,200,99936,100,100111,100,99934,100,100133,100,99927,200
2019-06-28 09:33:40.000000000,100039,391,100030,391,100045,100,100025,100,100049,100,99995,100,100057,100,99980,100,100060,100,99958,100,100066,200,99943,100,100094,100,99939,100,100098,200,99936,100,100111,100,99934,100,100133,100,99927,200
2019-06-28 09:33:49.854646231,100039,291,100030,391,100045,100,100025,100,100049,100,99995,100,100057,100,99980,100,100060,100,99958,100,100066,200,99943,100,100094,100,99939,100,100098,200,99936,100,100111,100,99927,200,100133,100,99925,100
2019-06-28 09:33:50.000000000,100045,391,100030,391,100049,100,100025,100,100057,100,99995,100,100060,100,99980,100,100066,200,99958,100,100094,100,99943,100,100098,200,99939,100,100111,100,99936,100,100133,100,99927,200,100143,100,99925,100
2019-06-28 09:33:51.423382124,100045,391,100030,391,100049,100,100025,100,100057,100,99995,100,100060,100,99980,100,100066,200,99958,100,100094,100,99943,100,100098,200,99939,100,100111,100,99936,100,100133,100,99927,200,100143,100,99925,100
2019-06-28 09:33:54.570927577,100045,391,100030,391,100049,100,100025,100,100057,100,99995,100,100060,100,99980,100,100066,100,99958,100,100094,100,99943,100,100098,200,99939,100,100111,100,99936,100,100133,100,99927,200,100143,100,99925,100
2019-06-28 09:34:00.000000000,100045,246,100030,246,100049,246,100025,246,100057,100,99995,100,100060,100,99980,100,100066,100,99958,100,100094,100,99943,100,100098,200,99939,100,100111,100,99936,100,100133,100,99927,200,100143,100,99925,100
2019-06-28 09:34:00.904500350,100045,246,100030,246,100049,246,100025,246,100057,100,99995,100,100060,100,99980,100,100066,100,99958,100,100094,100,99943,100,100098,200,99939,100,100111,100,99936,100,100133,100,99927,200,100143,100,99925,100
2019-06-28 09:34:10.000000000,100045,173,100030,173,100049,173,100025,173,100057,173,99995,173,100060,173,99980,173,100066,100,99958,100,100094,100,99943,100,100098,200,99939,100,100111,100,99936,100,100133,100,99927,200,100143,100,99925,100
2019-06-28 09:34:20.000000000,100045,246,100030,246,100049,246,100025,246,100057,100,99995,100,100060,100,99980,100,100066,100,99958,100,100094,100,99943,100,100098,200,99939,100,100111,100,99936,100,100133,100,99927,200,100143,100,99925,100
2019-06-28 09:34:24.328485803,100045,146,100030,246,100049,246,100025,246,100057,100,99995,100,100060,100,99958,100,100066,100,99943,100,100094,100,99939,100,100098,200,99936,100,100111,100,99927,200,100133,100,99925,100,100143,100,99921,100
2019-06-28 09:34:30.000000000,100049,246,100030,246,100057,246,100025,246,100060,100,99995,100,100066,100,99958,100,100094,100,99943,100,100098,200,99939,100,100111,100,99936,100,100133,100,99927,200,100143,100,99925,100,100147,100,99921,100
2019-06-28 09:34:40.000000000,100049,173,100030,173,100057,173,100025,173,100060,173,99995,173,100066,173,99958,173,100094,100,99943,100,100098,200,99939,100,100111,100,99936,100,100133,100,99927,200,100143,100,99925,100,100147,100,99921,100
2019-06-28 09:34:46.115273796,100049,73,100030,173,100057,173,100025,173,100060,173,99995,173,100066,173,99958,173,100094,100,99943,100,100098,200,99939,100,100111,100,99936,100,100133,100,99927,200,100147,100,99925,100,100169,100,99921,100
2019-06-28 09:34:50.000000000,100057,246,100030,246,100060,246,100025,246,100066,100,99995,100,100094,100,99958,100,100098,200,99943,100,100111,100,99939,100,100133,100,99936,100,100147,100,99927,200,100169,100,99925,100,100175,100,99921,100
2019-06-28 09:35:00.000000000,100057,246,100030,246,100060,246,100025,246,100066,100,99995,100,100094,100,99958,100,100098,200,99943,100,100111,100,99939,100,100133,100,99936,100,100147,100,99927,200,100169,100,99925,100,100175,100,99921,100
2019-06-28 09:35:01.719356099,100057,246,100030,246,100060,246,100025,246,100066,100,99995,100,100094,100,99958,100,100098,100,99943,100,100111,100,99939,100,100133,100,99936,100,100147,100,99927,200,100169,100,99925,100,100175,100,99921,100
2019-06-28 09:35:02.414502972,100057,246,100045,100,100060,246,100030,246,100066,100,100025,246,100094,100,99995,100,100098,100,99958,100,100111,100,99943,100,100133,100,99939,100,100147,100,99936,100,100169,100,99927,200,100190,100,99925,100
2019-06-28 09:35:10.000000000,100057,158,100045,158,100060,158,100030,158,100066,158,100025,158,100094,158,99995,158,100098,158,99958,158,100111,100,99943,100,100133,100,99939,100,100147,100,99936,100,100169,100,99927,200,100190,100,99925,100
2019-06-28 09:35:12.257930209,100057,58,100045,158,100060,158,100030,158,100066,158,100025,158,100094,158,99995,158,100098,158,99958,158,100111,100,99943,100,100133,100,99939,100,100147,100,99936,100,100169,100,99927,100,100190,100,99925,100
2019-06-28 09:35:20.000000000,100060,173,100045,173,100066,173,100030,173,100094,173,100025,173,100098,173,99995,173,100111,100,99958,100,100133,100,99943,100,100147,100,99939,100,100169,100,99936,100,100190,100,99927,100,100444,100,99925,100
2019-06-28 09:35:30.000000000,100060,173,100045,173,100066,173,100030,173,100094,173,100025,173,100098,173,99995,173,100111,100,99958,100,100133,100,99943,100,100147,100,99939,100,100169,100,99936,100,100190,100,99927,100,100444,100,99925,100
2019-06-28 09:35:38.182462580,100060,173,100045,173,100066,173,100030,173,100094,173,100025,173,100098,173,99995,173,100111,100,99958,100,100133,100,99943,100,100147,100,99939,100,100169,100,99936,100,100190,100,99927,100,100444,100,99925,100
2019-06-28 09:35:40.000000000,100060,173,100045,173,100066,173,100030,173,100094,173,100025,173,100098,173,99995,173,100111,100,99958,100,100133,100,99943,100,100147,100,99939,100,100169,100,99936,100,100190,100,99927,100,100444,100,99925,100
2019-06-28 09:35:50.000000000,100060,158,100045,158,100066,158,100030,158,100094,158,100025,158,100098,158,99995,158,100111,158,99958,158,100133,100,99943,100,100147,100,99939,100,100169,100,99936,100,100190,100,99927,100,100444,100,99925,100
2019-06-28 09:35:53.106975115,100060,158,100045,158,100066,158,100030,158,100094,158,100025,158,100098,158,99995,158,100111,158,99958,158,100133,100,99943,100,100147,100,99939,100,100169,100,99936,100,100190,100,99927,100,100444,100,99925,100
2019-06-28 09:36:00.000000000,100060,199,100045,199,100066,196,100030,196,100094,196,100025,196,100098,100,99995,100,100111,100,99958,100,100133,100,99943,100,100147,100,99939,100,100169,100,99936,100,100190,100,99927,100,100444,100,99925,100
2019-06-28 09:36:10.000000000,100060,391,100045,391,100066,100,100030,100,100094,100,100025,100,100098,100,99995,100,100111,100,99958,100,100133,100,99943,100,100147,100,99939,100,100169,100,99936,100,100190,100,99927,100,100444,100,99925,100
2019-06-28 09:36:20.000000000,100060,391,100045,391,100066,100,100030,100,100094,100,100025,100,100098,100,99995,100,100111,100,99958,100,100133,100,99943,100,100147,100,99939,100,100169,100,99936,100,100190,100,99927,100,100444,100,99925,100
2019-06-28 09:36:30.000000000,100060,158,100045,158,100066,158,100030,158,100094,158,100025,158,100098,158,99995,158,100111,158,99958,158,100133,100,99943,100,100147,100,99939,100,100169,100,99936,100,100190,100,99927,100,100444,100,99925,100
2019-06-28 09:36:37.179340085,100060,158,100045,158,100066,158,100030,158,100094,58,100025,158,100098,158,99995,158,100111,158,99958,158,100133,100,99943,100,100147,100,99939,100,100169,100,99936,100,100190,100,99927,100,100444,100,99925,100
2019-06-28 09:36:37.709764764,100060,158,100045,158,100066,158,100030,158,100094,58,100025,158,100098,158,99995,158,100111,158,99958,158,100133,100,99943,100,100147,100,99936,100,100169,100,99927,100,100190,100,99925,100,100444,100,99921,100
2019-06-28 09:36:40.000000000,100060,391,100045,391,100066,100,100030,100,100098,100,100025,100,100111,100,99995,100,100133,100,99958,100,100147,100,99943,100,100169,100,99936,100,100190,100,99927,100,100444,100,99925,100,100545,100,99921,100
2019-06-28 09:36:50.000000000,100060,391,100045,391,100066,100,100030,100,100098,100,100025,100,100111,100,99995,100,100133,100,99958,100,100147,100,99943,100,100169,100,99936,100,100190,100,99927,100,100444,100,99925,100,100545,100,99921,100
2019-06-28 09:36:57.147218423,100060,291,100045,391,100066,100,100030,100,100098,100,100025,100,100111,100,99995,100,100133,100,99958,100,100147,100,99943,100,100169,100,99936,100,100190,100,99927,100,100444,100,99925,100,100545,100,99921,100
2019-06-28 09:37:00.000000000,100066,246,100045,246,100098,246,100030,246,100111,100,100025,100,100133,100,99995,100,100147,100,99958,100,100169,100,99943,100,100190,100,99936,100,100444,100,99927,100,100545,100,99925,100,100562,100,99921,100
2019-06-28 09:37:00.506435608,100066,146,100045,246,100098,246,100030,246,100111,100,100025,100,100133,100,99995,100,100147,100,99958,100,100169,100,99943,100,100190,100,99936,100,100444,100,99927,100,100545,100,99925,100,100562,100,99921,100
2019-06-28 09:37:01.137945476,100066,146,100045,246,100098,246,100030,246,100111,100,100025,100,100133,100,99995,100,100147,100,99958,100,100169,100,99943,100,100190,100,99936,100,100444,100,99927,100,100545,100,99925,100,100562,100,99921,100
2019-06-28 09:37:07.950291706,100066,146,100060,100,100098,246,100045,246,100111,100,100030,246,100133,100,100025,100,100147,100,99995,100,100169,100,99958,100,100190,100,99943,100,100444,100,99936,100,100545,100,99927,100,100562,100,99921,100
2019-06-28 09:37:10.000000000,100098,246,100060,246,100111,246,100045,246,100133,100,100030,100,100147,100,100025,100,100169,100,99995,100,100190,100,99958,100,100444,100,99943,100,100545,100,99936,100,100562,100,99927,100,100568,100,99921,100
2019-06-28 09:37:20.000000000,100098,391,100060,391,100111,100,100045,100,100133,100,100030,100,100147,100,100025,100,100169,100,99995,100,100190,100,99958,100,100444,100,99943,100,100545,100,99936,100,100562,100,99927,100,100568,100,99921,100
2019-06-28 09:37:30.000000000,100098,199,100060,199,100111,196,100045,196,100133,196,100030,196,100147,100,100025,100,100169,100,99995,100,100190,100,99958,100,100444,100,99943,100,100545,100,99936,100,100562,100,99927,100,100568,100,99921,100
2019-06-28 09:37:33.775020676,100098,199,100060,199,100111,196,100045,196,100133,196,100030,196,100147,100,100025,100,100169,100,99995,100,100190,100,99958,100,100444,100,99943,100,100545,100,99936,100,100562,100,99927,100,100568,100,99921,100
2019-06-28 09:37:37.911704998,100098,99,100060,199,100111,196,100045,196,100133,196,100030,196,100147,100,100025,100,100169,100,99995,100,100190,100,99958,100,100444,100,99943,100,100545,100,99936,100,100562,100,99927,100,100568,100,99921,100
2019-06-28 09:37:40.000000000,100111,199,100060,199,100133,196,100045,196,100147,196,100030,196,100169,100,100025,100,100190,100,99995,100,100444,100,99958,100,100545,100,99943,100,100562,100,99936,100,100568,100,99927,100,100590,100,99921,100
2019-06-28 09:37:50.000000000,100111,173,100060,173,100133,173,100045,173,100147,173,100030,173,100169,173,100025,173,100190,100,99995,100,100444,100,99958,100,100545,100,99943,100,100562,100,99936,100,100568,100,99927,100,100590,100,99921,100
2019-06-28 09:37:50.981877441,100111,73,100060,173,100133,173,100045,173,100147,173,100030,173,100169,173,100025,173,100190,100,99995,100,100444,100,99958,100,100545,100,99943,100,100562,100,99936,100,100568,100,99927,100,100590,100,99921,100
2019-06-28 09:38:00.000000000,100133,173,100060,173,100147,173,100045,173,100169,173,100030,173,100190,173,100025,173,100444,100,99995,100,100545,100,99958,100,100562,100,99943,100,100568,100,99936,100,100590,100,99927,100,100622,100,99921,100
2019-06-28 09:38:10.000000000,100133,391,100060,391,100147,100,100045,100,100169,100,100030,100,100190,100,100025,100,100444,100,99995,100,100545,100,99958,100,100562,100,99943,100,100568,100,99936,100,100590,100,99927,100,100622,100,99921,100
2019-06-28 09:38:10.224410588,100133,391,100060,391,100147,100,100045,100,100169,100,100030,100,100190,100,100025,100,100444,100,99995,100,100545,100,99958,100,100562,100,99943,100,100568,100,99936,100,100590,100,99927,100,100622,100,99921,100
2019-06-28 09:38:12.675735048,100133,391,100060,391,100147,100,100045,100,100169,100,100030,100,100190,100,100025,100,100444,100,99995,100,100545,100,99958,100,100562,100,99943,100,100568,100,99936,100,100590,100,99927,100,100622,100,99921,100
2019-06-28 09:38:14.817261450,100133,391,100060,391,100147,100,100045,100,100169,100,100030,100,100190,100,100025,100,100444,100,99995,100,100545,100,99958,100,100562,100,99943,100,100568,100,99936,100,100590,100,99927,100,100622,100,99921,100
2019-06-28 09:38:20.000000000,100133,158,100060,158,100147,158,100045,158,100169,158,100030,158,100190,158,100025,158,100444,158,99995,158,100545,100,99958,100,100562,100,99943,100,100568,100,99936,100,100590,100,99927,100,100622,100,99921,100
2019-06-28 09:38:30.000000000,100133,246,100060,246,100147,246,100045,246,100169,100,100030,100,100190,100,100025,100,100444,100,99995,100,100545,100,99958,100,100562,100,99943,100,100568,100,99936,100,100590,100,99927,100,100622,100,99921,100
2019-06-28 09:38:40.000000000,100133,391,100060,391,100147,100,100045,100,100169,100,100030,100,100190,100,100025,100,100444,100,99995,100,100545,100,99958,100,100562,100,99943,100,100568,100,99936,100,100590,100,99927,100,100622,100,99921,100
2019-06-28 09:38:50.000000000,100133,199,100060,199,100147,196,100045,196,100169,196,100030,196,100190,100,100025,100,100444,100,99995,100,100545,100,99958,100,100562,100,99943,100,100568,100,99936,100,100590,100,99927,100,100622,100,99921,100
2019-06-28 09:39:00.000000000,100133,158,100060,158,100147,158,100045,158,100169,158,100030,158,100190,158,100025,158,100444,158,99995,158,100545,100,99958,100,100562,100,99943,100,100568,100,99936,100,100590,100,99927,100,100622,100,99921,100
2019-06-28 09:39:10.000000000,100133,246,100060,246,100147,246,100045,246,100169,100,100030,100,100190,100,100025,100,100444,100,99995,100,100545,100,99958,100,100562,100,99943,100,100568,100,99936,100,100590,100,99927,100,100622,100,99921,100
2019-06-28 09:39:19.206281540,100133,246,100098,100,100147,246,100060,246,100169,100,100045,246,100190,100,100030,100,100444,100,100025,100,100545,100,99995,100,100562,100,99958,100,100568,100,99943,100,100590,100,99936,100,100622,100,99927,100
2019-06-28 09:39:20.000000000,100133,391,100098,391,100147,100,100060,100,100169,100,100045,100,100190,100,100030,100,100444,100,100025,100,100545,100,99995,100,100562,100,99958,100,100568,100,99943,100,100590,100,99936,100,100622,100,99927,100
2019-06-28 09:39:22.503553608,100133,291,100098,391,100147,100,100060,100,100169,100,100045,100,100190,100,100030,100,100444,100,100025,100,100545,100,99995,100,100562,100,99958,100,100568,100,99943,100,100590,100,99936,100,100622,100,99927,100
2019-06-28 09:39:30.000000000,100147,158,100098,158,100169,158,100060,158,100190,158,100045,158,100444,158,100030,158,100545,158,100025,158,100562,100,99995,100,100568,100,99958,100,100590,100,99943,100,100622,100,99936,100,100820,100,99927,100
2019-06-28 09:39:39.688941455,100147,158,100098,158,100169,158,100060,158,100190,158,100045,158,100444,158,100030,158,100545,158,100025,158,100562,100,99995,100,100568,100,99958,100,100590,100,99943,100,100622,100,99936,100,100820,100,99927,100
2019-06-28 09:39:40.000000000,100147,173,100098,173,100169,173,100060,173,100190,173,100045,173,100444,173,100030,173,100545,100,100025,100,100562,100,99995,100,100568,100,99958,100,100590,100,99943,100,100622,100,99936,100,100820,100,99927,100
2019-06-28 09:39:50.000000000,100147,158,100098,158,100169,158,100060,158,100190,158,100045,158,100444,158,100030,158,100545,158,100025,158,100562,100,99995,100,100568,100,99958,100,100590,100,99943,100,100622,100,99936,100,100820,100,99927,100
2019-06-28 09:39:55.705618383,100147,158,100111,100,100169,158,100098,158,100190,158,100060,158,100444,158,100045,158,100545,158,100030,158,100562,100,100025,158,100568,100,99995,100,100590,100,99958,100,100622,100,99943,100,100820,100,99936,100
2019-06-28 09:40:00.000000000,100147,246,100111,246,100169,246,100098,246,100190,100,100060,100,100444,100,100045,100,100545,100,100030,100,100562,100,100025,100,100568,100,99995,100,100590,100,99958,100,100622,100,99943,100,100820,100,99936,100
2019-06-28 09:40:02.566788724,100147,246,100111,246,100169,246,100098,246,100190,100,100060,100,100444,100,100045,100,100545,100,100030,100,100562,100,100025,100,100568,100,99958,100,100590,100,99943,100,100622,100,99936,100,100820,100,99927,100
2019-06-28 09:40:02.582426794,100147,246,100111,246,100169,246,100098,246,100190,100,100060,100,100444,100,100045,100,100545,100,100030,100,100562,100,100025,100,100568,100,99958,100,100590,100,99943,100,100820,100,99936,100,100854,100,99927,100
2019-06-28 09:40:10.000000000,100147,199,100111,199,100169,196,100098,196,100190,196,100060,196,100444,100,100045,100,100545,100,100030,100,100562,100,100025,100,100568,100,99958,100,100590,100,99943,100,100820,100,99936,100,100854,100,99927,100
2019-06-28 09:40:10.867742617,100147,199,100111,299,100169,196,100098,196,100190,196,100060,96,100444,100,100045,100,100545,100,100030,100,100562,100,100025,100,100568,100,99958,100,100590,100,99943,100,100820,100,99936,100,100854,100,99927,100
2019-06-28 09:40:14.623449732,100147,199,100111,399,100169,196,100098,196,100190,196,100060,96,100444,100,100045,100,100545,100,100030,100,100562,100,100025,100,100568,100,99958,100,100590,100,99943,100,100820,100,99936,100,100854,100,99927,100
2019-06-28 09:40:17.149606742,100147,199,100111,399,100169,196,100098,196,100190,196,100060,96,100444,100,100045,100,100545,100,100030,100,100562,100,100025,100,100568,100,99958,100,100590,100,99943,100,100820,100,99936,100,100854,100,99927,100
2019-06-28 09:40:20.000000000,100147,173,100111,373,100169,173,100098,173,100190,173,100045,173,100444,173,100030,173,100545,100,100025,100,100562,100,99958,100,100568,100,99943,100,100590,100,99936,100,100820,100,99927,100,100854,100,99921,100
2019-06-28 09:40:30.000000000,100147,246,100111,446,100169,246,100098,246,100190,100,100045,100,100444,100,100030,100,100545,100,100025,100,100562,100,99958,100,100568,100,99943,100,100590,100,99936,100,100820,100,99927,100,100854,100,99921,100
2019-06-28 09:40:34.289228872,100147,246,100111,446,100169,246,100098,246,100190,100,100045,100,100444,100,100030,100,100545,100,100025,100,100562,100,99958,100,100568,100,99943,100,100590,100,99936,100,100820,100,99927,100,100854,100,99921,100
2019-06-28 09:40:40.000000000,100147,391,100111,591,100169,100,100098,100,100190,100,100045,100,100444,100,100030,100,100545,100,100025,100,100562,100,99958,100,100568,100,99943,100,100590,100,99936,100,100820,100,99927,100,100854,100,99921,100
2019-06-28 09:40:50.000000000,100147,246,100111,446,100169,246,100098,246,100190,100,100045,100,100444,100,100030,100,100545,100,100025,100,100562,100,99958,100,100568,100,99943,100,100590,100,99936,100,100820,100,99927,100,100854,100,99921,100
2019-06-28 09:40:51.376665818,100147,246,100111,446,100169,246,100098,246,100190,100,100045,100,100444,100,100030,100,100545,100,100025,100,100562,100,99958,100,100590,100,99943,100,100820,100,99936,100,100854,100,99927,100,100959,100,99921,100
2019-06-28 09:41:00.000000000,100147,158,100111,358,100169,158,100098,158,100190,158,100045,158,100444,158,100030,158,100545,158,100025,158,100562,100,99958,100,100590,100,99943,100,100820,100,99936,100,100854,100,99927,100,100959,100,99921,100
2019-06-28 09:41:03.212489764,100147,158,100111,358,100169,158,100098,158,100190,158,100045,158,100444,158,100030,158,100545,158,100025,158,100590,100,99958,100,100820,100,99943,100,100854,100,99936,100,100954,100,99927,100,100959,100,99921,100
2019-06-28 09:41:07.715455277,100147,158,100111,358,100169,158,100098,158,100190,158,100045,158,100444,158,100030,158,100545,158,100025,158,100590,100,99958,100,100820,100,99943,100,100854,100,99936,100,100954,100,99927,100,100959,100,99921,100
2019-06-28 09:41:10.000000000,100147,173,100111,373,100169,173,100098,173,100190,173,100045,173,100444,173,100030,173,100545,100,100025,100,100590,100,99958,100,100820,100,99943,100,100854,100,99936,100,100954,100,99927,100,100959,100,99921,100
2019-06-28 09:41:20.000000000,100147,391,100111,591,100169,100,100098,100,100190,100,100045,100,100444,100,100030,100,100545,100,100025,100,100590,100,99958,100,100820,100,99943,100,100854,100,99936,100,100954,100,99927,100,100959,100,99921,100
2019-06-28 09:41:23.944208002,100147,291,100111,591,100169,100,100098,100,100190,100,100045,100,100444,100,100030,100,100545,100,100025,100,100590,100,99958,100,100820,100,99943,100,100854,100,99936,100,100954,100,99927,100,100959,100,99921,100
2019-06-28 09:41:30.000000000,100169,158,100111,358,100190,158,100098,158,100444,158,100045,158,100545,158,100030,158,100590,158,100025,158,100820,100,99958,100,100854,100,99943,100,100954,100,99936,100,100959,100,99927,100,101017,100,99921,100
2019-06-28 09:41:39.100877261,100169,58,100111,358,100190,158,100098,158,100444,158,100045,158,100545,158,100030,158,100590,158,100025,158,100820,100,99958,100,100854,100,99943,100,100954,100,99936,100,100959,100,99927,100,101017,100,99921,100
2019-06-28 09:41:40.000000000,100190,158,100111,358,100444,158,100098,158,100545,158,100045,158,100590,158,100030,158,100820,158,100025,158,100854,100,99958,100,100954,100,99943,100,100959,100,99936,100,101017,100,99927,100,101051,100,99921,100
2019-06-28 09:41:43.042711102,100190,58,100111,358,100444,158,100098,158,100545,158,100045,158,100590,158,100030,158,100820,158,100025,158,100854,100,99958,100,100954,100,99943,100,101017,100,99936,100,101051,100,99927,100,101068,100,99921,100
2019-06-28 09:41:50.000000000,100444,199,100111,399,100545,196,100098,196,100590,196,100045,196,100820,100,100030,100,100854,100,100025,100,100954,100,99958,100,101017,100,99943,100,101051,100,99936,100,101068,100,99927,100,101130,100,99921,100
2019-06-28 09:42:00.000000000,100444,158,100111,358,100545,158,100098,158,100590,158,100045,158,100820,158,100030,158,100854,158,100025,158,100954,100,99958,100,101017,100,99943,100,101051,100,99936,100,101068,100,99927,100,101130,100,99921,100
2019-06-28 09:42:10.000000000,100444,246,100111,446,100545,246,100098,246,100590,100,100045,100,100820,100,100030,100,100854,100,100025,100,100954,100,99958,100,101017,100,99943,100,101051,100,99936,100,101068,100,99927,100,101130,100,99921,100
2019-06-28 09:42:20.000000000,100444,199,100111,399,100545,196,100098,196,100590,196,100045,196,100820,100,100030,100,100854,100,100025,100,100954,100,99958,100,101017,100,99943,100,101051,100,99936,100,101068,100,99927,100,101130,100,99921,100
2019-06-28 09:42:30.000000000,100444,246,100111,446,100545,246,100098,246,100590,100,100045,100,100820,100,100030,100,100854,100,100025,100,100954,100,99958,100,101017,100,99943,100,101051,100,99936,100,101068,100,99927,100,101130,100,99921,100
2019-06-28 09:42:40.000000000,100444,199,100111,399,100545,196,100098,196,100590,196,100045,196,100820,100,100030,100,100854,100,100025,100,100954,100,99958,100,101017,100,99943,100,101051,100,99936,100,101068,100,99927,100,101130,100,99921,100
2019-06-28 09:42:43.815242686,100444,199,100111,399,100545,196,100098,196,100590,96,100045,196,100820,100,100030,100,100854,100,100025,100,100954,100,99958,100,101012,100,99943,100,101017,100,99936,100,101051,100,99927,100,101068,100,99921,100
2019-06-28 09:42:48.355169821,100444,199,100169,100,100545,196,100111,399,100590,96,100098,196,100820,100,100045,196,100854,100,100030,100,100954,100,100025,100,101012,100,99958,100,101017,100,99943,100,101051,100,99936,100,101068,100,99927,100
2019-06-28 09:42:50.000000000,100444,391,100169,391,100545,100,100111,300,100820,100,100098,100,100854,100,100045,100,100954,100,100030,100,101012,100,100025,100,101017,100,99958,100,101051,100,99943,100,101068,100,99936,100,101130,100,99927,100
2019-06-28 09:42:54.630742713,100444,291,100169,391,100545,100,100111,300,100820,100,100098,100,100854,100,100045,100,100954,100,100030,100,101012,100,100025,100,101017,100,99958,100,101051,100,99943,100,101068,100,99936,100,101130,100,99927,100
2019-06-28 09:43:00.000000000,100545,199,100169,199,100820,196,100111,396,100854,196,100098,196,100954,100,100045,100,101012,100,100030,100,101017,100,100025,100,101051,100,99958,100,101068,100,99943,100,101130,100,99936,100,101180,100,99927,100
2019-06-28 09:43:10.000000000,100545,158,100169,158,100820,158,100111,358,100854,158,100098,158,100954,158,100045,158,101012,158,100030,158,101017,100,100025,100,101051,100,99958,100,101068,100,99943,100,101130,100,99936,100,101180,100,99927,100
2019-06-28 09:43:20.000000000,100545,173,100169,173,100820,173,100111,373,100854,173,100098,173,100954,173,100045,173,101012,100,100030,100,101017,100,100025,100,101051,100,99958,100,101068,100,99943,100,101130,100,99936,100,101180,100,99927,100
2019-06-28 09:43:30.000000000,100545,246,100169,246,100820,246,100111,446,100854,100,100098,100,100954,100,100045,100,101012,100,100030,100,101017,100,100025,100,101051,100,99958,100,101068,100,99943,100,101130,100,99936,100,101180,100,99927,100
2019-06-28 09:43:40.000000000,100545,158,100169,158,100820,158,100111,358,100854,158,100098,158,100954,158,100045,158,101012,158,100030,158,101017,100,100025,100,101051,100,99958,100,101068,100,99943,100,101130,100,99936,100,101180,100,99927,100
2019-06-28 09:43:40.201478189,100545,158,100169,158,100820,158,100111,358,100854,158,100098,158,100954,158,100045,158,101012,158,100030,158,101051,100,100025,100,101068,100,99958,100,101130,100,99943,100,101180,100,99936,100,101229,100,99927,100
2019-06-28 09:43:50.000000000,100545,158,100169,158,100820,158,100111,358,100854,158,100098,158,100954,158,100045,158,101012,158,100030,158,101051,100,100025,100,101068,100,99958,100,101130,100,99943,100,101180,100,99936,100,101229,100,99927,100
2019-06-28 09:44:00.000000000,100545,158,100169,158,100820,158,100111,358,100854,158,100098,158,100954,158,100045,158,101012,158,100030,158,101051,100,100025,100,101068,100,99958,100,101130,100,99943,100,101180,100,99936,100,101229,100,99927,100
2019-06-28 09:44:04.911144566,100545,158,100169,158,100820,158,100111,358,100854,58,100098,158,100954,158,100045,158,101012,158,100030,158,101051,100,100025,100,101068,100,99958,100,101130,100,99943,100,101180,100,99936,100,101229,100,99927,100
2019-06-28 09:44:06.606248975,100545,158,100169,158,100820,158,100111,358,100854,58,100098,158,100954,158,100045,158,101012,58,100030,158,101051,100,100025,100,101068,100,99958,100,101130,100,99943,100,101168,100,99936,100,101180,100,99927,100
2019-06-28 09:44:10.000000000,100545,158,100169,158,100820,158,100111,358,100954,158,100098,158,101051,158,100045,158,101068,158,100030,158,101130,100,100025,100,101168,100,99958,100,101180,100,99943,100,101229,100,99936,100,101380,100,99927,100
2019-06-28 09:44:20.000000000,100545,173,100169,173,100820,173,100111,373,100954,173,100098,173,101051,173,100045,173,101068,100,100030,100,101130,100,100025,100,101168,100,99958,100,101180,100,99943,100,101229,100,99936,100,101380,100,99927,100
2019-06-28 09:44:21.181756222,100545,173,100169,173,100820,173,100111,373,100954,173,100098,173,101051,173,100045,173,101068,100,100030,100,101130,100,100025,100,101168,100,99958,100,101180,100,99943,100,101229,100,99936,100,101309,100,99927,100
2019-06-28 09:44:30.000000000,100545,246,100169,246,100820,246,100111,446,100954,100,100098,100,101051,100,100045,100,101068,100,100030,100,101130,100,100025,100,101168,100,99958,100,101180,100,99943,100,101229,100,99936,100,101309,100,99927,100
2019-06-28 09:44:39.877302539,100545,246,100190,100,100820,246,100169,246,100954,100,100111,446,101051,100,100098,100,101068,100,100045,100,101130,100,100030,100,101168,100,100025,100,101180,100,99958,100,101229,100,99943,100,101309,100,99936,100
2019-06-28 09:44:40.000000000,100545,173,100190,173,100820,173,100169,173,100954,173,100111,373,101051,173,100098,173,101068,100,100045,100,101130,100,100030,100,101168,100,100025,100,101180,100,99958,100,101229,100,99943,100,101309,100,99936,100
2019-06-28 09:44:40.346809301,100545,173,100190,173,100820,173,100169,173,100954,173,100111,373,101051,173,100098,173,101068,100,100045,100,101130,100,100030,100,101168,100,100025,100,101180,100,99943,100,101200,100,99936,100,101229,100,99927,100
2019-06-28 09:44:50.000000000,100545,246,100190,246,100820,246,100169,246,100954,100,100111,300,101051,100,100098,100,101068,100,100045,100,101130,100,100030,100,101168,100,100025,100,101180,100,99943,100,101200,100,99936,100,101229,100,99927,100
2019-06-28 09:44:54.848204561,100545,146,100190,246,100820,246,100169,246,100954,100,100111,300,101051,100,100098,100,101068,100,100045,100,101130,100,100030,100,101168,100,100025,100,101180,100,99943,100,101200,100,99936,100,101229,100,99927,100
2019-06-28 09:45:00.000000000,100820,158,100190,158,100954,158,100169,158,101051,158,100111,358,101068,158,100098,158,101130,158,100045,158,101168,100,100030,100,101180,100,100025,100,101200,100,99943,100,101229,100,99936,100,101309,100,99927,100
2019-06-28 09:45:10.000000000,100820,158,100190,158,100954,158,100169,158,101051,158,100111,358,101068,158,100098,158,101130,158,100045,158,101168,100,100030,100,101180,100,100025,100,101200,100,99943,100,101229,100,99936,100,101309,100,99927,100
2019-06-28 09:45:20.000000000,100820,173,100190,173,100954,173,100169,173,101051,173,100111,373,101068,173,100098,173,101130,100,100045,100,101168,100,100030,100,101180,100,100025,100,101200,100,99943,100,101229,100,99936,100,101309,100,99927,100
2019-06-28 09:45:28.339760357,100820,173,100444,100,100954,173,100190,173,101051,173,100169,173,101068,173,100111,373,101130,100,100098,173,101168,100,100045,100,101180,100,100030,100,101200,100,100025,100,101229,100,99943,100,101309,100,99936,100
2019-06-28 09:45:30.000000000,100820,199,100444,199,100954,196,100190,196,101051,196,100169,196,101068,100,100111,300,101130,100,100098,100,101168,100,100045,100,101180,100,100030,100,101200,100,100025,100,101229,100,99943,100,101309,100,99936,100
2019-06-28 09:45:40.000000000,100820,199,100444,199,100954,196,100190,196,101051,196,100169,196,101068,100,100111,300,101130,100,100098,100,101168,100,100045,100,101180,100,100030,100,101200,100,100025,100,101229,100,99943,100,101309,100,99936,100
2019-06-28 09:45:50.000000000,100820,199,100444,199,100954,196,100190,196,101051,196,100169,196,101068,100,100111,300,101130,100,100098,100,101168,100,100045,100,101180,100,100030,100,101200,100,100025,100,101229,100,99943,100,101309,100,99936,100
2019-06-28 09:45:50.273238095,100820,199,100444,299,100954,196,100190,196,101051,196,100169,196,101068,100,100111,300,101130,100,100098,100,101168,100,100045,100,101180,100,100030,100,101200,100,100025,100,101229,100,99943,100,101309,100,99936,100
2019-06-28 09:45:53.775731000,100820,199,100579,100,100954,196,100444,299,101051,196,100190,196,101068,100,100169,196,101130,100,100111,300,101168,100,100098,100,101180,100,100045,100,101200,100,100030,100,101229,100,100025,100,101309,100,99943,100
2019-06-28 09:45:56.011936475,100820,199,100766,100,100954,196,100579,100,101051,196,100444,299,101068,100,100190,196,101130,100,100169,196,101168,100,100111,300,101180,100,100098,100,101200,100,100045,100,101229,100,100030,100,101309,100,100025,100
2019-06-28 09:46:00.000000000,100820,391,100766,391,100954,100,100579,100,101051,100,100444,200,101068,100,100190,100,101130,100,100169,100,101168,100,100111,300,101180,100,100098,100,101200,100,100045,100,101229,100,100030,100,101309,100,100025,100
2019-06-28 09:46:03.561000224,100820,391,100766,391,100954,100,100579,100,101051,100,100444,300,101068,100,100190,100,101130,100,100169,100,101168,100,100111,200,101180,100,100098,100,101200,100,100045,100,101229,100,100030,100,101309,100,100025,100
2019-06-28 09:46:08.481052994,100820,391,100766,391,100954,100,100579,100,101051,100,100444,300,101068,100,100190,100,101130,100,100169,100,101168,100,100111,200,101180,100,100098,100,101200,100,100045,100,101229,100,100030,100,101309,100,100025,100
2019-06-28 09:46:10.000000000,100820,199,100766,199,100954,196,100579,196,101051,196,100444,396,101068,100,100190,100,101130,100,100169,100,101168,100,100111,200,101180,100,100098,100,101200,100,100045,100,101229,100,100030,100,101309,100,100025,100
2019-06-28 09:46:11.021837282,100820,199,100799,100,100954,196,100766,199,101051,196,100579,196,101068,100,100444,396,101130,100,100190,100,101168,100,100169,100,101180,100,100111,200,101200,100,100098,100,101229,100,100045,100,101309,100,100030,100
2019-06-28 09:46:20.000000000,100820,158,100799,158,100954,158,100766,158,101051,158,100579,158,101068,158,100444,358,101130,158,100190,158,101168,100,100169,100,101180,100,100111,200,101200,100,100098,100,101229,100,100045,100,101309,100,100030,100
2019-06-28 09:46:30.000000000,100820,173,100799,173,100954,173,100766,173,101051,173,100579,173,101068,173,100444,373,101130,100,100190,100,101168,100,100169,100,101180,100,100111,200,101200,100,100098,100,101229,100,100045,100,101309,100,100030,100
2019-06-28 09:46:39.504348050,100820,173,100799,173,100954,173,100766,173,101051,173,100579,173,101068,173,100444,373,101130,100,100190,100,101168,100,100169,100,101180,100,100111,200,101200,100,100098,100,101229,100,100030,100,101309,100,100025,100
2019-06-28 09:46:40.000000000,100820,173,100799,173,100954,173,100766,173,101051,173,100579,173,101068,173,100444,373,101130,100,100190,100,101168,100,100169,100,101180,100,100111,200,101200,100,100098,100,101229,100,100030,100,101309,100,100025,100
2019-06-28 09:46:47.444438438,100820,173,100799,173,100954,173,100766,173,101051,173,100733,100,101068,173,100579,173,101130,100,100444,373,101168,100,100190,100,101180,100,100169,100,101200,100,100111,200,101229,100,100098,100,101309,100,100030,100
2019-06-28 09:46:50.000000000,100820,173,100799,173,100954,173,100766,173,101051,173,100733,173,101068,173,100579,173,101130,100,100444,300,101168,100,100190,100,101180,100,100169,100,101200,100,100111,200,101229,100,100098,100,101309,100,100030,100
2019-06-28 09:47:00.000000000,100820,173,100799,173,100954,173,100766,173,101051,173,100733,173,101068,173,100579,173,101130,100,100444,300,101168,100,100190,100,101180,100,100169,100,101200,100,100111,200,101229,100,100098,100,101309,100,100030,100
2019-06-28 09:47:05.190412052,100820,173,100799,173,100954,173,100766,173,101051,173,100733,173,101068,173,100579,173,101130,100,100444,400,101168,100,100190,100,101180,100,100169,100,101200,100,100111,200,101229,100,100098,100,101309,100,100030,100
2019-06-28 09:47:10.000000000,100820,173,100799,173,100954,173,100766,173,101051,173,100733,173,101068,173,100579,173,101130,100,100444,400,101168,100,100190,100,101180,100,100169,100,101200,100,100111,200,101229,100,100098,100,101309,100,100030,100
2019-06-28 09:47:20.000000000,100820,173,100799,173,100954,173,100766,173,101051,173,100733,173,101068,173,100579,173,101130,100,100444,400,101168,100,100190,100,101180,100,100169,100,101200,100,100111,200,101229,100,100098,100,101309,100,100030,100
2019-06-28 09:47:30.000000000,100820,199,100799,199,100954,196,100766,196,101051,196,100733,196,101068,100,100579,100,101130,100,100444,400,101168,100,100190,100,101180,100,100169,100,101200,100,100111,200,101229,100,100098,100,101309,100,100030,100
2019-06-28 09:47:40.000000000,100820,246,100799,246,100954,246,100766,246,101051,100,100733,100,101068,100,100579,100,101130,100,100444,400,101168,100,100190,100,101180,100,100169,100,101200,100,100111,200,101229,100,100098,100,101309,100,100030,100
2019-06-28 09:47:41.501584474,100820,246,100799,246,100954,246,100766,246,101051,100,100733,100,101068,100,100579,100,101130,100,100444,500,101168,100,100190,100,101180,100,100169,100,101200,100,100111,200,101229,100,100098,100,101309,100,100030,100
2019-06-28 09:47:42.340407870,100820,246,100799,246,100954,246,100766,246,101051,100,100733,100,101068,100,100636,100,101130,100,100579,100,101168,100,100444,500,101180,100,100190,100,101200,100,100169,100,101229,100,100111,200,101309,100,100098,100
2019-06-28 09:47:50.000000000,100820,246,100799,246,100954,246,100766,246,101051,100,100733,100,101068,100,100636,100,101130,100,100579,100,101168,100,100444,500,101180,100,100190,100,101200,100,100169,100,101229,100,100111,200,101309,100,100098,100
2019-06-28 09:48:00.000000000,100820,246,100799,246,100954,246,100766,246,101051,100,100733,100,101068,100,100636,100,101130,100,100579,100,101168,100,100444,500,101180,100,100190,100,101200,100,100169,100,101229,100,100111,200,101309,100,100098,100
2019-06-28 09:48:10.000000000,100820,173,100799,173,100954,173,100766,173,101051,173,100733,173,101068,173,100636,173,101130,100,100579,100,101168,100,100444,500,101180,100,100190,100,101200,100,100169,100,101229,100,100111,200,101309,100,100098,100
2019-06-28 09:48:20.000000000,100820,199,100799,199,100954,196,100766,196,101051,196,100733,196,101068,100,100636,100,101130,100,100579,100,101168,100,100444,500,101180,100,100190,100,101200,100,100169,100,101229,100,100111,200,101309,100,100098,100
2019-06-28 09:48:21.126490351,100820,199,100799,199,100954,196,100766,196,101051,196,100733,196,101068,100,100636,100,101130,100,100579,100,101168,100,100444,500,101180,100,100190,100,101200,100,100169,100,101229,100,100111,200,101309,100,100098,100
2019-06-28 09:48:25.467703553,100820,199,100799,199,100954,196,100766,196,101051,196,100733,196,101068,100,100636,100,101130,100,100579,100,101168,100,100444,600,101180,100,100190,100,101200,100,100169,100,101229,100,100111,200,101309,100,100098,100
2019-06-28 09:48:30.000000000,100820,391,100799,391,100954,100,100766,100,101051,100,100733,100,101068,100,100636,100,101130,100,100579,100,101168,100,100444,600,101180,100,100190,100,101200,100,100169,100,101229,100,100111,200,101309,100,100098,100
2019-06-28 09:48:40.000000000,100820,246,100799,246,100954,246,100766,246,101051,100,100733,100,101068,100,100636,100,101130,100,100579,100,101168,100,100444,600,101180,100,100190,100,101200,100,100169,100,101229,100,100111,200,101309,100,100098,100
2019-06-28 09:48:41.470045480,100820,246,100799,246,100954,246,100766,246,101051,100,100733,100,101068,100,100636,100,101130,100,100579,100,101168,100,100444,700,101180,100,100190,100,101200,100,100169,100,101229,100,100111,200,101309,100,100098,100
2019-06-28 09:48:50.000000000,100820,173,100799,173,100954,173,100766,173,101051,173,100733,173,101068,173,100636,173,101130,100,100579,100,101168,100,100444,700,101180,100,100190,100,101200,100,100169,100,101229,100,100111,200,101309,100,100098,100
2019-06-28 09:49:00.000000000,100820,246,100799,246,100954,246,100766,246,101051,100,100733,100,101068,100,100636,100,101130,100,100579,100,101168,100,100444,700,101180,100,100190,100,101200,100,100169,100,101229,100,100111,200,101309,100,100098,100
2019-06-28 09:49:10.000000000,100820,246,100799,246,100954,246,100766,246,101051,100,100733,100,101068,100,100636,100,101130,100,100579,100,101168,100,100444,700,101180,100,100190,100,101200,100,100169,100,101229,100,100111,200,101309,100,100098,100
2019-06-28 09:49:10.648516776,100820,246,100799,246,100954,246,100766,246,101051,100,100733,100,101068,100,100636,100,101130,100,100579,100,101168,100,100444,700,101180,100,100190,100,101200,100,100169,100,101229,100,100111,200,101309,100,100098,100
2019-06-28 09:49:14.461750690,100820,246,100799,246,100954,246,100766,246,101051,100,100733,100,101068,100,100636,100,101130,100,100579,100,101168,100,100444,700,101180,100,100190,100,101200,100,100169,100,101229,100,100111,200,101309,100,100098,100
2019-06-28 09:49:20.000000000,100820,391,100799,391,100954,100,100766,100,101051,100,100733,100,101068,100,100636,100,101130,100,100579,100,101168,100,100444,700,101180,100,100190,100,101200,100,100169,100,101229,100,100111,200,101309,100,100098,100
2019-06-28 09:49:30.000000000,100820,391,100799,391,100954,100,100766,100,101051,100,100733,100,101068,100,100636,100,101130,100,100579,100,101168,100,100444,700,101180,100,100190,100,101200,100,100169,100,101229,100,100111,200,101309,100,100098,100
2019-06-28 09:49:40.000000000,100820,173,100799,173,100954,173,100766,173,101051,173,100733,173,101068,173,100636,173,101130,100,100579,100,101168,100,100444,700,101180,100,100190,100,101200,100,100169,100,101229,100,100111,200,101309,100,100098,100
2019-06-28 09:49:44.087184351,100820,73,100799,173,100954,173,100766,173,101051,173,100733,173,101068,173,100636,73,101130,100,100579,100,101168,100,100444,700,101180,100,100190,100,101200,100,100169,100,101229,100,100111,200,101309,100,100098,100
2019-06-28 09:49:50.000000000,100954,173,100799,173,101051,173,100766,173,101068,173,100733,173,101130,173,100579,173,101168,100,100444,700,101180,100,100190,100,101200,100,100169,100,101229,100,100111,200,101309,100,100098,100,101456,100,100030,100
2019-06-28 09:49:50.259263481,100954,173,100800,100,101051,173,100799,173,101068,173,100766,173,101130,173,100733,173,101168,100,100579,173,101180,100,100444,700,101200,100,100169,100,101229,100,100111,200,101309,100,100098,100,101456,100,100030,100
2019-06-28 09:50:00.000000000,100954,173,100800,173,101051,173,100799,173,101068,173,100766,173,101130,173,100733,173,101168,100,100579,100,101180,100,100444,700,101200,100,100169,100,101229,100,100111,200,101309,100,100098,100,101456,100,100030,100
2019-06-28 09:50:10.000000000,100954,199,100800,199,101051,196,100799,196,101068,196,100766,196,101130,100,100733,100,101168,100,100579,100,101180,100,100444,700,101200,100,100169,100,101229,100,100111,200,101309,100,100098,100,101456,100,100030,100
2019-06-28 09:50:20.000000000,100954,391,100800,391,101051,100,100799,100,101068,100,100766,100,101130,100,100733,100,101168,100,100579,100,101180,100,100444,700,101200,100,100169,100,101229,100,100111,200,101309,100,100098,100,101456,100,100030,100
2019-06-28 09:50:23.612547638,100954,391,100800,391,101051,100,100799,100,101068,100,100766,100,101130,100,100733,100,101168,100,100579,100,101180,100,100444,700,101200,100,100169,100,101229,100,100111,200,101309,100,100098,100,101456,100,100030,100
2019-06-28 09:50:30.000000000,100954,391,100800,391,101051,100,100799,100,101068,100,100766,100,101130,100,100733,100,101168,100,100579,100,101180,100,100444,700,101200,100,100169,100,101229,100,100111,200,101309,100,100098,100,101456,100,100030,100
2019-06-28 09:50:40.000000000,100954,173,100800,173,101051,173,100799,173,101068,173,100766,173,101130,173,100733,173,101168,100,100579,100,101180,100,100444,700,101200,100,100169,100,101229,100,100111,200,101309,100,100098,100,101456,100,100030,100
2019-06-28 09:50:50.000000000,100954,173,100800,173,101051,173,100799,173,101068,173,100766,173,101130,173,100733,173,101168,100,100579,100,101180,100,100444,700,101200,100,100169,100,101229,100,100111,200,101309,100,100098,100,101456,100,100030,100
2019-06-28 09:50:50.942420496,100954,173,100800,173,101051,173,100799,173,101068,173,100766,173,101130,173,100733,173,101168,100,100579,100,101180,100,100444,700,101200,100,100169,100,101229,100,100111,200,101309,100,100098,100,101456,100,100030,100
2019-06-28 09:50:55.012551831,100954,173,100800,273,101051,173,100799,173,101068,173,100766,173,101130,173,100733,173,101168,100,100579,100,101180,100,100444,700,101200,100,100111,200,101229,100,100098,100,101309,100,100030,100,101456,100,99943,100
2019-06-28 09:51:00.000000000,100954,158,100800,258,101051,158,100799,158,101068,158,100766,158,101130,158,100733,158,101168,158,100579,158,101180,100,100444,700,101200,100,100111,200,101229,100,100098,100,101309,100,100030,100,101456,100,99943,100
2019-06-28 09:51:05.404337774,100954,158,100800,258,101051,158,100799,158,101068,158,100766,58,101130,158,100733,158,101168,158,100579,158,101180,100,100444,700,101200,100,100111,200,101229,100,100098,100,101309,100,100030,100,101335,100,99943,100
2019-06-28 09:51:08.948323448,100954,158,100800,158,101051,158,100799,158,101068,158,100766,58,101130,158,100733,158,101168,158,100579,158,101180,100,100444,700,101200,100,100111,200,101229,100,100098,100,101309,100,100030,100,101335,100,99943,100
2019-06-28 09:51:10.000000000,100954,158,100800,158,101051,158,100799,158,101068,158,100733,158,101130,158,100579,158,101168,158,100444,758,101180,100,100111,200,101200,100,100098,100,101229,100,100030,100,101309,100,99943,100,101335,100,99936,100
2019-06-28 09:51:20.000000000,100954,391,100800,391,101051,100,100799,100,101068,100,100733,100,101130,100,100579,100,101168,100,100444,700,101180,100,100111,200,101200,100,100098,100,101229,100,100030,100,101309,100,99943,100,101335,100,99936,100
2019-06-28 09:51:30.000000000,100954,199,100800,199,101051,196,100799,196,101068,196,100733,196,101130,100,100579,100,101168,100,100444,700,101180,100,100111,200,101200,100,100098,100,101229,100,100030,100,101309,100,99943,100,101335,100,99936,100
2019-06-28 09:51:32.919644538,100954,199,100800,199,101051,196,100799,196,101068,196,100733,196,101130,100,100579,100,101168,100,100444,700,101180,100,100111,200,101200,100,100098,100,101229,100,100030,100,101309,100,99943,100,101335,100,99936,100
2019-06-28 09:51:37.723318483,100954,199,100800,199,101051,196,100799,196,101068,196,100733,196,101130,100,100579,100,101168,100,100444,700,101180,100,100111,200,101200,100,100098,100,101224,100,100030,100,101309,100,99943,100,101335,100,99936,100
2019-06-28 09:51:40.000000000,100954,246,100800,246,101051,246,100799,246,101068,100,100733,100,101130,100,100579,100,101168,100,100444,700,101180,100,100111,200,101200,100,100098,100,101224,100,100030,100,101309,100,99943,100,101335,100,99936,100
2019-06-28 09:51:50.000000000,100954,246,100800,246,101051,246,100799,246,101068,100,100733,100,101130,100,100579,100,101168,100,100444,700,101180,100,100111,200,101200,100,100098,100,101224,100,100030,100,101309,100,99943,100,101335,100,99936,100
2019-06-28 09:52:00.000000000,100954,158,100800,158,101051,158,100799,158,101068,158,100733,158,101130,158,100579,158,101168,158,100444,758,101180,100,100111,200,101200,100,100098,100,101224,100,100030,100,101309,100,99943,100,101335,100,99936,100
2019-06-28 09:52:06.236231242,100954,158,100800,158,101051,158,100799,158,101068,158,100733,158,101130,158,100579,158,101160,100,100444,758,101168,158,100111,200,101180,100,100098,100,101200,100,100030,100,101224,100,99943,100,101309,100,99936,100
2019-06-28 09:52:10.000000000,100954,173,100800,173,101051,173,100799,173,101068,173,100733,173,101130,173,100579,173,101160,100,100444,700,101168,100,100111,200,101180,100,100098,100,101200,100,100030,100,101224,100,99943,100,101309,100,99936,100
2019-06-28 09:52:20.000000000,100954,246,100800,246,101051,246,100799,246,101068,100,100733,100,101130,100,100579,100,101160,100,100444,700,101168,100,100111,200,101180,100,100098,100,101200,100,100030,100,101224,100,99943,100,101309,100,99936,100
2019-06-28 09:52:30.000000000,100954,391,100800,391,101051,100,100799,100,101068,100,100733,100,101130,100,100579,100,101160,100,100444,700,101168,100,100111,200,101180,100,100098,100,101200,100,100030,100,101224,100,99943,100,101309,100,99936,100
2019-06-28 09:52:31.710858602,100949,100,100800,391,100954,391,100733,100,101051,100,100579,100,101068,100,100444,700,101130,100,100111,200,101160,100,100098,100,101168,100,100030,100,101180,100,99943,100,101200,100,99936,100,101224,100,99921,100
2019-06-28 09:52:33.283768370,100949,100,100800,391,100954,391,100733,100,101051,100,100579,100,101068,100,100444,700,101077,100,100111,200,101130,100,100098,100,101160,100,100030,100,101168,100,99943,100,101180,100,99936,100,101200,100,99921,100
2019-06-28 09:52:40.000000000,100949,391,100800,391,100954,100,100733,100,101051,100,100579,100,101068,100,100444,700,101077,100,100111,200,101130,100,100098,100,101160,100,100030,100,101168,100,99943,100,101180,100,99936,100,101200,100,99921,100
2019-06-28 09:52:48.758541299,100949,391,100800,391,100954,100,100733,100,101051,100,100579,100,101068,100,100444,700,101077,100,100111,200,101130,100,100098,100,101134,100,100030,100,101160,100,99936,100,101168,100,99921,100,101180,100,99908,100
2019-06-28 09:52:50.000000000,100949,173,100800,173,100954,173,100733,173,101051,173,100579,173,101068,173,100444,773,101077,100,100111,200,101130,100,100098,100,101134,100,100030,100,101160,100,99936,100,101168,100,99921,100,101180,100,99908,100
2019-06-28 09:53:00.000000000,100949,391,100800,391,100954,100,100733,100,101051,100,100579,100,101068,100,100444,700,101077,100,100111,200,101130,100,100098,100,101134,100,100030,100,101160,100,99936,100,101168,100,99921,100,101180,100,99908,100
2019-06-28 09:53:10.000000000,100949,246,100800,246,100954,246,100733,246,101051,100,100579,100,101068,100,100444,700,101077,100,100111,200,101130,100,100098,100,101134,100,100030,100,101160,100,99936,100,101168,100,99921,100,101180,100,99908,100
2019-06-28 09:53:14.147035146,100949,246,100800,246,100954,246,100733,246,101051,100,100579,100,101068,100,100444,700,101077,100,100111,200,101130,100,100098,100,101134,100,100030,100,101160,100,99936,100,101168,100,99921,100,101180,100,99908,100
2019-06-28 09:53:20.000000000,100949,158,100800,158,100954,158,100733,158,101051,158,100579,158,101068,158,100444,758,101077,158,100111,258,101130,100,100098,100,101134,100,100030,100,101160,100,99936,100,101168,100,99921,100,101180,100,99908,100
2019-06-28 09:53:30.000000000,100949,391,100800,391,100954,100,100733,100,101051,100,100579,100,101068,100,100444,700,101077,100,100111,200,101130,100,100098,100,101134,100,100030,100,101160,100,99936,100,101168,100,99921,100,101180,100,99908,100
2019-06-28 09:53:40.000000000,100949,391,100800,391,100954,100,100733,100,101051,100,100579,100,101068,100,100444,700,101077,100,100111,200,101130,100,100098,100,101134,100,100030,100,101160,100,99936,100,101168,100,99921,100,101180,100,99908,100
2019-06-28 09:53:50.000000000,100949,199,100800,199,100954,196,100733,196,101051,196,100579,196,101068,100,100444,700,101077,100,100111,200,101130,100,100098,100,101134,100,100030,100,101160,100,99936,100,101168,100,99921,100,101180,100,99908,100
2019-06-28 09:54:00.000000000,100949,173,100800,173,100954,173,100733,173,101051,173,100579,173,101068,173,100444,773,101077,100,100111,200,101130,100,100098,100,101134,100,100030,100,101160,100,99936,100,101168,100,99921,100,101180,100,99908,100
2019-06-28 09:54:10.000000000,100949,199,100800,199,100954,196,100733,196,101051,196,100579,196,101068,100,100444,700,101077,100,100111,200,101130,100,100098,100,101134,100,100030,100,101160,100,99936,100,101168,100,99921,100,101180,100,99908,100
2019-06-28 09:54:20.000000000,100949,199,100800,199,100954,196,100733,196,101051,196,100579,196,101068,100,100444,700,101077,100,100111,200,101130,100,100098,100,101134,100,100030,100,101160,100,99936,100,101168,100,99921,100,101180,100,99908,100
2019-06-28 09:54:30.000000000,100949,158,100800,158,100954,158,100733,158,101051,158,100579,158,101068,158,100444,758,101077,158,100111,258,101130,100,100098,100,101134,100,100030,100,101160,100,99936,100,101168,100,99921,100,101180,100,99908,100
2019-06-28 09:54:40.000000000,100949,158,100800,158,100954,158,100733,158,101051,158,100579,158,101068,158,100444,758,101077,158,100111,258,101130,100,100098,100,101134,100,100030,100,101160,100,99936,100,101168,100,99921,100,101180,100,99908,100
2019-06-28 09:54:41.773523212,100949,158,100800,158,100954,158,100733,158,101051,158,100579,158,101068,158,100444,758,101077,158,100111,258,101130,100,100098,100,101134,100,100030,100,101160,100,99936,100,101168,100,99921,100,101180,100,99908,100
2019-06-28 09:54:50.000000000,100949,199,100800,199,100954,196,100733,196,101051,196,100579,196,101068,100,100444,700,101077,100,100111,200,101130,100,100098,100,101134,100,100030,100,101160,100,99936,100,101168,100,99921,100,101180,100,99908,100
2019-06-28 09:55:00.000000000,100949,391,100800,391,100954,100,100733,100,101051,100,100579,100,101068,100,100444,700,101077,100,100111,200,101130,100,100098,100,101134,100,100030,100,101160,100,99936,100,101168,100,99921,100,101180,100,99908,100
2019-06-28 09:55:10.000000000,100949,246,100800,246,100954,246,100733,246,101051,100,100579,100,101068,100,100444,700,101077,100,100111,200,101130,100,100098,100,101134,100,100030,100,101160,100,99936,100,101168,100,99921,100,101180,100,99908,100
2019-06-28 09:55:20.000000000,100949,199,100800,199,100954,196,100733,196,101051,196,100579,196,101068,100,100444,700,101077,100,100111,200,101130,100,100098,100,101134,100,100030,100,101160,100,99936,100,101168,100,99921,100,101180,100,99908,100
2019-06-28 09:55:30.000000000,100949,391,100800,391,100954,100,100733,100,101051,100,100579,100,101068,100,100444,700,101077,100,100111,200,101130,100,100098,100,101134,100,100030,100,101160,100,99936,100,101168,100,99921,100,101180,100,99908,100
2019-06-28 09:55:40.000000000,100949,199,100800,199,100954,196,100733,196,101051,196,100579,196,101068,100,100444,700,101077,100,100111,200,101130,100,100098,100,101134,100,100030,100,101160,100,99936,100,101168,100,99921,100,101180,100,99908,100
2019-06-28 09:55:50.000000000,100949,246,100800,246,100954,246,100733,246,101051,100,100579,100,101068,100,100444,700,101077,100,100111,200,101130,100,100098,100,101134,100,100030,100,101160,100,99936,100,101168,100,99921,100,101180,100,99908,100
2019-06-28 09:55:52.987196416,100949,246,100800,146,100954,246,100733,246,101051,100,100579,100,101068,100,100444,700,101077,100,100111,200,101130,100,100098,100,101134,100,100030,100,101160,100,99936,100,101168,100,99921,100,101180,100,99908,100
2019-06-28 09:55:53.736629755,100819,100,100800,146,100949,246,100733,246,100954,246,100579,100,101051,100,100444,700,101068,100,100111,200,101077,100,100098,100,101130,100,100030,100,101134,100,99936,100,101160,100,99921,100,101168,100,99908,100
2019-06-28 09:56:00.000000000,100819,199,100733,199,100949,196,100579,196,100954,196,100444,796,101051,100,100111,200,101068,100,100098,100,101077,100,100030,100,101130,100,99936,100,101134,100,99921,100,101160,100,99908,100,101168,100,99892,100
2019-06-28 09:56:04.587754025,100819,199,100733,199,100949,196,100579,196,100954,196,100444,796,101051,100,100111,200,101068,100,100098,100,101077,100,100030,100,101130,100,99936,100,101134,100,99921,100,101160,100,99908,100,101168,100,99892,100
2019-06-28 09:56:10.000000000,100819,173,100733,173,100949,173,100579,173,100954,173,100444,773,101051,173,100111,273,101068,100,100098,100,101077,100,100030,100,101130,100,99936,100,101134,100,99921,100,101160,100,99908,100,101168,100,99892,100
2019-06-28 09:56:19.881262334,100819,173,100733,73,100949,173,100579,173,100954,73,100444,773,101051,173,100111,273,101068,100,100098,100,101077,100,100030,100,101130,100,99936,100,101134,100,99921,100,101160,100,99908,100,101168,100,99892,100
2019-06-28 09:56:20.000000000,100819,246,100579,246,100949,246,100444,846,101051,100,100111,200,101068,100,100098,100,101077,100,100030,100,101130,100,99936,100,101134,100,99921,100,101160,100,99908,100,101168,100,99892,100,101180,100,99873,100
2019-06-28 09:56:30.000000000,100819,199,100579,199,100949,196,100444,796,101051,196,100111,296,101068,100,100098,100,101077,100,100030,100,101130,100,99936,100,101134,100,99921,100,101160,100,99908,100,101168,100,99892,100,101180,100,99873,100
2019-06-28 09:56:31.950409842,100819,199,100579,199,100949,196,100444,796,101051,196,100111,296,101068,100,100098,100,101077,100,100030,100,101130,100,99936,100,101134,100,99921,100,101160,100,99908,100,101168,100,99892,100,101180,100,99873,100
2019-06-28 09:56:40.000000000,100819,158,100579,158,100949,158,100444,758,101051,158,100111,258,101068,158,100098,158,101077,158,100030,158,101130,100,99936,100,101134,100,99921,100,101160,100,99908,100,101168,100,99892,100,101180,100,99873,100
2019-06-28 09:56:42.368076089,100800,100,100579,158,100819,158,100444,758,100949,158,100111,258,101051,158,100098,158,101068,158,100030,158,101077,158,99936,100,101130,100,99921,100,101134,100,99908,100,101160,100,99892,100,101168,100,99873,100
2019-06-28 09:56:50.000000000,100800,173,100579,173,100819,173,100444,773,100949,173,100111,273,101051,173,100098,173,101068,100,100030,100,101077,100,99936,100,101130,100,99921,100,101134,100,99908,100,101160,100,99892,100,101168,100,99873,100
2019-06-28 09:57:00.000000000,100800,158,100579,158,100819,158,100444,758,100949,158,100111,258,101051,158,100098,158,101068,158,100030,158,101077,100,99936,100,101130,100,99921,100,101134,100,99908,100,101160,100,99892,100,101168,100,99873,100
2019-06-28 09:57:10.000000000,100800,199,100579,199,100819,196,100444,796,100949,196,100111,296,101051,100,100098,100,101068,100,100030,100,101077,100,99936,100,101130,100,99921,100,101134,100,99908,100,101160,100,99892,100,101168,100,99873,100
2019-06-28 09:57:20.000000000,100800,158,100579,158,100819,158,100444,758,100949,158,100111,258,101051,158,100098,158,101068,158,100030,158,101077,100,99936,100,101130,100,99921,100,101134,100,99908,100,101160,100,99892,100,101168,100,99873,100
2019-06-28 09:57:23.016203442,100800,158,100579,58,100819,158,100444,758,100949,158,100111,258,101051,158,100098,158,101068,158,100030,158,101077,100,99936,100,101130,100,99921,100,101134,100,99908,100,101160,100,99892,100,101168,100,99873,100
2019-06-28 09:57:30.000000000,100800,199,100444,799,100819,196,100111,296,100949,196,100098,196,101051,100,100030,100,101068,100,99936,100,101077,100,99921,100,101130,100,99908,100,101134,100,99892,100,101160,100,99873,100,101168,100,99298,100
2019-06-28 09:57:31.459741568,100800,199,100444,699,100819,196,100111,296,100949,196,100098,196,101051,100,100030,100,101068,100,99936,100,101077,100,99921,100,101130,100,99908,100,101134,100,99892,100,101160,100,99873,100,101168,100,99298,100
2019-06-28 09:57:40.000000000,100800,173,100444,673,100819,173,100111,273,100949,173,100098,173,101051,173,100030,173,101068,100,99936,100,101077,100,99921,100,101130,100,99908,100,101134,100,99892,100,101160,100,99873,100,101168,100,99298,100
2019-06-28 09:57:49.420338833,100800,173,100444,673,100819,173,100111,273,100949,173,100098,173,101051,173,100030,173,101068,100,99936,100,101077,100,99921,100,101130,100,99908,100,101134,100,99892,100,101160,100,99873,100,101168,100,99298,100
2019-06-28 09:57:50.000000000,100800,391,100444,891,100819,100,100111,200,100949,100,100098,100,101051,100,100030,100,101068,100,99936,100,101077,100,99921,100,101130,100,99908,100,101134,100,99892,100,101160,100,99873,100,101168,100,99298,100
2019-06-28 09:58:00.000000000,100800,199,100444,699,100819,196,100111,296,100949,196,100098,196,101051,100,100030,100,101068,100,99936,100,101077,100,99921,100,101130,100,99908,100,101134,100,99892,100,101160,100,99873,100,101168,100,99298,100
2019-06-28 09:58:10.000000000,100800,199,100444,699,100819,196,100111,296,100949,196,100098,196,101051,100,100030,100,101068,100,99936,100,101077,100,99921,100,101130,100,99908,100,101134,100,99892,100,101160,100,99873,100,101168,100,99298,100
2019-06-28 09:58:14.874751902,100800,199,100444,699,100819,196,100111,296,100949,196,100098,196,101051,100,100030,100,101068,100,99936,100,101077,100,99921,100,101130,100,99908,100,101134,100,99892,100,101160,100,99873,100,101168,100,99389,100
2019-06-28 09:58:17.726829267,100579,100,100444,599,100800,199,100111,296,100819,196,100098,196,100949,196,100030,100,101051,100,99936,100,101068,100,99921,100,101077,100,99908,100,101130,100,99892,100,101134,100,99873,100,101160,100,99389,100
2019-06-28 09:58:18.522024758,100579,100,100444,599,100800,199,100111,296,100819,196,100098,196,100949,196,100030,100,101051,100,99936,100,101068,100,99921,100,101077,100,99908,100,101130,100,99892,100,101134,100,99873,100,101160,100,99535,100
2019-06-28 09:58:20.000000000,100579,199,100444,599,100800,196,100111,296,100819,196,100098,196,100949,100,100030,100,101051,100,99936,100,101068,100,99921,100,101077,100,99908,100,101130,100,99892,100,101134,100,99873,100,101160,100,99535,100
2019-06-28 09:58:30.000000000,100579,246,100444,646,100800,246,100111,346,100819,100,100098,100,100949,100,100030,100,101051,100,99936,100,101068,100,99921,100,101077,100,99908,100,101130,100,99892,100,101134,100,99873,100,101160,100,99535,100
2019-06-28 09:58:34.789876007,100579,246,100444,546,100800,246,100111,346,100819,100,100098,100,100949,100,100030,100,101051,100,99936,100,101068,100,99921,100,101077,100,99908,100,101130,100,99892,100,101134,100,99873,100,101160,100,99535,100
2019-06-28 09:58:40.000000000,100579,391,100444,691,100800,100,100111,200,100819,100,100098,100,100949,100,100030,100,101051,100,99936,100,101068,100,99921,100,101077,100,99908,100,101130,100,99892,100,101134,100,99873,100,101160,100,99535,100
2019-06-28 09:58:47.844303592,100579,391,100444,591,100800,100,100111,200,100819,100,100098,100,100949,100,100030,100,101051,100,99936,100,101077,100,99921,100,101130,100,99908,100,101134,100,99892,100,101160,100,99873,100,101168,100,99535,100
2019-06-28 09:58:50.000000000,100579,199,100444,399,100800,196,100111,296,100819,196,100098,196,100949,100,100030,100,101051,100,99936,100,101077,100,99921,100,101130,100,99908,100,101134,100,99892,100,101160,100,99873,100,101168,100,99535,100
2019-06-28 09:59:00.000000000,100579,173,100444,373,100800,173,100111,273,100819,173,100098,173,100949,173,100030,173,101051,100,99936,100,101077,100,99921,100,101130,100,99908,100,101134,100,99892,100,101160,100,99873,100,101168,100,99535,100
2019-06-28 09:59:10.000000000,100579,391,100444,591,100800,100,100111,200,100819,100,100098,100,100949,100,100030,100,101051,100,99936,100,101077,100,99921,100,101130,100,99908,100,101134,100,99892,100,101160,100,99873,100,101168,100,99535,100
2019-06-28 09:59:20.000000000,100579,158,100444,358,100800,158,100111,258,100819,158,100098,158,100949,158,100030,158,101051,158,99936,158,101077,100,99921,100,101130,100,99908,100,101134,100,99892,100,101160,100,99873,100,101168,100,99535,100
2019-06-28 09:59:30.000000000,100579,173,100444,373,100800,173,100111,273,100819,173,100098,173,100949,173,100030,173,101051,100,99936,100,101077,100,99921,100,101130,100,99908,100,101134,100,99892,100,101160,100,99873,100,101168,100,99535,100
2019-06-28 09:59:31.512557591,100579,173,100444,273,100800,173,100111,273,100819,173,100098,173,100949,173,100030,173,101051,100,99936,100,101077,100,99921,100,101130,100,99908,100,101134,100,99892,100,101160,100,99873,100,101168,100,99535,100
2019-06-28 09:59:31.718894978,100579,173,100444,273,100800,173,100111,273,100819,173,100098,173,100949,173,100030,173,101051,100,99936,100,101077,100,99921,100,101130,100,99892,100,101134,100,99873,100,101160,100,99535,100,101168,100,99520,100
2019-06-28 09:59:40.000000000,100579,199,100444,299,100800,196,100111,296,100819,196,100098,196,100949,100,100030,100,101051,100,99936,100,101077,100,99921,100,101130,100,99892,100,101134,100,99873,100,101160,100,99535,100,101168,100,99520,100
2019-06-28 09:59:42.460105925,100579,199,100444,199,100800,196,100111,296,100819,196,100098,196,100949,100,100030,100,101051,100,99936,100,101077,100,99921,100,101130,100,99892,100,101134,100,99873,100,101160,100,99535,100,101168,100,99520,100
2019-06-28 09:59:50.000000000,100579,199,100444,199,100800,196,100111,296,100819,196,100098,196,100949,100,100030,100,101051,100,99936,100,101077,100,99921,100,101130,100,99892,100,101134,100,99873,100,101160,100,99535,100,101168,100,99520,100
2019-06-28 10:00:00.000000000,100579,173,100444,173,100800,173,100111,273,100819,173,100098,173,100949,173,100030,173,101051,100,99936,100,101077,100,99921,100,101130,100,99892,100,101134,100,99873,100,101160,100,99535,100,101168,100,99520,100
2019-06-28 10:00:10.000000000,100579,246,100444,246,100800,246,100111,346,100819,100,100098,100,100949,100,100030,100,101051,100,99936,100,101077,100,99921,100,101130,100,99892,100,101134,100,99873,100,101160,100,99535,100,101168,100,99520,100
2019-06-28 10:00:20.000000000,100579,391,100444,391,100800,100,100111,200,100819,100,100098,100,100949,100,100030,100,101051,100,99936,100,101077,100,99921,100,101130,100,99892,100,101134,100,99873,100,101160,100,99535,100,101168,100,99520,100
2019-06-28 10:00:20.824139823,100579,391,100444,391,100800,100,100111,200,100819,100,100098,100,100949,100,100030,100,101051,100,99936,100,101077,100,99921,100,101130,100,99892,100,101134,100,99873,100,101160,100,99535,100,101168,100,99520,100
2019-06-28 10:00:30.000000000,100579,173,100444,173,100800,173,100111,273,100819,173,100098,173,100949,173,100030,173,101051,100,99936,100,101077,100,99921,100,101130,100,99892,100,101134,100,99873,100,101160,100,99535,100,101168,100,99520,100
2019-06-28 10:00:33.374602708,100579,173,100444,73,100800,173,100111,273,100819,173,100098,173,100949,173,100030,173,101051,100,99936,100,101077,100,99921,100,101130,100,99892,100,101134,100,99873,100,101168,100,99535,100,101309,100,99520,100
2019-06-28 10:00:40.000000000,100579,158,100111,258,100800,158,100098,158,100819,158,100030,158,100949,158,99936,158,101051,158,99921,158,101077,100,99892,100,101130,100,99873,100,101134,100,99535,100,101168,100,99520,100,101309,100,99431,100
2019-06-28 10:00:45.037762022,100444,100,100111,158,100579,158,100098,158,100800,158,100030,158,100819,158,99936,158,100949,158,99921,158,101051,158,99892,100,101077,100,99873,100,101130,100,99535,100,101134,100,99520,100,101168,100,99431,100
2019-06-28 10:00:50.000000000,100444,199,100111,199,100579,196,100098,196,100800,196,100030,196,100819,100,99936,100,100949,100,99921,100,101051,100,99892,100,101077,100,99873,100,101130,100,99535,100,101134,100,99520,100,101168,100,99431,100
2019-06-28 10:00:50.260644788,100444,199,100111,99,100579,196,100098,196,100800,196,100030,196,100819,100,99936,100,100949,100,99921,100,101051,100,99892,100,101077,100,99873,100,101130,100,99535,100,101134,100,99520,100,101168,100,99431,100
2019-06-28 10:01:00.000000000,100444,246,100098,246,100579,246,100030,246,100800,100,99936,100,100819,100,99921,100,100949,100,99892,100,101051,100,99873,100,101077,100,99535,100,101130,100,99520,100,101134,100,99431,100,101168,100,99389,100
2019-06-28 10:01:10.000000000,100444,199,100098,199,100579,196,100030,196,100800,196,99936,196,100819,100,99921,100,100949,100,99892,100,101051,100,99873,100,101077,100,99535,100,101130,100,99520,100,101134,100,99431,100,101168,100,99389,100
2019-06-28 10:01:20.000000000,100444,173,100098,173,100579,173,100030,173,100800,173,99936,173,100819,173,99921,173,100949,100,99892,100,101051,100,99873,100,101077,100,99535,100,101130,100,99520,100,101134,100,99431,100,101168,100,99389,100
2019-06-28 10:01:22.347787658,100444,173,100098,73,100579,173,100030,173,100800,173,99936,173,100819,173,99921,173,100949,100,99892,100,101051,100,99873,100,101077,100,99535,100,101130,100,99520,100,101134,100,99431,100,101168,100,99389,100
2019-06-28 10:01:30.000000000,100444,246,100030,246,100579,246,99936,246,100800,100,99921,100,100819,100,99892,100,100949,100,99873,100,101051,100,99535,100,101077,100,99520,100,101130,100,99431,100,101134,100,99389,100,101168,100,99298,100
2019-06-28 10:01:40.000000000,100444,158,100030,158,100579,158,99936,158,100800,158,99921,158,100819,158,99892,158,100949,158,99873,158,101051,100,99535,100,101077,100,99520,100,101130,100,99431,100,101134,100,99389,100,101168,100,99298,100
2019-06-28 10:01:50.000000000,100444,173,100030,173,100579,173,99936,173,100800,173,99921,173,100819,173,99892,173,100949,100,99873,100,101051,100,99535,100,101077,100,99520,100,101130,100,99431,100,101134,100,99389,100,101168,100,99298,100
2019-06-28 10:02:00.000000000,100444,246,100030,246,100579,246,99936,246,100800,100,99921,100,100819,100,99892,100,100949,100,99873,100,101051,100,99535,100,101077,100,99520,100,101130,100,99431,100,101134,100,99389,100,101168,100,99298,100
2019-06-28 10:02:10.000000000,100444,158,100030,158,100579,158,99936,158,100800,158,99921,158,100819,158,99892,158,100949,158,99873,158,101051,100,99535,100,101077,100,99520,100,101130,100,99431,100,101134,100,99389,100,101168,100,99298,100
2019-06-28 10:02:15.707959120,100111,100,100030,158,100444,158,99936,158,100579,158,99921,158,100800,158,99892,158,100819,158,99873,158,100949,158,99535,100,101051,100,99520,100,101077,100,99431,100,101130,100,99389,100,101134,100,99298,100
2019-06-28 10:02:20.000000000,100111,158,100030,158,100444,158,99936,158,100579,158,99921,158,100800,158,99892,158,100819,158,99873,158,100949,100,99535,100,101051,100,99520,100,101077,100,99431,100,101130,100,99389,100,101134,100,99298,100
2019-06-28 10:02:30.000000000,100111,391,100030,391,100444,100,99936,100,100579,100,99921,100,100800,100,99892,100,100819,100,99873,100,100949,100,99535,100,101051,100,99520,100,101077,100,99431,100,101130,100,99389,100,101134,100,99298,100
2019-06-28 10:02:40.000000000,100111,173,100030,173,100444,173,99936,173,100579,173,99921,173,100800,173,99892,173,100819,100,99873,100,100949,100,99535,100,101051,100,99520,100,101077,100,99431,100,101130,100,99389,100,101134,100,99298,100
2019-06-28 10:02:50.000000000,100111,199,100030,199,100444,196,99936,196,100579,196,99921,196,100800,100,99892,100,100819,100,99873,100,100949,100,99535,100,101051,100,99520,100,101077,100,99431,100,101130,100,99389,100,101134,100,99298,100
2019-06-28 10:03:00.000000000,100111,173,100030,173,100444,173,99936,173,100579,173,99921,173,100800,173,99892,173,100819,100,99873,100,100949,100,99535,100,101051,100,99520,100,101077,100,99431,100,101130,100,99389,100,101134,100,99298,100
2019-06-28 10:03:10.000000000,100111,158,100030,158,100444,158,99936,158,100579,158,99921,158,100800,158,99892,158,100819,158,99873,158,100949,100,99535,100,101051,100,99520,100,101077,100,99431,100,101130,100,99389,100,101134,100,99298,100
2019-06-28 10:03:20.000000000,100111,173,100030,173,100444,173,99936,173,100579,173,99921,173,100800,173,99892,173,100819,100,99873,100,100949,100,99535,100,101051,100,99520,100,101077,100,99431,100,101130,100,99389,100,101134,100,99298,100
2019-06-28 10:03:26.192709838,100111,173,100030,173,100444,173,99936,173,100579,173,99921,173,100800,173,99892,173,100819,100,99873,100,100949,100,99535,100,101051,100,99520,100,101077,100,99431,100,101130,100,99389,100,101134,100,99298,100
2019-06-28 10:03:30.000000000,100111,246,100030,246,100444,246,99936,246,100579,100,99921,100,100800,100,99892,100,100819,100,99873,100,100949,100,99535,100,101051,100,99520,100,101077,100,99431,100,101130,100,99389,100,101134,100,99298,100
2019-06-28 10:03:38.379695747,100111,246,100030,146,100444,246,99936,246,100579,100,99921,100,100800,100,99892,100,100819,100,99873,100,100949,100,99535,100,101051,100,99520,100,101077,100,99431,100,101130,100,99389,100,101134,100,99298,100
2019-06-28 10:03:40.000000000,100111,391,99936,391,100444,100,99921,100,100579,100,99892,100,100800,100,99873,100,100819,100,99535,100,100949,100,99520,100,101051,100,99431,100,101077,100,99389,100,101130,100,99298,100,101134,100,99266,100
2019-06-28 10:03:40.817086505,100111,391,99936,391,100444,100,99921,100,100579,100,99892,100,100800,100,99873,100,100819,100,99535,100,101051,100,99520,100,101077,100,99431,100,101130,100,99389,100,101134,100,99298,100,101168,100,99266,100
2019-06-28 10:03:47.088322458,100098,100,99936,391,100111,391,99921,100,100444,100,99892,100,100579,100,99873,100,100800,100,99535,100,100819,100,99520,100,101051,100,99431,100,101077,100,99389,100,101130,100,99298,100,101134,100,99266,100
2019-06-28 10:03:48.004624591,100098,100,99936,291,100111,391,99921,100,100444,100,99892,100,100579,100,99873,100,100800,100,99535,100,100819,100,99520,100,101051,100,99431,100,101077,100,99389,100,101130,100,99298,100,101134,100,99266,100
2019-06-28 10:03:50.000000000,100098,391,99921,391,100111,100,99892,100,100444,100,99873,100,100579,100,99535,100,100800,100,99520,100,100819,100,99431,100,101051,100,99389,100,101077,100,99298,100,101130,100,99266,100,101134,100,99251,100
2019-06-28 10:04:00.000000000,100098,391,99921,391,100111,100,99892,100,100444,100,99873,100,100579,100,99535,100,100800,100,99520,100,100819,100,99431,100,101051,100,99389,100,101077,100,99298,100,101130,100,99266,100,101134,100,99251,100
2019-06-28 10:04:10.000000000,100098,199,99921,199,100111,196,99892,196,100444,196,99873,196,100579,100,99535,100,100800,100,99520,100,100819,100,99431,100,101051,100,99389,100,101077,100,99298,100,101130,100,99266,100,101134,100,99251,100
2019-06-28 10:04:19.138673536,100098,199,99921,199,100111,196,99892,196,100444,196,99873,196,100579,100,99535,100,100800,100,99520,100,100819,100,99431,100,101051,100,99389,100,101077,100,99339,100,101130,100,99298,100,101134,100,99266,100
2019-06-28 10:04:20.000000000,100098,158,99921,158,100111,158,99892,158,100444,158,99873,158,100579,158,99535,158,100800,158,99520,158,100819,100,99431,100,101051,100,99389,100,101077,100,99339,100,101130,100,99298,100,101134,100,99266,100
2019-06-28 10:04:30.000000000,100098,173,99921,173,100111,173,99892,173,100444,173,99873,173,100579,173,99535,173,100800,100,99520,100,100819,100,99431,100,101051,100,99389,100,101077,100,99339,100,101130,100,99298,100,101134,100,99266,100
2019-06-28 10:04:40.000000000,100098,246,99921,246,100111,246,99892,246,100444,100,99873,100,100579,100,99535,100,100800,100,99520,100,100819,100,99431,100,101051,100,99389,100,101077,100,99339,100,101130,100,99298,100,101134,100,99266,100
2019-06-28 10:04:47.572423669,100098,246,99921,146,100111,246,99892,146,100444,100,99873,100,100579,100,99535,100,100800,100,99520,100,100819,100,99431,100,101051,100,99389,100,101077,100,99339,100,101130,100,99298,100,101134,100,99266,100
2019-06-28 10:04:50.000000000,100098,246,99873,246,100111,246,99535,246,100444,100,99520,100,100579,100,99431,100,100800,100,99389,100,100819,100,99339,100,101051,100,99298,100,101077,100,99266,100,101130,100,99251,100,101134,100,99215,100
2019-06-28 10:04:54.900316358,100098,246,99922,100,100111,246,99873,146,100444,100,99535,246,100579,100,99520,100,100800,100,99431,100,100819,100,99389,100,101051,100,99339,100,101077,100,99298,100,101130,100,99266,100,101134,100,99251,100
2019-06-28 10:04:56.364144770,100098,246,99937,100,100111,246,99922,100,100444,100,99873,146,100800,100,99535,246,100819,100,99520,100,101051,100,99431,100,101077,100,99389,100,101130,100,99339,100,101134,100,99298,100,101168,100,99266,100
2019-06-28 10:05:00.000000000,100098,173,99937,173,100111,173,99922,173,100444,173,99535,173,100800,173,99520,173,100819,100,99431,100,101051,100,99389,100,101077,100,99339,100,101130,100,99298,100,101134,100,99266,100,101168,100,99251,100
2019-06-28 10:05:10.000000000,100098,199,99937,199,100111,196,99922,196,100444,196,99535,196,100800,100,99520,100,100819,100,99431,100,101051,100,99389,100,101077,100,99339,100,101130,100,99298,100,101134,100,99266,100,101168,100,99251,100
2019-06-28 10:05:20.000000000,100098,158,99937,158,100111,158,99922,158,100444,158,99535,158,100800,158,99520,158,100819,158,99431,158,101051,100,99389,100,101077,100,99339,100,101130,100,99298,100,101134,100,99266,100,101168,100,99251,100
2019-06-28 10:05:30.000000000,100098,173,99937,173,100111,173,99922,173,100444,173,99535,173,100800,173,99520,173,100819,100,99431,100,101051,100,99389,100,101077,100,99339,100,101130,100,99298,100,101134,100,99266,100,101168,100,99251,100
2019-06-28 10:05:35.926205552,100098,173,99937,73,100111,173,99922,173,100444,173,99535,173,100800,173,99520,173,100819,100,99431,100,101051,100,99389,100,101077,100,99339,100,101130,100,99298,100,101134,100,99266,100,101168,100,99251,100
2019-06-28 10:05:40.000000000,100098,158,99922,158,100111,158,99535,158,100444,158,99520,158,100800,158,99431,158,100819,158,99389,158,101051,100,99339,100,101077,100,99298,100,101130,100,99266,100,101134,100,99251,100,101168,100,99215,100
2019-06-28 10:05:41.213238016,99937,100,99922,158,100098,158,99535,158,100111,158,99520,158,100444,158,99431,158,100800,158,99389,158,100819,158,99339,100,101051,100,99298,100,101077,100,99266,100,101130,100,99251,100,101134,100,99215,100
2019-06-28 10:05:44.450912811,99937,100,99922,58,100098,158,99535,158,100111,158,99520,158,100444,158,99431,158,100800,158,99389,158,100819,158,99339,100,101051,100,99298,100,101077,100,99266,100,101130,100,99251,100,101134,100,99215,100
2019-06-28 10:05:46.688320250,99937,100,99922,58,100098,158,99535,158,100111,158,99520,158,100444,158,99431,158,100800,158,99389,158,100819,158,99339,100,101051,100,99298,100,101077,100,99266,100,101130,100,99251,100,101134,100,99215,100
2019-06-28 10:05:50.000000000,99937,391,99535,391,100098,100,99520,100,100111,100,99431,100,100444,100,99389,100,100800,100,99339,100,100819,100,99298,100,101051,100,99266,100,101077,100,99251,100,101130,100,99215,100,101134,100,99210,100
2019-06-28 10:06:00.000000000,99937,158,99535,158,100098,158,99520,158,100111,158,99431,158,100444,158,99389,158,100800,158,99339,158,100819,100,99298,100,101051,100,99266,100,101077,100,99251,100,101130,100,99215,100,101134,100,99210,100
2019-06-28 10:06:10.000000000,99937,173,99535,173,100098,173,99520,173,100111,173,99431,173,100444,173,99389,173,100800,100,99339,100,100819,100,99298,100,101051,100,99266,100,101077,100,99251,100,101130,100,99215,100,101134,100,99210,100
2019-06-28 10:06:20.000000000,99937,246,99535,246,100098,246,99520,246,100111,100,99431,100,100444,100,99389,100,100800,100,99339,100,100819,100,99298,100,101051,100,99266,100,101077,100,99251,100,101130,100,99215,100,101134,100,99210,100
2019-06-28 10:06:30.000000000,99937,158,99535,158,100098,158,99520,158,100111,158,99431,158,100444,158,99389,158,100800,158,99339,158,100819,100,99298,100,101051,100,99266,100,101077,100,99251,100,101130,100,99215,100,101134,100,99210,100
2019-06-28 10:06:35.473151368,99937,58,99535,158,100098,158,99520,158,100111,158,99431,158,100444,158,99389,158,100800,158,99339,158,100819,100,99298,100,101051,100,99251,100,101077,100,99215,100,101130,100,99210,100,101134,100,99102,100
2019-06-28 10:06:40.000000000,100098,199,99535,199,100111,196,99520,196,100444,196,99431,196,100800,100,99389,100,100819,100,99339,100,101051,100,99298,100,101077,100,99251,100,101130,100,99215,100,101134,100,99210,100,101168,100,99102,100
2019-06-28 10:06:42.134613940,100098,99,99535,199,100111,196,99520,196,100444,196,99431,196,100800,100,99389,100,100819,100,99339,100,101051,100,99298,100,101077,100,99251,100,101130,100,99215,100,101134,100,99210,100,101168,100,99102,100
2019-06-28 10:06:50.000000000,100111,391,99535,391,100444,100,99520,100,100800,100,99431,100,100819,100,99389,100,101051,100,99339,100,101077,100,99298,100,101130,100,99251,100,101134,100,99215,100,101168,100,99210,100,101309,100,99102,100
2019-06-28 10:06:51.574152588,100111,291,99535,391,100444,100,99520,100,100800,100,99431,100,100819,100,99389,100,101051,100,99339,100,101077,100,99298,100,101130,100,99251,100,101134,100,99215,100,101168,100,99210,100,101309,100,99102,100
2019-06-28 10:06:53.919022163,100111,191,99535,391,100444,100,99520,100,100800,100,99431,100,100819,100,99389,100,101051,100,99339,100,101077,100,99298,100,101130,100,99251,100,101134,100,99215,100,101168,100,99210,100,101309,100,99102,100
2019-06-28 10:06:56.630841123,100111,91,99535,391,100444,100,99520,100,100800,100,99431,100,100819,100,99389,100,101051,100,99339,100,101077,100,99298,100,101130,100,99251,100,101134,100,99215,100,101168,100,99210,100,101309,100,99102,100
2019-06-28 10:07:00.000000000,100444,173,99535,173,100800,173,99520,173,100819,173,99431,173,101051,173,99389,173,101077,100,99339,100,101130,100,99298,100,101134,100,99251,100,101168,100,99215,100,101309,100,99210,100,101540,100,99102,100
2019-06-28 10:07:02.277542783,100309,100,99535,173,100444,173,99520,173,100800,173,99431,173,100819,173,99389,173,101051,173,99339,100,101077,100,99298,100,101130,100,99251,100,101134,100,99215,100,101168,100,99210,100,101309,100,99102,100
2019-06-28 10:07:04.893025180,100309,100,99535,173,100334,100,99520,173,100444,173,99431,173,100800,173,99389,173,100819,173,99339,100,101051,173,99298,100,101077,100,99251,100,101130,100,99215,100,101134,100,99210,100,101168,100,99102,100
2019-06-28 10:07:10.000000000,100309,391,99535,391,100334,100,99520,100,100444,100,99431,100,100800,100,99389,100,100819,100,99339,100,101051,100,99298,100,101077,100,99251,100,101130,100,99215,100,101134,100,99210,100,101168,100,99102,100
2019-06-28 10:07:20.000000000,100309,173,99535,173,100334,173,99520,173,100444,173,99431,173,100800,173,99389,173,100819,100,99339,100,101051,100,99298,100,101077,100,99251,100,101130,100,99215,100,101134,100,99210,100,101168,100,99102,100
2019-06-28 10:07:22.902718578,100111,100,99535,173,100309,173,99520,173,100334,173,99431,173,100444,173,99389,173,100800,173,99339,100,101051,100,99298,100,101077,100,99251,100,101130,100,99215,100,101134,100,99210,100,101168,100,99102,100
2019-06-28 10:07:30.000000000,100111,158,99535,158,100309,158,99520,158,100334,158,99431,158,100444,158,99389,158,100800,158,99339,158,101051,100,99298,100,101077,100,99251,100,101130,100,99215,100,101134,100,99210,100,101168,100,99102,100
2019-06-28 10:07:40.000000000,100111,173,99535,173,100309,173,99520,173,100334,173,99431,173,100444,173,99389,173,100800,100,99339,100,101051,100,99298,100,101077,100,99251,100,101130,100,99215,100,101134,100,99210,100,101168,100,99102,100
2019-06-28 10:07:50.000000000,100111,246,99535,246,100309,246,99520,246,100334,100,99431,100,100444,100,99389,100,100800,100,99339,100,101051,100,99298,100,101077,100,99251,100,101130,100,99215,100,101134,100,99210,100,101168,100,99102,100
2019-06-28 10:08:00.000000000,100111,246,99535,246,100309,246,99520,246,100334,100,99431,100,100444,100,99389,100,100800,100,99339,100,101051,100,99298,100,101077,100,99251,100,101130,100,99215,100,101134,100,99210,100,101168,100,99102,100
2019-06-28 10:08:10.000000000,100111,173,99535,173,100309,173,99520,173,100334,173,99431,173,100444,173,99389,173,100800,100,99339,100,101051,100,99298,100,101077,100,99251,100,101130,100,99215,100,101134,100,99210,100,101168,100,99102,100
2019-06-28 10:08:14.321601228,100111,73,99535,173,100309,173,99520,173,100334,173,99431,173,100444,173,99389,173,100800,100,99339,100,101051,100,99298,100,101077,100,99251,100,101130,100,99215,100,101134,100,99210,100,101168,100,98822,100
2019-06-28 10:08:20.000000000,100309,391,99535,391,100334,100,99520,100,100444,100,99431,100,100800,100,99389,100,101051,100,99339,100,101077,100,99298,100,101130,100,99251,100,101134,100,99215,100,101168,100,99210,100,101309,100,98822,100
