,ask_price_1,ask_size_1,bid_price_1,bid_size_1,ask_price_2,ask_size_2,bid_price_2,bid_size_2,ask_price_3,ask_size_3,bid_price_3,bid_size_3,ask_price_4,ask_size_4,bid_price_4,bid_size_4,ask_price_5,ask_size_5,bid_price_5,bid_size_5,ask_price_6,ask_size_6,bid_price_6,bid_size_6,ask_price_7,ask_size_7,bid_price_7,bid_size_7,ask_price_8,ask_size_8,bid_price_8,bid_size_8,ask_price_9,ask_size_9,bid_price_9,bid_size_9,ask_price_10,ask_size_10,bid_price_10,bid_size_10
2019-06-28 09:30:00.000000000,100149,100,,,,,,,,,,,,,,,,,,,,,,,,,,,,,,,,,,,,,,
2019-06-28 09:30:00.000000001,99976,100,99901,100,100149,100,,,,,,,,,,,,,,,,,,,,,,,,,,,,,,,,,,
2019-06-28 09:30:00.000000003,99976,100,99901,100,100079,100,,,100149,100,,,,,,,,,,,,,,,,,,,,,,,,,,,,,,
2019-06-28 09:30:00.000000006,99976,100,99929,100,100079,100,99901,100,100149,100,,,,,,,,,,,,,,,,,,,,,,,,,,,,,,
2019-06-28 09:30:00.000000007,99958,100,99929,100,99976,100,99901,100,100079,100,,,100149,100,,,,,,,,,,,,,,,,,,,,,,,,,,
2019-06-28 09:30:00.000000008,99958,100,99929,100,99976,100,99901,100,100072,100,,,100079,100,,,100149,100,,,,,,,,,,,,,,,,,,,,,,
2019-06-28 09:30:00.000000011,99958,100,99929,100,99976,100,99924,100,100072,100,99901,100,100079,100,99815,100,100149,100,,,,,,,,,,,,,,,,,,,,,,
2019-06-28 09:30:00.000000014,99958,100,99929,100,99976,100,99924,100,100032,100,99901,100,100072,100,99815,100,100079,100,,,100149,100,,,,,,,,,,,,,,,,,,
2019-06-28 09:30:00.000000015,99958,100,99929,100,99976,100,99924,100,100032,100,99901,100,100050,100,99866,100,100072,100,99815,100,100079,100,,,100149,100,,,,,,,,,,,,,,
2019-06-28 09:30:00.000000016,99976,100,99929,100,100032,100,99924,100,100050,100,99901,100,100072,100,99866,100,100079,100,99815,100,100149,100,,,,,,,,,,,,,,,,,,
2019-06-28 09:30:00.000000018,99976,100,99929,100,100032,100,99924,100,100050,100,99901,100,100072,100,99888,100,100079,100,99866,100,100149,100,99815,100,,,,,,,,,,,,,,,,
2019-06-28 09:30:00.000000021,99976,100,99929,100,100032,100,99924,100,100033,100,99901,100,100050,100,99888,100,100072,100,99866,100,100079,100,99815,100,100149,100,,,,,,,,,,,,,,
2019-06-28 09:30:00.000000022,99976,100,99929,100,100032,100,99924,100,100033,100,99901,100,100046,100,99888,100,100050,100,99866,100,100072,100,99815,100,100079,100,,,100149,100,,,100164,100,,,,,,
2019-06-28 09:30:00.000000023,99976,100,99929,100,100032,100,99924,100,100033,100,99901,100,100046,100,99888,100,100050,100,99866,100,100072,100,99815,100,100079,100,,,100138,100,,,100149,100,,,100164,100,,
2019-06-28 09:30:00.000000024,99976,100,99938,100,100032,100,99929,100,100033,100,99924,100,100046,100,99901,100,100050,100,99888,100,100072,100,99866,100,100079,100,99815,100,100138,100,,,100149,100,,,100164,100,,
2019-06-28 09:30:00.000000026,99976,100,99938,100,100032,100,99929,100,100033,100,99924,100,100046,100,99901,100,100050,100,99888,100,100072,100,99866,100,100079,100,99865,100,100138,100,99815,100,100149,100,,,100164,100,,
2019-06-28 09:30:00.000000027,100032,100,99938,100,100033,100,99929,100,100046,100,99924,100,100050,100,99901,100,100072,100,99888,100,100079,100,99866,100,100138,100,99865,100,100149,100,99815,100,100164,100,,,,,,
2019-06-28 09:30:00.000000030,100033,100,99938,100,100046,100,99929,100,100050,100,99924,100,100072,100,99901,100,100079,100,99888,100,100138,100,99866,100,100149,100,99865,100,100164,100,99815,100,,,,,,,,
2019-06-28 09:30:00.000000031,100033,100,99976,100,100046,100,99938,100,100050,100,99929,100,100072,100,99924,100,100079,100,99901,100,100138,100,99888,100,100149,100,99866,100,100164,100,99865,100,,,99815,100,,,,
2019-06-28 09:30:00.000000033,100033,100,99976,100,100046,100,99938,100,100050,100,99931,100,100072,100,99929,100,100079,100,99924,100,100138,100,99901,100,100149,100,99888,100,100164,100,99871,100,,,99866,100,,,99865,100
2019-06-28 09:30:00.000000034,100032,100,99976,100,100033,100,99938,100,100046,100,99931,100,100050,100,99929,100,100072,100,99924,100,100079,100,99901,100,100138,100,99888,100,100149,100,99871,100,100164,100,99866,100,,,99865,100
2019-06-28 09:30:00.000000035,100032,100,99938,100,100033,100,99931,100,100046,100,99929,100,100050,100,99924,100,100072,100,99901,100,100079,100,99888,100,100138,100,99871,100,100149,100,99866,100,100164,100,99865,100,,,99815,100
2019-06-28 09:30:00.000000038,100032,100,99938,100,100033,100,99931,100,100046,100,99929,100,100050,100,99924,100,100072,100,99901,100,100079,100,99888,100,100138,100,99883,100,100149,100,99871,100,100164,100,99866,100,,,99865,100
2019-06-28 09:30:00.000000039,100028,100,99938,100,100032,100,99931,100,100033,100,99929,100,100046,100,99924,100,100050,100,99901,100,100072,100,99888,100,100079,100,99883,100,100138,100,99871,100,100149,100,99866,100,100164,100,99865,100
2019-06-28 09:30:00.000000040,100028,100,99938,100,100032,100,99931,100,100033,100,99929,100,100042,100,99924,100,100046,100,99901,100,100050,100,99888,100,100072,100,99883,100,100079,100,99871,100,100138,100,99866,100,100149,100,99865,100
2019-06-28 09:30:00.000000045,100028,100,99931,100,100032,100,99929,100,100033,100,99924,100,100042,100,99901,100,100046,100,99888,100,100050,100,99883,100,100072,100,99871,100,100079,100,99866,100,100138,100,99865,100,100149,100,99815,100
2019-06-28 09:30:00.000000046,100028,100,99938,100,100032,100,99931,100,100033,100,99929,100,100042,100,99924,100,100046,100,99901,100,100050,100,99888,100,100072,100,99883,100,100079,100,99871,100,100107,100,99866,100,100138,100,99865,100
2019-06-28 09:30:00.000000047,100028,100,99938,100,100032,100,99931,100,100033,100,99930,100,100042,100,99929,100,100046,100,99924,100,100050,100,99901,100,100072,100,99888,100,100079,100,99883,100,100107,100,99871,100,100138,100,99866,100
2019-06-28 09:30:00.000000048,99997,100,99938,100,100028,100,99931,100,100032,100,99930,100,100033,100,99929,100,100042,100,99924,100,100046,100,99901,100,100050,100,99888,100,100072,100,99883,100,100079,100,99871,100,100107,100,99866,100
2019-06-28 09:30:00.000000052,99997,100,99938,100,100028,100,99931,100,100032,100,99930,100,100033,100,99929,100,100042,100,99924,100,100046,100,99901,100,100050,100,99888,100,100072,100,99883,100,100079,100,99871,100,100107,100,99866,100
2019-06-28 09:30:00.000000054,99997,100,99938,100,100028,100,99931,100,100032,100,99930,100,100033,100,99929,100,100042,100,99924,100,100046,100,99901,100,100050,100,99888,100,100072,100,99883,100,100079,100,99871,100,100107,100,99866,100
2019-06-28 09:30:00.000000057,99997,100,99938,100,100012,100,99931,100,100028,100,99930,100,100032,100,99929,100,100033,100,99924,100,100042,100,99901,100,100046,100,99888,100,100050,100,99883,100,100072,100,99871,100,100079,100,99866,100
2019-06-28 09:30:00.000000058,99997,100,99939,100,100012,100,99938,100,100028,100,99931,100,100032,100,99930,100,100033,100,99929,100,100042,100,99924,100,100046,100,99901,100,100050,100,99888,100,100072,100,99883,100,100079,100,99871,100
2019-06-28 09:30:00.000000059,99997,100,99939,100,100012,100,99938,100,100028,100,99931,100,100032,100,99930,100,100033,100,99929,100,100042,100,99924,100,100046,100,99901,100,100050,100,99888,100,100072,100,99883,100,100079,100,99871,100
2019-06-28 09:30:00.000000060,99976,100,99939,100,99997,100,99938,100,100012,100,99931,100,100028,100,99930,100,100032,100,99929,100,100033,100,99924,100,100042,100,99901,100,100046,100,99888,100,100050,100,99883,100,100072,100,99871,100
2019-06-28 09:30:00.000000061,99976,100,99939,100,99997,100,99938,200,100012,100,99931,100,100028,100,99930,100,100032,100,99929,100,100033,100,99924,100,100042,100,99901,100,100046,100,99888,100,100050,100,99883,100,100072,100,99871,100
2019-06-28 09:30:00.000000064,99976,100,99939,100,99997,100,99938,200,100012,100,99931,100,100028,100,99930,100,100032,100,99929,100,100033,100,99924,100,100042,100,99901,100,100046,100,99888,100,100050,100,99883,100,100072,100,99871,100
2019-06-28 09:30:00.000000066,99976,100,99939,100,99997,100,99938,200,100012,100,99931,100,100028,100,99930,100,100032,100,99929,100,100033,100,99924,100,100042,100,99901,100,100046,100,99888,100,100050,100,99883,100,100072,100,99871,100
2019-06-28 09:30:00.000000069,99976,100,99939,100,99977,100,99938,200,99997,100,99931,100,100012,100,99930,100,100028,100,99929,100,100032,100,99924,100,100033,100,99901,100,100042,100,99888,100,100046,100,99883,100,100050,100,99871,100
2019-06-28 09:30:00.000000070,99976,100,99939,100,99977,100,99938,200,99997,100,99931,100,100012,100,99930,100,100028,100,99929,100,100032,100,99924,100,100033,100,99901,100,100042,100,99891,100,100046,100,99888,100,100050,100,99883,100
2019-06-28 09:30:00.000000071,99976,100,99939,100,99977,100,99938,200,99997,100,99931,100,100012,100,99930,100,100028,100,99929,100,100032,100,99924,100,100033,100,99901,100,100042,100,99891,100,100045,100,99888,100,100046,100,99883,100
2019-06-28 09:30:00.000000072,99976,100,99941,100,99977,100,99939,100,99997,100,99938,200,100012,100,99931,100,100028,100,99930,100,100032,100,99929,100,100033,100,99924,100,100042,100,99901,100,100045,100,99891,100,100046,100,99888,100
2019-06-28 09:30:00.000000073,99976,100,99941,100,99977,100,99939,100,99997,100,99938,300,100012,100,99931,100,100028,100,99930,100,100032,100,99929,100,100033,100,99924,100,100042,100,99901,100,100045,100,99891,100,100046,100,99888,100
2019-06-28 09:30:00.000000074,99976,100,99941,100,99977,100,99939,100,99997,100,99938,300,100012,100,99931,100,100028,100,99930,100,100032,100,99929,100,100033,100,99924,100,100042,100,99901,100,100045,100,99891,100,100046,100,99888,100
2019-06-28 09:30:00.000000076,99976,100,99941,100,99977,100,99939,100,99997,100,99938,400,100012,100,99931,100,100028,100,99930,100,100032,100,99929,100,100033,100,99924,100,100042,100,99901,100,100045,100,99891,100,100046,100,99888,100
2019-06-28 09:30:00.000000079,99976,100,99941,100,99977,100,99939,100,99997,100,99938,400,100012,100,99931,100,100028,100,99930,100,100032,100,99929,100,100033,100,99924,100,100042,100,99901,100,100045,100,99891,100,100046,100,99888,100
2019-06-28 09:30:00.000000082,99976,100,99941,100,99977,100,99939,100,99997,100,99938,400,100012,100,99931,100,100028,100,99930,100,100032,100,99929,100,100033,100,99924,100,100042,100,99914,100,100045,100,99901,100,100046,100,99891,100
2019-06-28 09:30:00.000000089,99976,100,99941,100,99977,100,99939,100,99997,100,99938,400,100012,100,99931,100,100028,100,99930,100,100032,100,99929,100,100033,100,99924,100,100042,100,99914,100,100045,100,99901,100,100046,100,99891,100
2019-06-28 09:30:00.000000090,99977,100,99941,100,99997,100,99939,100,99999,100,99938,400,100012,100,99931,100,100028,100,99930,100,100032,100,99929,100,100033,100,99924,100,100042,100,99914,100,100045,100,99901,100,100046,100,99891,100
2019-06-28 09:30:00.000000094,99977,100,99942,100,99997,100,99941,100,99999,100,99939,100,100012,100,99938,400,100028,100,99931,100,100029,100,99930,100,100032,100,99929,100,100033,100,99924,100,100042,100,99914,100,100045,100,99901,100
2019-06-28 09:30:00.000000095,99977,100,99942,200,99997,100,99941,100,99999,100,99939,100,100012,100,99938,400,100028,100,99931,100,100029,100,99930,100,100032,100,99929,100,100033,100,99924,100,100042,100,99914,100,100045,100,99901,100
2019-06-28 09:30:00.000000097,99977,100,99942,200,99997,100,99941,100,99999,100,99939,100,100012,100,99938,400,100028,100,99931,100,100029,100,99930,100,100032,100,99929,100,100033,100,99924,100,100042,100,99914,100,100045,100,99901,100
2019-06-28 09:30:00.000000098,99997,100,99942,200,99999,100,99941,100,100012,100,99939,100,100028,100,99938,400,100029,100,99931,100,100032,100,99930,100,100033,100,99929,100,100042,100,99924,100,100045,100,99914,100,100046,100,99901,100
2019-06-28 09:30:10.000000000,99997,293,99942,393,99999,293,99941,293,100012,100,99939,100,100028,100,99938,400,100029,100,99931,100,100032,100,99930,100,100033,100,99929,100,100042,100,99924,100,100045,100,99914,100,100046,100,99901,100
2019-06-28 09:30:20.000000000,99997,293,99942,393,99999,293,99941,293,100012,100,99939,100,100028,100,99938,400,100029,100,99931,100,100032,100,99930,100,100033,100,99929,100,100042,100,99924,100,100045,100,99914,100,100046,100,99901,100
2019-06-28 09:30:24.202276667,99997,293,99942,393,99999,293,99941,293,100012,100,99939,100,100028,100,99938,400,100029,100,99931,100,100032,100,99930,100,100033,100,99929,100,100042,100,99924,100,100046,100,99914,100,100050,100,99901,100
2019-06-28 09:30:24.939222740,99997,293,99978,100,99999,293,99942,393,100012,100,99941,293,100028,100,99939,100,100029,100,99938,400,100032,100,99931,100,100033,100,99930,100,100042,100,99929,100,100046,100,99924,100,100050,100,99914,100
2019-06-28 09:30:30.000000000,99997,293,99978,293,99999,293,99942,393,100012,100,99941,100,100028,100,99939,100,100029,100,99938,400,100032,100,99931,100,100033,100,99930,100,100042,100,99929,100,100046,100,99924,100,100050,100,99914,100
2019-06-28 09:30:40.000000000,99997,293,99978,293,99999,293,99942,393,100012,100,99941,100,100028,100,99939,100,100029,100,99938,400,100032,100,99931,100,100033,100,99930,100,100042,100,99929,100,100046,100,99924,100,100050,100,99914,100
2019-06-28 09:30:50.000000000,99997,486,99978,486,99999,100,99942,200,100012,100,99941,100,100028,100,99939,100,100029,100,99938,400,100032,100,99931,100,100033,100,99930,100,100042,100,99929,100,100046,100,99924,100,100050,100,99914,100
2019-06-28 09:31:00.000000000,99997,293,99978,293,99999,293,99942,393,100012,100,99941,100,100028,100,99939,100,100029,100,99938,400,100032,100,99931,100,100033,100,99930,100,100042,100,99929,100,100046,100,99924,100,100050,100,99914,100
2019-06-28 09:31:00.661173657,99997,293,99978,293,99999,293,99942,393,100012,100,99941,100,100028,200,99939,100,100029,100,99938,400,100032,100,99931,100,100033,100,99930,100,100042,100,99929,100,100046,100,99924,100,100050,100,99914,100
2019-06-28 09:31:10.000000000,99997,196,99978,196,99999,196,99942,296,100012,196,99941,196,100028,296,99939,196,100029,100,99938,400,100032,100,99931,100,100033,100,99930,100,100042,100,99929,100,100046,100,99924,100,100050,100,99914,100
2019-06-28 09:31:12.993489328,99997,96,99978,196,99999,196,99942,296,100012,196,99941,196,100028,196,99939,196,100029,100,99938,400,100032,100,99931,100,100033,100,99930,100,100042,100,99929,100,100046,100,99924,100,100050,100,99914,100
2019-06-28 09:31:15.323733701,99997,96,99978,196,99999,196,99942,296,100012,196,99941,196,100028,196,99939,196,100029,100,99938,400,100032,100,99931,100,100033,100,99930,100,100042,100,99929,100,100050,100,99924,100,100056,100,99914,100
2019-06-28 09:31:19.447179862,99997,96,99979,100,99999,196,99978,196,100012,196,99942,296,100028,196,99941,196,100029,100,99939,196,100032,100,99938,400,100033,100,99931,100,100042,100,99930,100,100050,100,99929,100,100056,100,99924,100
2019-06-28 09:31:20.000000000,99999,231,99979,231,100012,227,99978,227,100028,227,99942,327,100029,100,99941,100,100032,100,99939,100,100033,100,99938,400,100042,100,99931,100,100050,100,99930,100,100056,100,99929,100,100072,100,99924,100
2019-06-28 09:31:28.191647890,99999,231,99979,331,100012,227,99978,227,100028,227,99942,327,100029,100,99941,100,100032,100,99939,100,100033,100,99938,300,100042,100,99931,100,100050,100,99930,100,100056,100,99929,100,100072,100,99924,100
2019-06-28 09:31:30.000000000,99999,177,99979,277,100012,177,99978,177,100028,177,99942,277,100029,177,99941,177,100032,177,99939,177,100033,100,99938,300,100042,100,99931,100,100050,100,99930,100,100056,100,99929,100,100072,100,99924,100
2019-06-28 09:31:40.000000000,99999,293,99979,393,100012,293,99978,293,100028,100,99942,200,100029,100,99941,100,100032,100,99939,100,100033,100,99938,300,100042,100,99931,100,100050,100,99930,100,100056,100,99929,100,100072,100,99924,100
2019-06-28 09:31:50.000000000,99999,231,99979,331,100012,227,99978,227,100028,227,99942,327,100029,100,99941,100,100032,100,99939,100,100033,100,99938,300,100042,100,99931,100,100050,100,99930,100,100056,100,99929,100,100072,100,99924,100
2019-06-28 09:32:00.000000000,99999,293,99979,393,100012,293,99978,293,100028,100,99942,200,100029,100,99941,100,100032,100,99939,100,100033,100,99938,300,100042,100,99931,100,100050,100,99930,100,100056,100,99929,100,100072,100,99924,100
2019-06-28 09:32:10.000000000,99999,177,99979,277,100012,177,99978,177,100028,177,99942,277,100029,177,99941,177,100032,177,99939,177,100033,100,99938,300,100042,100,99931,100,100050,100,99930,100,100056,100,99929,100,100072,100,99924,100
2019-06-28 09:32:18.993726763,99999,177,99979,277,100012,177,99978,77,100028,177,99942,277,100029,177,99941,177,100032,177,99939,177,100033,100,99938,300,100042,100,99931,100,100050,100,99930,100,100056,100,99929,100,100072,100,99924,100
2019-06-28 09:32:20.000000000,99999,231,99979,331,100012,227,99942,327,100028,227,99941,227,100029,100,99939,100,100032,100,99938,300,100033,100,99931,100,100042,100,99930,100,100050,100,99929,100,100056,100,99924,100,100072,100,99914,100
2019-06-28 09:32:21.098959939,99999,231,99979,331,100012,227,99942,327,100028,227,99941,227,100029,100,99939,100,100032,100,99938,200,100033,100,99931,100,100042,100,99930,100,100050,100,99929,100,100056,100,99924,100,100072,100,99914,100
2019-06-28 09:32:26.311392539,99999,231,99979,331,100012,227,99942,327,100028,227,99941,227,100029,100,99939,100,100032,100,99938,200,100033,100,99931,100,100042,100,99930,100,100050,100,99929,100,100056,100,99924,100,100072,100,99914,100
2019-06-28 09:32:30.000000000,99999,486,99979,586,100012,100,99942,200,100028,100,99941,100,100029,100,99939,100,100032,100,99938,200,100033,100,99931,100,100042,100,99930,100,100050,100,99929,100,100056,100,99924,100,100072,100,99914,100
2019-06-28 09:32:40.000000000,99999,293,99979,393,100012,293,99942,393,100028,100,99941,100,100029,100,99939,100,100032,100,99938,200,100033,100,99931,100,100042,100,99930,100,100050,100,99929,100,100056,100,99924,100,100072,100,99914,100
2019-06-28 09:32:43.549340764,99999,293,99979,393,100012,293,99942,393,100028,100,99941,100,100029,100,99939,100,100032,100,99938,200,100033,100,99931,100,100042,100,99930,100,100050,100,99929,100,100056,100,99924,100,100072,100,99914,100
2019-06-28 09:32:50.000000000,99999,177,99979,277,100012,177,99942,277,100028,177,99941,177,100029,177,99939,177,100032,177,99938,277,100033,100,99931,100,100042,100,99930,100,100050,100,99929,100,100056,100,99924,100,100072,100,99914,100
2019-06-28 09:32:55.054427897,99996,100,99979,277,99999,177,99942,277,100012,177,99941,177,100028,177,99939,177,100029,177,99938,277,100032,177,99931,100,100033,100,99930,100,100042,100,99929,100,100050,100,99924,100,100056,100,99914,100
2019-06-28 09:32:59.594627869,99996,100,99979,177,99999,177,99942,277,100012,177,99941,177,100028,177,99939,177,100029,177,99938,277,100032,177,99931,100,100033,100,99930,100,100042,100,99924,100,100050,100,99914,100,100056,100,99901,100
2019-06-28 09:33:00.000000000,99996,177,99979,177,99999,177,99942,277,100012,177,99941,177,100028,177,99939,177,100029,177,99938,277,100032,100,99931,100,100033,100,99930,100,100042,100,99924,100,100050,100,99914,100,100056,100,99901,100
2019-06-28 09:33:10.000000000,99996,293,99979,293,99999,293,99942,393,100012,100,99941,100,100028,100,99939,100,100029,100,99938,200,100032,100,99931,100,100033,100,99930,100,100042,100,99924,100,100050,100,99914,100,100056,100,99901,100
2019-06-28 09:33:20.000000000,99996,293,99979,293,99999,293,99942,393,100012,100,99941,100,100028,100,99939,100,100029,100,99938,200,100032,100,99931,100,100033,100,99930,100,100042,100,99924,100,100050,100,99914,100,100056,100,99901,100
2019-06-28 09:33:30.000000000,99996,486,99979,486,99999,100,99942,200,100012,100,99941,100,100028,100,99939,100,100029,100,99938,200,100032,100,99931,100,100033,100,99930,100,100042,100,99924,100,100050,100,99914,100,100056,100,99901,100
2019-06-28 09:33:31.324996142,99996,486,99979,386,99999,100,99942,200,100012,100,99941,100,100028,100,99939,100,100029,100,99938,200,100032,100,99931,100,100033,100,99930,100,100042,100,99924,100,100050,100,99914,100,100056,100,99901,100
2019-06-28 09:33:40.000000000,99996,486,99942,586,99999,100,99941,100,100012,100,99939,100,100028,100,99938,200,100029,100,99931,100,100032,100,99930,100,100033,100,99924,100,100042,100,99914,100,100050,100,99901,100,100056,100,99891,100
2019-06-28 09:33:40.873904921,99996,486,99942,586,99999,100,99941,100,100012,100,99939,100,100028,100,99938,200,100029,100,99931,100,100032,100,99930,100,100033,100,99924,100,100042,100,99914,100,100050,100,99901,100,100056,100,99891,100
2019-06-28 09:33:50.000000000,99996,293,99942,393,99999,293,99941,293,100012,100,99939,100,100028,100,99938,200,100029,100,99931,100,100032,100,99930,100,100033,100,99924,100,100042,100,99914,100,100050,100,99901,100,100056,100,99891,100
2019-06-28 09:34:00.000000000,99996,293,99942,393,99999,293,99941,293,100012,100,99939,100,100028,100,99938,200,100029,100,99931,100,100032,100,99930,100,100033,100,99924,100,100042,100,99914,100,100050,100,99901,100,100056,100,99891,100
2019-06-28 09:34:10.000000000,99996,196,99942,296,99999,196,99941,196,100012,196,99939,196,100028,196,99938,296,100029,100,99931,100,100032,100,99930,100,100033,100,99924,100,100042,100,99914,100,100050,100,99901,100,100056,100,99891,100
2019-06-28 09:34:12.055141721,99996,196,99942,296,99999,196,99941,196,100012,196,99939,196,100028,196,99938,296,100029,100,99931,100,100032,100,99930,100,100033,100,99924,100,100042,100,99914,100,100050,100,99901,100,100056,100,99891,100
2019-06-28 09:34:20.000000000,99996,486,99942,586,99999,100,99941,100,100012,100,99939,100,100028,100,99938,200,100029,100,99931,100,100032,100,99930,100,100033,100,99924,100,100042,100,99914,100,100050,100,99901,100,100056,100,99891,100
2019-06-28 09:34:21.155760474,99996,486,99942,486,99999,100,99941,100,100012,100,99939,100,100028,100,99938,200,100029,100,99931,100,100032,100,99930,100,100033,100,99924,100,100042,100,99914,100,100050,100,99891,100,100056,100,99888,100
2019-06-28 09:34:30.000000000,99996,196,99942,196,99999,196,99941,196,100012,196,99939,196,100028,196,99938,296,100029,100,99931,100,100032,100,99930,100,100033,100,99924,100,100042,100,99914,100,100050,100,99891,100,100056,100,99888,100
2019-06-28 09:34:40.000000000,99996,196,99942,196,99999,196,99941,196,100012,196,99939,196,100028,196,99938,296,100029,100,99931,100,100032,100,99930,100,100033,100,99924,100,100042,100,99914,100,100050,100,99891,100,100056,100,99888,100
2019-06-28 09:34:50.000000000,99996,293,99942,293,99999,293,99941,293,100012,100,99939,100,100028,100,99938,200,100029,100,99931,100,100032,100,99930,100,100033,100,99924,100,100042,100,99914,100,100050,100,99891,100,100056,100,99888,100
2019-06-28 09:35:00.000000000,99996,196,99942,196,99999,196,99941,196,100012,196,99939,196,100028,196,99938,296,100029,100,99931,100,100032,100,99930,100,100033,100,99924,100,100042,100,99914,100,100050,100,99891,100,100056,100,99888,100
2019-06-28 09:35:05.666994082,99996,196,99942,196,99999,196,99941,196,100012,196,99939,196,100028,196,99938,296,100029,100,99931,100,100032,100,99930,100,100033,100,99924,100,100042,100,99914,100,100050,100,99891,100,100056,100,99888,100
2019-06-28 09:35:08.739404559,99996,196,99942,196,99999,196,99941,196,100012,196,99939,196,100028,196,99938,196,100029,100,99931,100,100032,100,99930,100,100033,100,99924,100,100042,100,99914,100,100050,100,99891,100,100056,100,99888,100
2019-06-28 09:35:10.000000000,99996,293,99942,293,99999,293,99941,293,100012,100,99939,100,100028,100,99938,100,100029,100,99931,100,100032,100,99930,100,100033,100,99924,100,100042,100,99914,100,100050,100,99891,100,100056,100,99888,100
2019-06-28 09:35:12.391072757,99996,293,99942,193,99999,293,99941,293,100012,100,99939,100,100028,100,99938,100,100029,100,99931,100,100032,100,99930,100,100033,100,99924,100,100042,100,99914,100,100056,100,99891,100,100072,100,99888,100
2019-06-28 09:35:20.000000000,99996,177,99941,177,99999,177,99939,177,100012,177,99938,177,100028,177,99931,177,100029,177,99930,177,100032,100,99924,100,100033,100,99914,100,100042,100,99891,100,100056,100,99888,100,100072,100,99883,100
2019-06-28 09:35:30.000000000,99996,486,99941,486,99999,100,99939,100,100012,100,99938,100,100028,100,99931,100,100029,100,99930,100,100032,100,99924,100,100033,100,99914,100,100042,100,99891,100,100056,100,99888,100,100072,100,99883,100
2019-06-28 09:35:38.646000978,99996,486,99941,486,99999,100,99939,100,100012,100,99931,100,100028,100,99930,100,100029,100,99924,100,100032,100,99914,100,100033,100,99891,100,100042,100,99888,100,100056,100,99883,100,100072,100,99871,100
2019-06-28 09:35:40.000000000,99996,293,99941,293,99999,293,99939,293,100012,100,99931,100,100028,100,99930,100,100029,100,99924,100,100032,100,99914,100,100033,100,99891,100,100042,100,99888,100,100056,100,99883,100,100072,100,99871,100
2019-06-28 09:35:49.051608082,99996,193,99941,293,99999,293,99939,293,100012,100,99931,100,100028,100,99930,100,100029,100,99924,100,100032,100,99914,100,100033,100,99891,100,100042,100,99888,100,100056,100,99883,100,100072,100,99871,100
2019-06-28 09:35:50.000000000,99999,231,99941,231,100012,227,99939,227,100028,227,99931,227,100029,100,99930,100,100032,100,99924,100,100033,100,99914,100,100042,100,99891,100,100056,100,99888,100,100072,100,99883,100,100075,100,99871,100
2019-06-28 09:36:00.000000000,99999,293,99941,293,100012,293,99939,293,100028,100,99931,100,100029,100,99930,100,100032,100,99924,100,100033,100,99914,100,100042,100,99891,100,100056,100,99888,100,100072,100,99883,100,100075,100,99871,100
2019-06-28 09:36:06.033334509,99999,293,99941,293,100012,293,99939,293,100028,100,99931,100,100029,100,99930,100,100032,100,99924,100,100033,100,99914,100,100042,100,99891,100,100056,100,99888,100,100072,100,99883,100,100075,100,99871,100
2019-06-28 09:36:08.735931745,99999,293,99941,293,100012,293,99939,293,100028,100,99931,100,100029,100,99930,100,100032,100,99924,100,100033,100,99914,100,100042,100,99891,100,100056,100,99888,100,100072,100,99883,100,100075,100,99866,100
2019-06-28 09:36:10.000000000,99999,177,99941,177,100012,177,99939,177,100028,177,99931,177,100029,177,99930,177,100032,177,99924,177,100033,100,99914,100,100042,100,99891,100,100056,100,99888,100,100072,100,99883,100,100075,100,99866,100
2019-06-28 09:36:12.382226270,99942,100,99941,177,99999,177,99939,177,100012,177,99931,177,100028,177,99930,177,100029,177,99924,177,100032,177,99914,100,100033,100,99891,100,100042,100,99888,100,100056,100,99883,100,100072,100,99866,100
2019-06-28 09:36:14.503744254,99942,100,99941,177,99999,177,99939,177,100012,177,99931,177,100028,177,99930,177,100029,177,99924,177,100032,177,99914,100,100033,100,99891,100,100042,100,99888,100,100056,100,99883,100,100072,100,99866,100
2019-06-28 09:36:20.000000000,99942,293,99941,293,99999,293,99939,293,100012,100,99931,100,100028,100,99930,100,100029,100,99924,100,100032,100,99914,100,100033,100,99891,100,100042,100,99888,100,100056,100,99883,100,100072,100,99866,100
2019-06-28 09:36:21.567171113,99942,293,99941,193,99999,293,99939,293,100012,100,99931,100,100028,100,99930,100,100029,100,99924,100,100032,100,99914,100,100033,100,99891,100,100042,100,99888,100,100056,100,99883,100,100072,100,99866,100
2019-06-28 09:36:22.552379493,99942,293,99941,93,99999,293,99939,293,100012,100,99931,100,100028,100,99930,100,100029,100,99924,100,100032,100,99914,100,100033,100,99891,100,100042,100,99888,100,100056,100,99883,100,100072,100,99866,100
2019-06-28 09:36:28.038424333,99941,7,99939,293,99942,193,99931,100,99999,293,99930,100,100012,100,99924,100,100028,100,99914,100,100029,100,99891,100,100032,100,99888,100,100033,100,99883,100,100042,100,99866,100,100056,100,99841,100
2019-06-28 09:36:30.000000000,99941,138,99939,231,99999,227,99931,227,100012,227,99930,227,100028,100,99924,100,100029,100,99914,100,100032,100,99891,100,100033,100,99888,100,100042,100,99883,100,100056,100,99866,100,100072,100,99841,100
2019-06-28 09:36:40.000000000,99941,84,99939,177,99999,177,99931,177,100012,177,99930,177,100028,177,99924,177,100029,177,99914,177,100032,100,99891,100,100033,100,99888,100,100042,100,99883,100,100056,100,99866,100,100072,100,99841,100
2019-06-28 09:36:50.000000000,99941,138,99939,231,99999,227,99931,227,100012,227,99930,227,100028,100,99924,100,100029,100,99914,100,100032,100,99891,100,100033,100,99888,100,100042,100,99883,100,100056,100,99866,100,100072,100,99841,100
2019-06-28 09:36:58.551559554,99941,238,99939,231,99999,227,99931,227,100012,227,99930,227,100028,100,99924,100,100029,100,99914,100,100032,100,99891,100,100033,100,99888,100,100042,100,99883,100,100056,100,99866,100,100072,100,99841,100
2019-06-28 09:37:00.000000000,99941,203,99939,196,99999,196,99931,196,100012,196,99930,196,100028,196,99924,196,100029,100,99914,100,100032,100,99891,100,100033,100,99888,100,100042,100,99883,100,100056,100,99866,100,100072,100,99841,100
2019-06-28 09:37:10.000000000,99941,184,99939,177,99999,177,99931,177,100012,177,99930,177,100028,177,99924,177,100029,177,99914,177,100032,100,99891,100,100033,100,99888,100,100042,100,99883,100,100056,100,99866,100,100072,100,99841,100
2019-06-28 09:37:20.000000000,99941,238,99939,231,99999,227,99931,227,100012,227,99930,227,100028,100,99924,100,100029,100,99914,100,100032,100,99891,100,100033,100,99888,100,100042,100,99883,100,100056,100,99866,100,100072,100,99841,100
2019-06-28 09:37:30.000000000,99941,493,99939,486,99999,100,99931,100,100012,100,99930,100,100028,100,99924,100,100029,100,99914,100,100032,100,99891,100,100033,100,99888,100,100042,100,99883,100,100056,100,99866,100,100072,100,99841,100
2019-06-28 09:37:32.361942965,99941,493,99939,386,99999,100,99931,100,100012,100,99930,100,100028,100,99924,100,100029,100,99914,100,100032,100,99891,100,100033,100,99888,100,100042,100,99883,100,100056,100,99866,100,100072,100,99841,100
2019-06-28 09:37:40.000000000,99941,238,99931,231,99999,227,99930,227,100012,227,99924,227,100028,100,99914,100,100029,100,99891,100,100032,100,99888,100,100033,100,99883,100,100042,100,99866,100,100056,100,99841,100,100072,100,99447,100
2019-06-28 09:37:41.887863665,99940,100,99931,231,99941,238,99930,227,99999,227,99924,227,100012,227,99914,100,100028,100,99891,100,100029,100,99888,100,100032,100,99883,100,100042,100,99866,100,100056,100,99841,100,100072,100,99447,100
2019-06-28 09:37:49.686622904,99940,100,99931,131,99941,238,99930,227,99999,227,99924,227,100012,227,99914,100,100028,100,99891,100,100029,100,99888,100,100032,100,99883,100,100042,100,99866,100,100056,100,99841,100,100072,100,99447,100
2019-06-28 09:37:50.000000000,99940,196,99930,196,99941,203,99924,196,99999,196,99914,196,100012,196,99891,196,100028,100,99888,100,100029,100,99883,100,100032,100,99866,100,100042,100,99841,100,100056,100,99447,100,100072,100,99412,100
2019-06-28 09:38:00.000000000,99940,293,99930,293,99941,300,99924,293,99999,100,99914,100,100012,100,99891,100,100028,100,99888,100,100029,100,99883,100,100032,100,99866,100,100042,100,99841,100,100056,100,99447,100,100072,100,99412,100
2019-06-28 09:38:01.753697374,99940,293,99930,193,99941,300,99924,293,99999,100,99914,100,100012,100,99891,100,100028,100,99888,100,100029,100,99883,100,100032,100,99866,100,100042,100,99841,100,100056,100,99447,100,100072,100,99412,100
2019-06-28 09:38:06.753260828,99940,293,99930,93,99941,300,99924,293,99999,100,99914,100,100012,100,99891,100,100028,100,99888,100,100029,100,99883,100,100032,100,99866,100,100042,100,99447,100,100056,100,99412,100,100072,100,99244,100
2019-06-28 09:38:08.271230503,99930,7,99924,293,99940,293,99914,100,99941,300,99891,100,99999,100,99888,100,100012,100,99883,100,100028,100,99866,100,100029,100,99447,100,100032,100,99412,100,100042,100,99244,100,100056,100,99229,100
2019-06-28 09:38:10.000000000,99930,393,99924,486,99940,100,99914,100,99941,107,99891,100,99999,100,99888,100,100012,100,99883,100,100028,100,99866,100,100029,100,99447,100,100032,100,99412,100,100042,100,99244,100,100056,100,99229,100
2019-06-28 09:38:15.175641109,99930,393,99924,486,99940,100,99914,100,99941,107,99891,100,99999,100,99888,100,100012,100,99883,100,100028,100,99866,100,100029,100,99447,100,100032,100,99412,100,100042,100,99244,100,100072,100,99229,100
2019-06-28 09:38:20.000000000,99930,200,99924,293,99940,293,99914,293,99941,107,99891,100,99999,100,99888,100,100012,100,99883,100,100028,100,99866,100,100029,100,99447,100,100032,100,99412,100,100042,100,99244,100,100072,100,99229,100
2019-06-28 09:38:23.166029224,99930,200,99924,193,99940,293,99914,293,99941,107,99891,100,99999,100,99888,100,100012,100,99883,100,100028,100,99866,100,100029,100,99447,100,100032,100,99412,100,100042,100,99244,100,100072,100,99229,100
2019-06-28 09:38:30.000000000,99930,200,99914,293,99940,293,99891,293,99941,107,99888,100,99999,100,99883,100,100012,100,99866,100,100028,100,99447,100,100029,100,99412,100,100032,100,99244,100,100042,100,99229,100,100072,100,99026,100
2019-06-28 09:38:40.000000000,99930,84,99914,177,99940,177,99891,177,99941,184,99888,177,99999,177,99883,177,100012,177,99866,177,100028,100,99447,100,100029,100,99412,100,100032,100,99244,100,100042,100,99229,100,100072,100,99026,100
2019-06-28 09:38:50.000000000,99930,200,99914,293,99940,293,99891,293,99941,107,99888,100,99999,100,99883,100,100012,100,99866,100,100028,100,99447,100,100029,100,99412,100,100032,100,99244,100,100042,100,99229,100,100072,100,99026,100
2019-06-28 09:38:59.569441552,99930,200,99914,293,99940,293,99891,293,99941,107,99888,100,99999,100,99883,100,100012,100,99866,100,100028,100,99447,100,100029,100,99412,100,100032,100,99244,100,100042,100,99229,100,100072,100,99026,100
2019-06-28 09:39:00.000000000,99930,393,99914,486,99940,100,99891,100,99941,107,99888,100,99999,100,99883,100,100012,100,99866,100,100028,100,99447,100,100029,100,99412,100,100032,100,99244,100,100042,100,99229,100,100072,100,99026,100
2019-06-28 09:39:01.977643886,99930,393,99914,486,99940,100,99891,100,99941,107,99888,100,99999,100,99883,100,100012,100,99866,100,100028,100,99447,100,100029,100,99412,100,100032,100,99244,100,100042,100,99229,100,100072,100,99026,100
2019-06-28 09:39:10.000000000,99930,84,99914,177,99940,177,99891,177,99941,184,99888,177,99999,177,99883,177,100012,177,99866,177,100028,100,99447,100,100029,100,99412,100,100032,100,99244,100,100042,100,99229,100,100072,100,99026,100
2019-06-28 09:39:17.211034379,99930,84,99914,77,99940,177,99891,177,99941,184,99888,177,99999,177,99883,177,100012,177,99866,177,100028,100,99447,100,100029,100,99412,100,100032,100,99244,100,100042,100,99229,100,100072,100,99026,100
2019-06-28 09:39:20.000000000,99930,84,99891,177,99940,177,99888,177,99941,184,99883,177,99999,177,99866,177,100012,177,99447,177,100028,100,99412,100,100029,100,99244,100,100032,100,99229,100,100042,100,99026,100,100072,100,99000,100
2019-06-28 09:39:30.000000000,99930,393,99891,486,99940,100,99888,100,99941,107,99883,100,99999,100,99866,100,100012,100,99447,100,100028,100,99412,100,100029,100,99244,100,100032,100,99229,100,100042,100,99026,100,100072,100,99000,100
2019-06-28 09:39:40.000000000,99930,138,99891,231,99940,227,99888,227,99941,234,99883,227,99999,100,99866,100,100012,100,99447,100,100028,100,99412,100,100029,100,99244,100,100032,100,99229,100,100042,100,99026,100,100072,100,99000,100
2019-06-28 09:39:41.344205613,99930,138,99891,231,99940,227,99888,127,99941,234,99883,227,99999,100,99866,100,100012,100,99447,100,100028,100,99412,100,100029,100,99244,100,100032,100,99229,100,100042,100,99026,100,100072,100,99000,100
2019-06-28 09:39:44.482880047,99930,138,99891,131,99940,227,99888,127,99941,234,99883,227,99999,100,99866,100,100012,100,99447,100,100028,100,99412,100,100029,100,99244,100,100032,100,99229,100,100042,100,99026,100,100072,100,99000,100
2019-06-28 09:39:50.000000000,99930,84,99883,177,99940,177,99866,177,99941,184,99447,177,99999,177,99412,177,100012,177,99244,177,100028,100,99229,100,100029,100,99026,100,100032,100,99000,100,100042,100,98989,100,100072,100,98814,100
2019-06-28 09:40:00.000000000,99930,84,99883,177,99940,177,99866,177,99941,184,99447,177,99999,177,99412,177,100012,177,99244,177,100028,100,99229,100,100029,100,99026,100,100032,100,99000,100,100042,100,98989,100,100072,100,98814,100
2019-06-28 09:40:10.000000000,99930,200,99883,293,99940,293,99866,293,99941,107,99447,100,99999,100,99412,100,100012,100,99244,100,100028,100,99229,100,100029,100,99026,100,100032,100,99000,100,100042,100,98989,100,100072,100,98814,100
2019-06-28 09:40:17.390044293,99930,200,99883,193,99940,293,99866,293,99941,107,99447,100,99999,100,99412,100,100012,100,99244,100,100028,100,99229,100,100029,100,99026,100,100032,100,98989,100,100042,100,98814,100,100072,100,98698,100
2019-06-28 09:40:20.000000000,99930,103,99866,196,99940,196,99447,196,99941,203,99412,196,99999,196,99244,196,100012,100,99229,100,100028,100,99026,100,100029,100,98989,100,100032,100,98814,100,100042,100,98698,100,100072,100,98537,100
2019-06-28 09:40:20.146153295,99930,103,99866,196,99940,196,99447,196,99941,203,99434,100,99999,196,99412,196,100012,100,99244,196,100029,100,99229,100,100032,100,99026,100,100042,100,98989,100,100072,100,98814,100,100075,100,98698,100
2019-06-28 09:40:21.342348952,99930,103,99866,96,99940,196,99447,196,99941,203,99434,100,99999,196,99412,196,100012,100,99244,196,100029,100,99229,100,100032,100,99026,100,100042,100,98989,100,100072,100,98814,100,100075,100,98698,100
2019-06-28 09:40:30.000000000,99930,138,99447,231,99940,227,99434,227,99941,234,99412,227,99999,100,99244,100,100012,100,99229,100,100029,100,99026,100,100032,100,98989,100,100042,100,98814,100,100072,100,98698,100,100075,100,98537,100
2019-06-28 09:40:30.155891617,99883,100,99447,231,99930,138,99434,227,99940,227,99412,227,99941,234,99244,100,99999,100,99229,100,100012,100,99026,100,100029,100,98989,100,100032,100,98814,100,100042,100,98698,100,100075,100,98537,100
2019-06-28 09:40:39.407550562,99465,100,99447,231,99883,100,99434,227,99930,138,99412,227,99940,227,99244,100,99941,234,99229,100,99999,100,99026,100,100029,100,98989,100,100032,100,98814,100,100042,100,98698,100,100075,100,98537,100
2019-06-28 09:40:40.000000000,99465,293,99447,293,99883,293,99434,293,99930,7,99412,100,99940,100,99244,100,99941,107,99229,100,99999,100,99026,100,100029,100,98989,100,100032,100,98814,100,100042,100,98698,100,100075,100,98537,100
2019-06-28 09:40:40.970575015,99465,293,99447,293,99883,293,99434,293,99940,100,99412,100,99941,107,99244,100,99999,100,99229,100,100029,100,99026,100,100032,100,98989,100,100042,100,98814,100,100075,100,98698,100,100079,100,98537,100
2019-06-28 09:40:50.000000000,99465,486,99447,486,99883,100,99434,100,99940,100,99412,100,99941,107,99244,100,99999,100,99229,100,100029,100,99026,100,100032,100,98989,100,100042,100,98814,100,100075,100,98698,100,100079,100,98537,100
2019-06-28 09:40:51.343213209,99465,486,99447,486,99698,100,99434,100,99883,100,99412,100,99940,100,99244,100,99941,107,99229,100,99999,100,99026,100,100029,100,98814,100,100032,100,98698,100,100042,100,98537,100,100075,100,98442,100
2019-06-28 09:40:55.526059595,99465,486,99447,486,99698,100,99434,100,99883,200,99412,100,99940,100,99244,100,99941,107,99229,100,99999,100,99026,100,100029,100,98814,100,100032,100,98698,100,100042,100,98537,100,100075,100,98442,100
2019-06-28 09:41:00.000000000,99465,231,99447,231,99698,227,99434,227,99883,327,99412,227,99940,100,99244,100,99941,107,99229,100,99999,100,99026,100,100029,100,98814,100,100032,100,98698,100,100042,100,98537,100,100075,100,98442,100
2019-06-28 09:41:09.980892235,99465,231,99447,231,99698,227,99434,227,99883,327,99421,100,99940,100,99412,227,99941,107,99244,100,99999,100,99229,100,100029,100,99026,100,100032,100,98814,100,100042,100,98698,100,100075,100,98537,100
2019-06-28 09:41:10.000000000,99465,293,99447,293,99698,293,99434,293,99883,200,99421,100,99940,100,99412,100,99941,107,99244,100,99999,100,99229,100,100029,100,99026,100,100032,100,98814,100,100042,100,98698,100,100075,100,98537,100
2019-06-28 09:41:17.067436738,99465,293,99447,293,99698,293,99434,293,99883,300,99421,100,99940,100,99412,100,99941,107,99244,100,99999,100,99229,100,100029,100,99026,100,100032,100,98814,100,100042,100,98698,100,100075,100,98537,100
2019-06-28 09:41:20.000000000,99465,231,99447,231,99698,227,99434,227,99883,427,99421,227,99940,100,99412,100,99941,107,99244,100,99999,100,99229,100,100029,100,99026,100,100032,100,98814,100,100042,100,98698,100,100075,100,98537,100
2019-06-28 09:41:29.657030907,99465,231,99447,131,99698,227,99434,227,99883,427,99421,227,99940,100,99412,100,99941,107,99244,100,99999,100,99229,100,100029,100,99026,100,100032,100,98814,100,100042,100,98698,100,100075,100,98537,100
2019-06-28 09:41:30.000000000,99465,486,99434,486,99698,100,99421,100,99883,300,99412,100,99940,100,99244,100,99941,107,99229,100,99999,100,99026,100,100029,100,98814,100,100032,100,98698,100,100042,100,98537,100,100075,100,98442,100
2019-06-28 09:41:33.714551351,99465,486,99434,486,99698,100,99421,100,99883,300,99412,100,99940,100,99323,100,99941,107,99244,100,99999,100,99229,100,100029,100,99026,100,100032,100,98814,100,100042,100,98698,100,100075,100,98537,100
2019-06-28 09:41:40.000000000,99465,486,99434,486,99698,100,99421,100,99883,300,99412,100,99940,100,99323,100,99941,107,99244,100,99999,100,99229,100,100029,100,99026,100,100032,100,98814,100,100042,100,98698,100,100075,100,98537,100
2019-06-28 09:41:50.000000000,99465,231,99434,231,99698,227,99421,227,99883,427,99412,227,99940,100,99323,100,99941,107,99244,100,99999,100,99229,100,100029,100,99026,100,100032,100,98814,100,100042,100,98698,100,100075,100,98537,100
2019-06-28 09:42:00.000000000,99465,486,99434,486,99698,100,99421,100,99883,300,99412,100,99940,100,99323,100,99941,107,99244,100,99999,100,99229,100,100029,100,99026,100,100032,100,98814,100,100042,100,98698,100,100075,100,98537,100
2019-06-28 09:42:10.000000000,99465,293,99434,293,99698,293,99421,293,99883,300,99412,100,99940,100,99323,100,99941,107,99244,100,99999,100,99229,100,100029,100,99026,100,100032,100,98814,100,100042,100,98698,100,100075,100,98537,100
2019-06-28 09:42:20.000000000,99465,177,99434,177,99698,177,99421,177,99883,377,99412,177,99940,177,99323,177,99941,184,99244,177,99999,100,99229,100,100029,100,99026,100,100032,100,98814,100,100042,100,98698,100,100075,100,98537,100
2019-06-28 09:42:29.305991394,99465,177,99434,177,99515,100,99421,177,99698,77,99412,177,99883,377,99323,177,99940,177,99244,177,99941,184,99229,100,99999,100,99026,100,100029,100,98814,100,100032,100,98698,100,100042,100,98537,100
2019-06-28 09:42:30.000000000,99465,231,99434,231,99515,227,99421,227,99883,427,99412,227,99940,100,99323,100,99941,107,99244,100,99999,100,99229,100,100029,100,99026,100,100032,100,98814,100,100042,100,98698,100,100075,100,98537,100
2019-06-28 09:42:35.221367193,99465,231,99434,231,99515,227,99421,227,99883,427,99412,227,99940,100,99323,100,99941,107,99298,100,99999,100,99244,100,100029,100,99229,100,100032,100,99026,100,100042,100,98814,100,100075,100,98698,100
2019-06-28 09:42:39.488100107,99465,231,99434,231,99515,227,99421,227,99883,427,99412,227,99940,100,99349,100,99941,107,99323,100,99999,100,99298,100,100029,100,99244,100,100032,100,99229,100,100042,100,99026,100,100075,100,98814,100
2019-06-28 09:42:40.000000000,99465,486,99434,486,99515,100,99421,100,99883,300,99412,100,99940,100,99349,100,99941,107,99323,100,99999,100,99298,100,100029,100,99244,100,100032,100,99229,100,100042,100,99026,100,100075,100,98814,100
2019-06-28 09:42:50.000000000,99465,177,99434,177,99515,177,99421,177,99883,377,99412,177,99940,177,99349,177,99941,184,99323,177,99999,100,99298,100,100029,100,99244,100,100032,100,99229,100,100042,100,99026,100,100075,100,98814,100
2019-06-28 09:43:00.000000000,99465,293,99434,293,99515,293,99421,293,99883,300,99412,100,99940,100,99349,100,99941,107,99323,100,99999,100,99298,100,100029,100,99244,100,100032,100,99229,100,100042,100,99026,100,100075,100,98814,100
2019-06-28 09:43:01.124069979,99465,193,99434,293,99515,293,99421,193,99883,300,99412,100,99940,100,99349,100,99941,107,99323,100,99999,100,99298,100,100029,100,99244,100,100032,100,99229,100,100042,100,99026,100,100075,100,98814,100
2019-06-28 09:43:10.000000000,99515,293,99434,293,99883,493,99412,293,99940,100,99349,100,99941,107,99323,100,99999,100,99298,100,100029,100,99244,100,100032,100,99229,100,100042,100,99026,100,100075,100,98814,100,100079,100,98698,100
2019-06-28 09:43:20.000000000,99515,196,99434,196,99883,396,99412,196,99940,196,99349,196,99941,203,99323,196,99999,100,99298,100,100029,100,99244,100,100032,100,99229,100,100042,100,99026,100,100075,100,98814,100,100079,100,98698,100
2019-06-28 09:43:30.000000000,99515,196,99434,196,99883,396,99412,196,99940,196,99349,196,99941,203,99323,196,99999,100,99298,100,100029,100,99244,100,100032,100,99229,100,100042,100,99026,100,100075,100,98814,100,100079,100,98698,100
2019-06-28 09:43:30.547981640,99515,96,99434,196,99883,396,99412,196,99940,196,99349,196,99941,203,99323,196,99999,100,99298,100,100029,100,99244,100,100032,100,99229,100,100042,100,99026,100,100075,100,98814,100,100079,100,98698,100
2019-06-28 09:43:40.000000000,99883,686,99434,486,99940,100,99412,100,99941,107,99349,100,99999,100,99323,100,100029,100,99298,100,100032,100,99244,100,100042,100,99229,100,100075,100,99026,100,100079,100,98814,100,100096,100,98698,100
2019-06-28 09:43:44.848217693,99883,686,99649,100,99940,100,99434,486,99941,107,99412,100,99999,100,99349,100,100029,100,99323,100,100032,100,99298,100,100042,100,99244,100,100075,100,99229,100,100096,100,99026,100,100097,100,98814,100
2019-06-28 09:43:50.000000000,99883,377,99649,177,99940,177,99434,177,99941,184,99412,177,99999,177,99349,177,100029,177,99323,177,100032,100,99298,100,100042,100,99244,100,100075,100,99229,100,100096,100,99026,100,100097,100,98814,100
2019-06-28 09:43:57.870161110,99883,277,99649,177,99940,177,99434,177,99941,184,99412,177,99999,177,99349,177,100029,177,99323,177,100032,100,99298,100,100042,100,99244,100,100075,100,99229,100,100096,100,99026,100,100097,100,98814,100
2019-06-28 09:44:00.000000000,99883,277,99649,177,99940,177,99434,177,99941,184,99412,177,99999,177,99349,177,100029,177,99323,177,100032,100,99298,100,100042,100,99244,100,100075,100,99229,100,100096,100,99026,100,100097,100,98814,100
2019-06-28 09:44:10.000000000,99883,296,99649,196,99940,196,99434,196,99941,203,99412,196,99999,196,99349,196,100029,100,99323,100,100032,100,99298,100,100042,100,99244,100,100075,100,99229,100,100096,100,99026,100,100097,100,98814,100
2019-06-28 09:44:12.523401438,99883,296,99650,100,99940,96,99649,196,99941,203,99434,196,99999,196,99412,196,100029,100,99349,196,100032,100,99323,100,100042,100,99298,100,100075,100,99244,100,100096,100,99229,100,100097,100,99026,100
2019-06-28 09:44:17.240368329,99883,296,99650,200,99940,96,99649,196,99941,203,99434,196,99999,196,99412,196,100029,100,99349,196,100032,100,99323,100,100042,100,99298,100,100075,100,99244,100,100096,100,99229,100,100097,100,99026,100
2019-06-28 09:44:20.000000000,99883,296,99650,296,99941,203,99649,196,99999,196,99434,196,100029,196,99412,196,100032,100,99349,100,100042,100,99323,100,100075,100,99298,100,100096,100,99244,100,100097,100,99229,100,100156,100,99026,100
2019-06-28 09:44:20.669509179,99883,296,99650,296,99941,203,99649,196,99999,196,99434,196,100029,196,99412,196,100032,100,99349,100,100042,100,99323,100,100065,100,99298,100,100075,100,99244,100,100096,100,99229,100,100097,100,99026,100
2019-06-28 09:44:30.000000000,99883,296,99650,296,99941,203,99649,196,99999,196,99434,196,100029,196,99412,196,100032,100,99349,100,100042,100,99323,100,100065,100,99298,100,100075,100,99244,100,100096,100,99229,100,100097,100,99026,100
2019-06-28 09:44:30.434321730,99883,196,99650,296,99941,203,99649,196,99999,196,99434,196,100029,196,99412,196,100032,100,99349,100,100042,100,99323,100,100065,100,99298,100,100075,100,99244,100,100096,100,99229,100,100097,100,99026,100
2019-06-28 09:44:40.000000000,99883,177,99650,277,99941,184,99649,177,99999,177,99434,177,100029,177,99412,177,100032,177,99349,177,100042,100,99323,100,100065,100,99298,100,100075,100,99244,100,100096,100,99229,100,100097,100,99026,100
2019-06-28 09:44:42.536247259,99883,77,99650,277,99941,184,99649,177,99999,177,99434,177,100029,177,99412,177,100032,177,99349,177,100042,100,99323,100,100065,100,99298,100,100075,100,99244,100,100096,100,99229,100,100097,100,99026,100
2019-06-28 09:44:50.000000000,99941,493,99650,586,99999,100,99649,100,100029,100,99434,100,100032,100,99412,100,100042,100,99349,100,100065,100,99323,100,100075,100,99298,100,100096,100,99244,100,100097,100,99229,100,100156,100,99026,100
2019-06-28 09:44:56.798482130,99941,393,99650,586,99999,100,99649,100,100029,100,99434,100,100032,100,99412,100,100042,100,99349,100,100065,100,99323,100,100075,100,99298,100,100096,100,99244,100,100097,100,99229,100,100156,100,99026,100
2019-06-28 09:45:00.000000000,99941,200,99650,393,99999,293,99649,293,100029,100,99434,100,100032,100,99412,100,100042,100,99349,100,100065,100,99323,100,100075,100,99298,100,100096,100,99244,100,100097,100,99229,100,100156,100,99026,100
2019-06-28 09:45:10.000000000,99941,138,99650,331,99999,227,99649,227,100029,227,99434,227,100032,100,99412,100,100042,100,99349,100,100065,100,99323,100,100075,100,99298,100,100096,100,99244,100,100097,100,99229,100,100156,100,99026,100
2019-06-28 09:45:10.432860380,99941,138,99650,331,99999,227,99649,227,100029,227,99434,227,100030,100,99412,100,100032,100,99349,100,100042,100,99323,100,100065,100,99298,100,100075,100,99244,100,100096,100,99229,100,100097,100,99026,100
2019-06-28 09:45:20.000000000,99941,200,99650,393,99999,293,99649,293,100029,100,99434,100,100030,100,99412,100,100032,100,99349,100,100042,100,99323,100,100065,100,99298,100,100075,100,99244,100,100096,100,99229,100,100097,100,99026,100
2019-06-28 09:45:30.000000000,99941,84,99650,277,99999,177,99649,177,100029,177,99434,177,100030,177,99412,177,100032,177,99349,177,100042,100,99323,100,100065,100,99298,100,100075,100,99244,100,100096,100,99229,100,100097,100,99026,100
2019-06-28 09:45:35.905714781,99941,84,99650,277,99999,177,99649,177,100029,177,99434,177,100030,177,99412,177,100032,177,99349,177,100042,100,99323,100,100065,100,99298,100,100075,100,99244,100,100096,100,99229,100,100097,100,99026,100
2019-06-28 09:45:40.000000000,99941,138,99650,331,99999,227,99649,227,100029,227,99434,227,100030,100,99412,100,100032,100,99349,100,100042,100,99323,100,100065,100,99298,100,100075,100,99244,100,100096,100,99229,100,100097,100,99026,100
2019-06-28 09:45:50.000000000,99941,138,99650,331,99999,227,99649,227,100029,227,99434,227,100030,100,99412,100,100032,100,99349,100,100042,100,99323,100,100065,100,99298,100,100075,100,99244,100,100096,100,99229,100,100097,100,99026,100
2019-06-28 09:46:00.000000000,99941,393,99650,586,99999,100,99649,100,100029,100,99434,100,100030,100,99412,100,100032,100,99349,100,100042,100,99323,100,100065,100,99298,100,100075,100,99244,100,100096,100,99229,100,100097,100,99026,100
2019-06-28 09:46:09.260911383,99941,393,99844,100,99999,100,99650,586,100029,100,99649,100,100030,100,99434,100,100032,100,99412,100,100042,100,99349,100,100065,100,99323,100,100075,100,99298,100,100096,100,99244,100,100097,100,99229,100
2019-06-28 09:46:10.000000000,99941,138,99844,231,99999,227,99650,327,100029,227,99649,227,100030,100,99434,100,100032,100,99412,100,100042,100,99349,100,100065,100,99323,100,100075,100,99298,100,100096,100,99244,100,100097,100,99229,100
2019-06-28 09:46:17.449772652,99941,138,99883,100,99999,227,99844,231,100029,227,99650,327,100030,100,99649,227,100032,100,99434,100,100042,100,99412,100,100065,100,99349,100,100075,100,99323,100,100096,100,99298,100,100097,100,99244,100
2019-06-28 09:46:20.000000000,99941,138,99883,231,99999,227,99844,227,100029,227,99650,327,100030,100,99649,100,100032,100,99434,100,100042,100,99412,100,100065,100,99349,100,100075,100,99323,100,100096,100,99298,100,100097,100,99244,100
2019-06-28 09:46:30.000000000,99941,393,99883,486,99999,100,99844,100,100029,100,99650,200,100030,100,99649,100,100032,100,99434,100,100042,100,99412,100,100065,100,99349,100,100075,100,99323,100,100096,100,99298,100,100097,100,99244,100
2019-06-28 09:46:35.043122682,99941,493,99883,486,99999,100,99844,100,100029,100,99650,200,100030,100,99649,100,100032,100,99434,100,100042,100,99412,100,100065,100,99349,100,100075,100,99323,100,100096,100,99298,100,100097,100,99244,100
2019-06-28 09:46:40.000000000,99941,238,99883,231,99999,227,99844,227,100029,227,99650,327,100030,100,99649,100,100032,100,99434,100,100042,100,99412,100,100065,100,99349,100,100075,100,99323,100,100096,100,99298,100,100097,100,99244,100
2019-06-28 09:46:50.000000000,99941,300,99883,293,99999,293,99844,293,100029,100,99650,200,100030,100,99649,100,100032,100,99434,100,100042,100,99412,100,100065,100,99349,100,100075,100,99323,100,100096,100,99298,100,100097,100,99244,100
2019-06-28 09:46:56.390262550,99941,293,99883,293,99999,293,99844,293,100029,100,99650,200,100030,100,99649,100,100032,100,99434,100,100042,100,99412,100,100065,100,99349,100,100075,100,99323,100,100096,100,99298,100,100097,100,99244,100
2019-06-28 09:46:58.924954944,99941,293,99883,293,99999,293,99844,293,100029,100,99650,200,100030,100,99649,100,100032,100,99434,100,100042,100,99412,100,100065,100,99349,100,100075,100,99323,100,100096,100,99298,100,100097,100,99244,100
2019-06-28 09:47:00.000000000,99941,231,99883,231,99999,227,99844,227,100029,227,99650,327,100030,100,99649,100,100032,100,99434,100,100042,100,99412,100,100065,100,99349,100,100075,100,99323,100,100096,100,99298,100,100097,100,99244,100
2019-06-28 09:47:10.000000000,99941,196,99883,196,99999,196,99844,196,100029,196,99650,296,100030,196,99649,196,100032,100,99434,100,100042,100,99412,100,100065,100,99349,100,100075,100,99323,100,100096,100,99298,100,100097,100,99244,100
2019-06-28 09:47:13.259127428,99941,96,99883,196,99999,196,99844,196,100029,196,99650,296,100030,196,99649,196,100032,100,99434,100,100042,100,99412,100,100065,100,99349,100,100075,100,99323,100,100096,100,99298,100,100097,100,99244,100
2019-06-28 09:47:20.000000000,99999,231,99883,231,100029,227,99844,227,100030,227,99650,327,100032,100,99649,100,100042,100,99434,100,100065,100,99412,100,100075,100,99349,100,100096,100,99323,100,100097,100,99298,100,100161,100,99244,100
2019-06-28 09:47:30.000000000,99999,486,99883,486,100029,100,99844,100,100030,100,99650,200,100032,100,99649,100,100042,100,99434,100,100065,100,99412,100,100075,100,99349,100,100096,100,99323,100,100097,100,99298,100,100161,100,99244,100
2019-06-28 09:47:40.000000000,99999,486,99883,486,100029,100,99844,100,100030,100,99650,200,100032,100,99649,100,100042,100,99434,100,100065,100,99412,100,100075,100,99349,100,100096,100,99323,100,100097,100,99298,100,100161,100,99244,100
2019-06-28 09:47:45.992300667,99999,486,99883,386,100029,100,99844,100,100030,100,99650,200,100032,100,99649,100,100042,100,99434,100,100065,100,99412,100,100075,100,99349,100,100096,100,99323,100,100097,100,99298,100,100161,100,99244,100
2019-06-28 09:47:50.000000000,99999,196,99844,196,100029,196,99650,296,100030,196,99649,196,100032,196,99434,196,100042,100,99412,100,100065,100,99349,100,100075,100,99323,100,100096,100,99298,100,100097,100,99244,100,100161,100,99026,100
2019-06-28 09:48:00.000000000,99999,231,99844,231,100029,227,99650,327,100030,227,99649,227,100032,100,99434,100,100042,100,99412,100,100065,100,99349,100,100075,100,99323,100,100096,100,99298,100,100097,100,99244,100,100161,100,99026,100
2019-06-28 09:48:10.000000000,99999,196,99844,196,100029,196,99650,296,100030,196,99649,196,100032,196,99434,196,100042,100,99412,100,100065,100,99349,100,100075,100,99323,100,100096,100,99298,100,100097,100,99244,100,100161,100,99026,100
2019-06-28 09:48:20.000000000,99999,486,99844,486,100029,100,99650,200,100030,100,99649,100,100032,100,99434,100,100042,100,99412,100,100065,100,99349,100,100075,100,99323,100,100096,100,99298,100,100097,100,99244,100,100161,100,99026,100
2019-06-28 09:48:30.000000000,99999,486,99844,486,100029,100,99650,200,100030,100,99649,100,100032,100,99434,100,100042,100,99412,100,100065,100,99349,100,100075,100,99323,100,100096,100,99298,100,100097,100,99244,100,100161,100,99026,100
2019-06-28 09:48:39.346084051,99999,486,99844,386,100029,100,99650,200,100030,100,99649,100,100032,100,99434,100,100042,100,99412,100,100065,100,99349,100,100075,100,99323,100,100096,100,99298,100,100097,100,99244,100,100161,100,99026,100
2019-06-28 09:48:40.000000000,99999,293,99650,393,100029,293,99649,293,100030,100,99434,100,100032,100,99412,100,100042,100,99349,100,100065,100,99323,100,100075,100,99298,100,100096,100,99244,100,100097,100,99026,100,100161,100,98814,100
2019-06-28 09:48:50.000000000,99999,231,99650,331,100029,227,99649,227,100030,227,99434,227,100032,100,99412,100,100042,100,99349,100,100065,100,99323,100,100075,100,99298,100,100096,100,99244,100,100097,100,99026,100,100161,100,98814,100
2019-06-28 09:49:00.000000000,99999,231,99650,331,100029,227,99649,227,100030,227,99434,227,100032,100,99412,100,100042,100,99349,100,100065,100,99323,100,100075,100,99298,100,100096,100,99244,100,100097,100,99026,100,100161,100,98814,100
2019-06-28 09:49:01.568506358,99999,231,99650,331,100029,227,99649,227,100030,227,99434,227,100032,100,99412,100,100042,100,99349,100,100065,100,99323,100,100075,100,99298,100,100096,100,99244,100,100097,100,99026,100,100161,100,98814,100
2019-06-28 09:49:07.063660204,99999,231,99650,231,100029,227,99649,227,100030,227,99434,227,100032,100,99412,100,100042,100,99349,100,100065,100,99323,100,100075,100,99298,100,100096,100,99244,100,100097,100,99026,100,100161,100,98814,100
2019-06-28 09:49:10.000000000,99999,177,99650,177,100029,177,99649,177,100030,177,99434,177,100032,177,99412,177,100042,177,99349,177,100065,100,99323,100,100075,100,99298,100,100096,100,99244,100,100097,100,99026,100,100161,100,98814,100
2019-06-28 09:49:20.000000000,99999,231,99650,231,100029,227,99649,227,100030,227,99434,227,100032,100,99412,100,100042,100,99349,100,100065,100,99323,100,100075,100,99298,100,100096,100,99244,100,100097,100,99026,100,100161,100,98814,100
2019-06-28 09:49:27.835297786,99999,231,99650,131,100029,227,99649,227,100030,227,99434,227,100032,100,99412,100,100042,100,99349,100,100065,100,99323,100,100075,100,99298,100,100096,100,99244,100,100097,100,99026,100,100161,100,98814,100
2019-06-28 09:49:30.000000000,99999,196,99649,196,100029,196,99434,196,100030,196,99412,196,100032,196,99349,196,100042,100,99323,100,100065,100,99298,100,100075,100,99244,100,100096,100,99026,100,100097,100,98814,100,100161,100,98800,100
2019-06-28 09:49:40.000000000,99999,196,99649,196,100029,196,99434,196,100030,196,99412,196,100032,196,99349,196,100042,100,99323,100,100065,100,99298,100,100075,100,99244,100,100096,100,99026,100,100097,100,98814,100,100161,100,98800,100
2019-06-28 09:49:42.711193522,99999,196,99649,196,100029,196,99434,196,100030,196,99412,196,100032,196,99349,196,100042,100,99323,100,100065,100,99298,100,100075,100,99244,100,100096,100,99026,100,100097,100,99025,100,100161,100,98814,100
2019-06-28 09:49:50.000000000,99999,293,99649,293,100029,293,99434,293,100030,100,99412,100,100032,100,99349,100,100042,100,99323,100,100065,100,99298,100,100075,100,99244,100,100096,100,99026,100,100097,100,99025,100,100161,100,98814,100
2019-06-28 09:49:56.638729702,99685,100,99649,293,99999,293,99434,293,100029,293,99412,100,100030,100,99349,100,100032,100,99323,100,100042,100,99298,100,100065,100,99244,100,100075,100,99026,100,100096,100,99025,100,100097,100,98814,100
2019-06-28 09:50:00.000000000,99685,177,99649,177,99999,177,99434,177,100029,177,99412,177,100030,177,99349,177,100032,177,99323,177,100042,100,99298,100,100065,100,99244,100,100075,100,99026,100,100096,100,99025,100,100097,100,98814,100
2019-06-28 09:50:07.904221287,99685,177,99649,77,99999,177,99434,177,100029,177,99412,177,100030,177,99349,177,100032,177,99323,177,100042,100,99298,100,100065,100,99244,100,100075,100,99026,100,100096,100,99025,100,100097,100,98814,100
2019-06-28 09:50:10.000000000,99685,177,99434,177,99999,177,99412,177,100029,177,99349,177,100030,177,99323,177,100032,177,99298,177,100042,100,99244,100,100065,100,99026,100,100075,100,99025,100,100096,100,98814,100,100097,100,98800,100
2019-06-28 09:50:13.951187174,99519,100,99434,77,99685,177,99412,177,99999,177,99349,177,100029,177,99323,177,100030,177,99298,177,100032,177,99244,100,100042,100,99026,100,100065,100,99025,100,100075,100,98814,100,100096,100,98800,100
2019-06-28 09:50:20.000000000,99519,231,99412,231,99685,227,99349,227,99999,227,99323,227,100029,100,99298,100,100030,100,99244,100,100032,100,99026,100,100042,100,99025,100,100065,100,98814,100,100075,100,98800,100,100096,100,98537,100
2019-06-28 09:50:30.000000000,99519,196,99412,196,99685,196,99349,196,99999,196,99323,196,100029,196,99298,196,100030,100,99244,100,100032,100,99026,100,100042,100,99025,100,100065,100,98814,100,100075,100,98800,100,100096,100,98537,100
2019-06-28 09:50:35.056015978,99519,196,99463,100,99685,196,99412,196,99999,196,99349,196,100029,196,99323,196,100030,100,99298,196,100032,100,99244,100,100042,100,99026,100,100065,100,99025,100,100075,100,98814,100,100096,100,98800,100
2019-06-28 09:50:40.000000000,99519,231,99463,231,99685,227,99412,227,99999,227,99349,227,100029,100,99323,100,100030,100,99298,100,100032,100,99244,100,100042,100,99026,100,100065,100,99025,100,100075,100,98814,100,100096,100,98800,100
2019-06-28 09:50:50.000000000,99519,231,99463,231,99685,227,99412,227,99999,227,99349,227,100029,100,99323,100,100030,100,99298,100,100032,100,99244,100,100042,100,99026,100,100065,100,99025,100,100075,100,98814,100,100096,100,98800,100
2019-06-28 09:51:00.000000000,99519,196,99463,196,99685,196,99412,196,99999,196,99349,196,100029,196,99323,196,100030,100,99298,100,100032,100,99244,100,100042,100,99026,100,100065,100,99025,100,100075,100,98814,100,100096,100,98800,100
2019-06-28 09:51:04.393109561,99491,100,99463,196,99519,196,99412,196,99685,196,99349,196,99999,196,99323,196,100029,196,99298,100,100030,100,99244,100,100032,100,99026,100,100042,100,99025,100,100065,100,98814,100,100075,100,98800,100
2019-06-28 09:51:04.818573239,99491,100,99463,196,99519,296,99412,196,99685,196,99349,196,99999,196,99323,196,100029,196,99298,100,100030,100,99244,100,100032,100,99026,100,100042,100,99025,100,100065,100,98814,100,100096,100,98800,100
2019-06-28 09:51:10.000000000,99491,293,99463,293,99519,393,99412,293,99685,100,99349,100,99999,100,99323,100,100029,100,99298,100,100030,100,99244,100,100032,100,99026,100,100042,100,99025,100,100065,100,98814,100,100096,100,98800,100
2019-06-28 09:51:20.000000000,99491,486,99463,486,99519,200,99412,100,99685,100,99349,100,99999,100,99323,100,100029,100,99298,100,100030,100,99244,100,100032,100,99026,100,100042,100,99025,100,100065,100,98814,100,100096,100,98800,100
2019-06-28 09:51:30.000000000,99491,293,99463,293,99519,393,99412,293,99685,100,99349,100,99999,100,99323,100,100029,100,99298,100,100030,100,99244,100,100032,100,99026,100,100042,100,99025,100,100065,100,98814,100,100096,100,98800,100
2019-06-28 09:51:37.362927928,99491,193,99463,293,99519,393,99412,293,99685,100,99349,100,99999,100,99323,100,100030,100,99298,100,100032,100,99244,100,100042,100,99026,100,100065,100,99025,100,100096,100,98814,100,100097,100,98800,100
2019-06-28 09:51:40.000000000,99519,277,99463,177,99685,177,99412,177,99999,177,99349,177,100030,177,99323,177,100032,177,99298,177,100042,100,99244,100,100065,100,99026,100,100096,100,99025,100,100097,100,98814,100,100161,100,98800,100
2019-06-28 09:51:45.118430601,99519,277,99463,177,99685,177,99412,177,99796,100,99349,177,99999,177,99323,177,100030,177,99298,177,100032,177,99026,100,100042,100,99025,100,100065,100,98814,100,100096,100,98800,100,100097,100,98537,100
2019-06-28 09:51:50.000000000,99519,393,99463,293,99685,293,99412,293,99796,100,99349,100,99999,100,99323,100,100030,100,99298,100,100032,100,99026,100,100042,100,99025,100,100065,100,98814,100,100096,100,98800,100,100097,100,98537,100
2019-06-28 09:51:54.475009133,99498,100,99463,293,99519,393,99412,293,99685,293,99349,100,99796,100,99323,100,99999,100,99298,100,100030,100,99026,100,100032,100,98814,100,100042,100,98800,100,100065,100,98537,100,100096,100,,
2019-06-28 09:52:00.000000000,99498,196,99463,196,99519,296,99412,196,99685,196,99349,196,99796,196,99323,196,99999,100,99298,100,100030,100,99026,100,100032,100,98814,100,100042,100,98800,100,100065,100,98537,100,100096,100,,
2019-06-28 09:52:06.046693619,99498,196,99463,196,99519,296,99412,196,99685,196,99349,196,99786,100,99323,196,99796,196,99298,100,99999,100,99026,100,100030,100,98814,100,100032,100,98800,100,100042,100,98537,100,100065,100,,
2019-06-28 09:52:10.000000000,99498,293,99463,293,99519,393,99412,293,99685,100,99349,100,99786,100,99323,100,99796,100,99298,100,99999,100,99026,100,100030,100,98814,100,100032,100,98800,100,100042,100,98537,100,100065,100,,
2019-06-28 09:52:20.000000000,99498,177,99463,177,99519,277,99412,177,99685,177,99349,177,99786,177,99323,177,99796,177,99298,177,99999,100,99026,100,100030,100,98814,100,100032,100,98800,100,100042,100,98537,100,100065,100,,
2019-06-28 09:52:22.301381373,99498,177,99463,177,99519,277,99412,177,99685,177,99409,100,99786,177,99349,177,99796,177,99323,177,99999,100,99298,177,100030,100,99026,100,100032,100,98814,100,100042,100,98800,100,100065,100,98537,100
2019-06-28 09:52:27.554514096,99498,177,99463,177,99519,277,99412,177,99569,100,99409,100,99685,177,99349,177,99786,177,99323,177,99796,177,99298,177,99999,100,99026,100,100030,100,98814,100,100032,100,98537,100,100042,100,,
2019-06-28 09:52:30.000000000,99498,486,99463,486,99519,200,99412,100,99569,100,99409,100,99685,100,99349,100,99786,100,99323,100,99796,100,99298,100,99999,100,99026,100,100030,100,98814,100,100032,100,98537,100,100042,100,,
2019-06-28 09:52:40.000000000,99498,177,99463,177,99519,277,99412,177,99569,177,99409,177,99685,177,99349,177,99786,177,99323,177,99796,100,99298,100,99999,100,99026,100,100030,100,98814,100,100032,100,98537,100,100042,100,,
2019-06-28 09:52:41.598540170,99498,177,99463,177,99519,277,99412,177,99569,177,99409,177,99637,100,99349,177,99685,177,99323,177,99786,177,99298,100,99999,100,99026,100,100030,100,98814,100,100032,100,98537,100,100042,100,,
2019-06-28 09:52:50.000000000,99498,177,99463,177,99519,277,99412,177,99569,177,99409,177,99637,177,99349,177,99685,177,99323,177,99786,100,99298,100,99999,100,99026,100,100030,100,98814,100,100032,100,98537,100,100042,100,,
2019-06-28 09:53:00.000000000,99498,196,99463,196,99519,296,99412,196,99569,196,99409,196,99637,196,99349,196,99685,100,99323,100,99786,100,99298,100,99999,100,99026,100,100030,100,98814,100,100032,100,98537,100,100042,100,,
2019-06-28 09:53:03.334944910,99498,196,99463,196,99519,296,99412,196,99569,196,99409,196,99637,196,99349,196,99685,100,99323,100,99786,100,99298,100,99999,100,99270,100,100030,100,99026,100,100032,100,98814,100,100042,100,98537,100
2019-06-28 09:53:10.000000000,99498,486,99463,486,99519,200,99412,100,99569,100,99409,100,99637,100,99349,100,99685,100,99323,100,99786,100,99298,100,99999,100,99270,100,100030,100,99026,100,100032,100,98814,100,100042,100,98537,100
2019-06-28 09:53:20.000000000,99498,196,99463,196,99519,296,99412,196,99569,196,99409,196,99637,196,99349,196,99685,100,99323,100,99786,100,99298,100,99999,100,99270,100,100030,100,99026,100,100032,100,98814,100,100042,100,98537,100
2019-06-28 09:53:30.000000000,99498,293,99463,293,99519,393,99412,293,99569,100,99409,100,99637,100,99349,100,99685,100,99323,100,99786,100,99298,100,99999,100,99270,100,100030,100,99026,100,100032,100,98814,100,100042,100,98537,100
2019-06-28 09:53:35.630243551,99498,293,99463,293,99519,393,99412,293,99569,100,99409,100,99637,100,99349,100,99685,100,99335,100,99786,100,99323,100,99999,100,99298,100,100030,100,99270,100,100032,100,99026,100,100042,100,98814,100
2019-06-28 09:53:40.000000000,99498,293,99463,293,99519,393,99412,293,99569,100,99409,100,99637,100,99349,100,99685,100,99335,100,99786,100,99323,100,99999,100,99298,100,100030,100,99270,100,100032,100,99026,100,100042,100,98814,100
2019-06-28 09:53:50.000000000,99498,293,99463,293,99519,393,99412,293,99569,100,99409,100,99637,100,99349,100,99685,100,99335,100,99786,100,99323,100,99999,100,99298,100,100030,100,99270,100,100032,100,99026,100,100042,100,98814,100
2019-06-28 09:54:00.000000000,99498,293,99463,293,99519,393,99412,293,99569,100,99409,100,99637,100,99349,100,99685,100,99335,100,99786,100,99323,100,99999,100,99298,100,100030,100,99270,100,100032,100,99026,100,100042,100,98814,100
2019-06-28 09:54:10.000000000,99498,293,99463,293,99519,393,99412,293,99569,100,99409,100,99637,100,99349,100,99685,100,99335,100,99786,100,99323,100,99999,100,99298,100,100030,100,99270,100,100032,100,99026,100,100042,100,98814,100
2019-06-28 09:54:10.781236235,99498,193,99463,293,99519,393,99412,293,99569,100,99409,100,99637,100,99349,100,99685,100,99335,100,99786,100,99323,100,99999,100,99298,100,100030,100,99270,100,100032,100,99026,100,100042,100,98814,100
2019-06-28 09:54:20.000000000,99519,393,99463,293,99569,293,99412,293,99637,100,99409,100,99685,100,99349,100,99786,100,99335,100,99999,100,99323,100,100030,100,99298,100,100032,100,99270,100,100042,100,99026,100,100065,100,98814,100
2019-06-28 09:54:20.027222122,99519,293,99463,293,99569,293,99412,293,99637,100,99409,100,99685,100,99349,100,99786,100,99335,100,99999,100,99323,100,100030,100,99298,100,100032,100,99270,100,100042,100,99026,100,100065,100,98537,100
2019-06-28 09:54:30.000000000,99519,486,99463,486,99569,100,99412,100,99637,100,99409,100,99685,100,99349,100,99786,100,99335,100,99999,100,99323,100,100030,100,99298,100,100032,100,99270,100,100042,100,99026,100,100065,100,98537,100
2019-06-28 09:54:37.462837899,99519,486,99463,486,99569,100,99412,100,99637,100,99409,100,99685,100,99349,100,99786,100,99335,100,99999,100,99323,100,100030,100,99298,100,100032,100,99270,100,100042,100,99026,100,100065,100,98537,100
2019-06-28 09:54:40.000000000,99519,293,99463,293,99569,293,99412,293,99637,100,99409,100,99685,100,99349,100,99786,100,99335,100,99999,100,99323,100,100030,100,99298,100,100032,100,99270,100,100042,100,99026,100,100065,100,98537,100
2019-06-28 09:54:50.000000000,99519,293,99463,293,99569,293,99412,293,99637,100,99409,100,99685,100,99349,100,99786,100,99335,100,99999,100,99323,100,100030,100,99298,100,100032,100,99270,100,100042,100,99026,100,100065,100,98537,100
2019-06-28 09:55:00.000000000,99519,196,99463,196,99569,196,99412,196,99637,196,99409,196,99685,196,99349,196,99786,100,99335,100,99999,100,99323,100,100030,100,99298,100,100032,100,99270,100,100042,100,99026,100,100065,100,98537,100
2019-06-28 09:55:05.803885357,99519,196,99463,196,99569,196,99412,196,99637,196,99409,196,99685,196,99349,196,99786,100,99335,100,99999,100,99323,100,100030,100,99298,100,100042,100,99270,100,100065,100,99026,100,100096,100,98537,100
2019-06-28 09:55:10.000000000,99519,293,99463,293,99569,293,99412,293,99637,100,99409,100,99685,100,99349,100,99786,100,99335,100,99999,100,99323,100,100030,100,99298,100,100042,100,99270,100,100065,100,99026,100,100096,100,98537,100
2019-06-28 09:55:20.000000000,99519,196,99463,196,99569,196,99412,196,99637,196,99409,196,99685,196,99349,196,99786,100,99335,100,99999,100,99323,100,100030,100,99298,100,100042,100,99270,100,100065,100,99026,100,100096,100,98537,100
2019-06-28 09:55:30.000000000,99519,196,99463,196,99569,196,99412,196,99637,196,99409,196,99685,196,99349,196,99786,100,99335,100,99999,100,99323,100,100030,100,99298,100,100042,100,99270,100,100065,100,99026,100,100096,100,98537,100
2019-06-28 09:55:31.434713887,99519,96,99463,196,99569,196,99412,196,99637,196,99409,196,99685,196,99349,196,99786,100,99335,100,99999,100,99323,100,100030,100,99298,100,100042,100,99270,100,100065,100,99026,100,100096,100,98537,100
2019-06-28 09:55:40.000000000,99569,196,99463,196,99637,196,99412,196,99685,196,99409,196,99786,196,99349,196,99999,100,99335,100,100030,100,99323,100,100042,100,99298,100,100065,100,99270,100,100096,100,99026,100,100097,100,98537,100
2019-06-28 09:55:50.000000000,99569,196,99463,196,99637,196,99412,196,99685,196,99409,196,99786,196,99349,196,99999,100,99335,100,100030,100,99323,100,100042,100,99298,100,100065,100,99270,100,100096,100,99026,100,100097,100,98537,100
2019-06-28 09:56:00.000000000,99569,486,99463,486,99637,100,99412,100,99685,100,99409,100,99786,100,99349,100,99999,100,99335,100,100030,100,99323,100,100042,100,99298,100,100065,100,99270,100,100096,100,99026,100,100097,100,98537,100
2019-06-28 09:56:04.320807005,99569,386,99463,486,99637,100,99412,100,99685,100,99409,100,99786,100,99349,100,99999,100,99335,100,100030,100,99323,100,100042,100,99298,100,100065,100,99270,100,100096,100,99026,100,100097,100,98537,100
2019-06-28 09:56:10.000000000,99637,231,99463,231,99685,227,99412,227,99786,227,99409,227,99999,100,99349,100,100030,100,99335,100,100042,100,99323,100,100065,100,99298,100,100096,100,99270,100,100097,100,99026,100,100146,100,98537,100
2019-06-28 09:56:20.000000000,99637,486,99463,486,99685,100,99412,100,99786,100,99409,100,99999,100,99349,100,100030,100,99335,100,100042,100,99323,100,100065,100,99298,100,100096,100,99270,100,100097,100,99026,100,100146,100,98537,100
2019-06-28 09:56:21.639430014,99637,386,99463,486,99685,100,99412,100,99786,100,99409,100,99999,100,99349,100,100030,100,99335,100,100042,100,99323,100,100065,100,99270,100,100096,100,99026,100,100097,100,98537,100,100146,100,,
2019-06-28 09:56:30.000000000,99685,486,99463,486,99786,100,99412,100,99999,100,99409,100,100030,100,99349,100,100042,100,99335,100,100065,100,99323,100,100096,100,99270,100,100097,100,99026,100,100146,100,98537,100,100169,100,,
2019-06-28 09:56:40.000000000,99685,293,99463,293,99786,293,99412,293,99999,100,99409,100,100030,100,99349,100,100042,100,99335,100,100065,100,99323,100,100096,100,99270,100,100097,100,99026,100,100146,100,98537,100,100169,100,,
2019-06-28 09:56:42.769198922,99685,293,99463,293,99786,293,99412,293,99796,100,99409,100,99999,100,99349,100,100030,100,99323,100,100042,100,99270,100,100065,100,99026,100,100096,100,98537,100,100097,100,,,100146,100,,
2019-06-28 09:56:45.639265630,99685,293,99463,293,99786,293,99412,293,99796,100,99409,100,99999,100,99349,100,100030,100,99323,100,100042,100,99270,100,100053,100,99026,100,100065,100,98537,100,100096,100,,,100097,100,,
2019-06-28 09:56:49.352577404,99685,193,99463,293,99786,293,99412,293,99796,100,99349,100,99999,100,99323,100,100030,100,99270,100,100042,100,99026,100,100053,100,98537,100,100065,100,,,100096,100,,,100097,100,,
2019-06-28 09:56:50.000000000,99786,231,99463,231,99796,227,99412,227,99999,227,99349,227,100030,100,99323,100,100042,100,99270,100,100053,100,99026,100,100065,100,98537,100,100096,100,,,100097,100,,,100146,100,,
2019-06-28 09:56:59.206585078,99786,231,99637,100,99796,227,99463,231,99999,227,99412,227,100030,100,99349,227,100042,100,99323,100,100053,100,99270,100,100065,100,99026,100,100096,100,98537,100,100097,100,,,100146,100,,
2019-06-28 09:57:00.000000000,99786,293,99637,293,99796,293,99463,293,99999,100,99412,100,100030,100,99349,100,100042,100,99323,100,100053,100,99270,100,100065,100,99026,100,100096,100,98537,100,100097,100,,,100146,100,,
2019-06-28 09:57:02.068633377,99786,293,99637,293,99796,293,99463,293,99818,100,99412,100,99999,100,99349,100,100030,100,99323,100,100042,100,99270,100,100053,100,99026,100,100065,100,,,100096,100,,,100097,100,,
2019-06-28 09:57:10.000000000,99786,486,99637,486,99796,100,99463,100,99818,100,99412,100,99999,100,99349,100,100030,100,99323,100,100042,100,99270,100,100053,100,99026,100,100065,100,,,100096,100,,,100097,100,,
2019-06-28 09:57:16.642407474,99786,486,99637,486,99796,100,99553,100,99818,100,99463,100,99999,100,99412,100,100030,100,99349,100,100042,100,99323,100,100053,100,99270,100,100096,100,99026,100,100097,100,,,100146,100,,
2019-06-28 09:57:18.432745588,99786,386,99637,486,99796,100,99553,100,99818,100,99463,100,99999,100,99412,100,100030,100,99349,100,100042,100,99323,100,100053,100,99270,100,100096,100,99026,100,100097,100,,,100146,100,,
2019-06-28 09:57:20.000000000,99796,196,99637,196,99818,196,99553,196,99999,196,99463,196,100030,196,99412,196,100042,100,99349,100,100053,100,99323,100,100096,100,99270,100,100097,100,99026,100,100146,100,,,100169,100,,
2019-06-28 09:57:30.000000000,99796,231,99637,231,99818,227,99553,227,99999,227,99463,227,100030,100,99412,100,100042,100,99349,100,100053,100,99323,100,100096,100,99270,100,100097,100,99026,100,100146,100,,,100169,100,,
2019-06-28 09:57:32.165896827,99796,231,99637,231,99818,227,99553,227,99999,227,99463,227,100030,100,99412,100,100042,100,99349,100,100053,100,99270,100,100079,100,99026,100,100096,100,,,100097,100,,,100146,100,,
2019-06-28 09:57:38.706588205,99796,231,99685,100,99818,227,99637,231,99999,227,99553,227,100030,100,99463,227,100042,100,99412,100,100053,100,99349,100,100079,100,99270,100,100096,100,99026,100,100097,100,,,100146,100,,
2019-06-28 09:57:40.000000000,99796,196,99685,196,99818,196,99637,196,99999,196,99553,196,100030,196,99463,196,100042,100,99412,100,100053,100,99349,100,100079,100,99270,100,100096,100,99026,100,100097,100,,,100146,100,,
2019-06-28 09:57:50.000000000,99796,231,99685,231,99818,227,99637,227,99999,227,99553,227,100030,100,99463,100,100042,100,99412,100,100053,100,99349,100,100079,100,99270,100,100096,100,99026,100,100097,100,,,100146,100,,
2019-06-28 09:58:00.000000000,99796,177,99685,177,99818,177,99637,177,99999,177,99553,177,100030,177,99463,177,100042,177,99412,177,100053,100,99349,100,100079,100,99270,100,100096,100,99026,100,100097,100,,,100146,100,,
2019-06-28 09:58:10.000000000,99796,177,99685,177,99818,177,99637,177,99999,177,99553,177,100030,177,99463,177,100042,177,99412,177,100053,100,99349,100,100079,100,99270,100,100096,100,99026,100,100097,100,,,100146,100,,
2019-06-28 09:58:12.068919719,99796,77,99685,177,99818,177,99637,177,99999,177,99553,177,100030,177,99463,177,100042,177,99412,177,100053,100,99349,100,100079,100,99270,100,100096,100,99026,100,100097,100,,,100146,100,,
2019-06-28 09:58:13.322116585,99796,77,99685,177,99818,177,99637,177,99999,177,99553,177,100030,177,99463,177,100042,177,99412,177,100053,100,99349,100,100079,100,99270,100,100096,100,99026,100,100146,100,,,100154,100,,
2019-06-28 09:58:13.776292197,99796,77,99786,100,99818,177,99685,177,99999,177,99637,177,100030,177,99553,177,100042,177,99463,177,100053,100,99412,177,100079,100,99349,100,100096,100,99270,100,100146,100,99026,100,100154,100,,
2019-06-28 09:58:20.000000000,99818,196,99786,196,99999,196,99685,196,100030,196,99637,196,100042,196,99553,196,100053,100,99463,100,100079,100,99412,100,100096,100,99349,100,100146,100,99270,100,100154,100,99026,100,100169,100,,
2019-06-28 09:58:30.000000000,99818,486,99786,486,99999,100,99685,100,100030,100,99637,100,100042,100,99553,100,100053,100,99463,100,100079,100,99412,100,100096,100,99349,100,100146,100,99270,100,100154,100,99026,100,100169,100,,
2019-06-28 09:58:34.569894481,99818,486,99786,486,99985,100,99685,100,99999,100,99637,100,100030,100,99553,100,100042,100,99463,100,100053,100,99412,100,100079,100,99349,100,100096,100,99270,100,100146,100,99026,100,100154,100,,
2019-06-28 09:58:40.000000000,99818,196,99786,196,99985,196,99685,196,99999,196,99637,196,100030,196,99553,196,100042,100,99463,100,100053,100,99412,100,100079,100,99349,100,100096,100,99270,100,100146,100,99026,100,100154,100,,
2019-06-28 09:58:47.787155122,99818,196,99786,196,99985,196,99685,196,99999,196,99637,96,100030,196,99553,196,100042,100,99463,100,100053,100,99412,100,100079,100,99349,100,100096,100,99270,100,100146,100,99026,100,100154,100,,
2019-06-28 09:58:50.000000000,99818,196,99786,196,99985,196,99685,196,99999,196,99553,196,100030,196,99463,196,100042,100,99412,100,100053,100,99349,100,100079,100,99270,100,100096,100,99026,100,100146,100,,,100154,100,,
2019-06-28 09:59:00.000000000,99818,231,99786,231,99985,227,99685,227,99999,227,99553,227,100030,100,99463,100,100042,100,99412,100,100053,100,99349,100,100079,100,99270,100,100096,100,99026,100,100146,100,,,100154,100,,
2019-06-28 09:59:10.000000000,99818,177,99786,177,99985,177,99685,177,99999,177,99553,177,100030,177,99463,177,100042,177,99412,177,100053,100,99349,100,100079,100,99270,100,100096,100,99026,100,100146,100,,,100154,100,,
2019-06-28 09:59:11.954546257,99818,77,99786,177,99985,177,99685,177,99999,177,99553,177,100030,177,99463,177,100042,177,99412,177,100053,100,99349,100,100079,100,99270,100,100096,100,99026,100,100146,100,,,100154,100,,
2019-06-28 09:59:17.805210666,99818,77,99786,177,99985,177,99685,177,99999,177,99553,177,100030,177,99463,177,100042,177,99412,177,100053,100,99349,100,100079,100,99270,100,100096,100,,,100146,100,,,100154,100,,
2019-06-28 09:59:20.000000000,99985,231,99786,231,99999,227,99685,227,100030,227,99553,227,100042,100,99463,100,100053,100,99412,100,100079,100,99349,100,100096,100,99270,100,100146,100,,,100154,100,,,100169,100,,
2019-06-28 09:59:23.155129050,99985,231,99786,231,99999,227,99685,227,100030,227,99553,227,100042,100,99463,100,100053,100,99412,100,100060,100,99349,100,100079,100,99270,100,100096,100,,,100146,100,,,100154,100,,
2019-06-28 09:59:25.279914849,99985,231,99889,100,99999,227,99786,231,100030,227,99685,227,100042,100,99553,227,100053,100,99463,100,100060,100,99412,100,100079,100,99349,100,100096,100,99270,100,100146,100,,,100154,100,,
2019-06-28 09:59:27.005638240,99985,231,99786,231,99999,227,99685,227,100030,227,99553,227,100042,100,99463,100,100053,100,99412,100,100060,100,99349,100,100079,100,99270,100,100096,100,,,100146,100,,,100154,100,,
2019-06-28 09:59:30.000000000,99985,177,99786,177,99999,177,99685,177,100030,177,99553,177,100042,177,99463,177,100053,177,99412,177,100060,100,99349,100,100079,100,99270,100,100096,100,,,100146,100,,,100154,100,,
2019-06-28 09:59:40.000000000,99985,177,99786,177,99999,177,99685,177,100030,177,99553,177,100042,177,99463,177,100053,177,99412,177,100060,100,99349,100,100079,100,99270,100,100096,100,,,100146,100,,,100154,100,,
2019-06-28 09:59:50.000000000,99985,486,99786,486,99999,100,99685,100,100030,100,99553,100,100042,100,99463,100,100053,100,99412,100,100060,100,99349,100,100079,100,99270,100,100096,100,,,100146,100,,,100154,100,,
2019-06-28 09:59:54.196417761,99985,386,99786,486,100030,100,99685,100,100042,100,99553,100,100053,100,99463,100,100060,100,99412,100,100079,100,99349,100,100096,100,99270,100,100146,100,,,100154,100,,,100169,100,,
2019-06-28 10:00:00.000000000,100030,231,99786,231,100042,227,99685,227,100053,227,99553,227,100060,100,99463,100,100079,100,99412,100,100096,100,99349,100,100146,100,99270,100,100154,100,,,100169,100,,,100171,100,,
2019-06-28 10:00:10.000000000,100030,177,99786,177,100042,177,99685,177,100053,177,99553,177,100060,177,99463,177,100079,177,99412,177,100096,100,99349,100,100146,100,99270,100,100154,100,,,100169,100,,,100171,100,,
2019-06-28 10:00:20.000000000,100030,177,99786,177,100042,177,99685,177,100053,177,99553,177,100060,177,99463,177,100079,177,99412,177,100096,100,99349,100,100146,100,99270,100,100154,100,,,100169,100,,,100171,100,,
2019-06-28 10:00:27.642008848,100030,177,99889,100,100042,177,99786,177,100053,177,99685,177,100060,177,99553,177,100079,177,99463,177,100096,100,99412,177,100146,100,99349,100,100154,100,99270,100,100169,100,,,100171,100,,
2019-06-28 10:00:30.000000000,100030,293,99889,293,100042,293,99786,293,100053,100,99685,100,100060,100,99553,100,100079,100,99463,100,100096,100,99412,100,100146,100,99349,100,100154,100,99270,100,100169,100,,,100171,100,,
2019-06-28 10:00:36.203804392,100030,293,99889,293,100042,293,99786,293,100053,100,99685,100,100054,100,99553,100,100060,100,99463,100,100079,100,99412,100,100096,100,99349,100,100146,100,99270,100,100154,100,,,100169,100,,
2019-06-28 10:00:40.000000000,100030,231,99889,231,100042,227,99786,227,100053,227,99685,227,100054,100,99553,100,100060,100,99463,100,100079,100,99412,100,100096,100,99349,100,100146,100,99270,100,100154,100,,,100169,100,,
2019-06-28 10:00:50.000000000,100030,293,99889,293,100042,293,99786,293,100053,100,99685,100,100054,100,99553,100,100060,100,99463,100,100079,100,99412,100,100096,100,99349,100,100146,100,99270,100,100154,100,,,100169,100,,
2019-06-28 10:01:00.000000000,100030,231,99889,231,100042,227,99786,227,100053,227,99685,227,100054,100,99553,100,100060,100,99463,100,100079,100,99412,100,100096,100,99349,100,100146,100,99270,100,100154,100,,,100169,100,,
2019-06-28 10:01:10.000000000,100030,293,99889,293,100042,293,99786,293,100053,100,99685,100,100054,100,99553,100,100060,100,99463,100,100079,100,99412,100,100096,100,99349,100,100146,100,99270,100,100154,100,,,100169,100,,
2019-06-28 10:01:20.000000000,100030,196,99889,196,100042,196,99786,196,100053,196,99685,196,100054,196,99553,196,100060,100,99463,100,100079,100,99412,100,100096,100,99349,100,100146,100,99270,100,100154,100,,,100169,100,,
2019-06-28 10:01:21.005410268,100030,96,99889,196,100042,196,99786,196,100053,196,99685,196,100054,196,99553,196,100060,100,99463,100,100079,100,99412,100,100096,100,99349,100,100146,100,99270,100,100154,100,99191,100,100169,100,,
2019-06-28 10:01:30.000000000,100042,293,99889,293,100053,293,99786,293,100054,100,99685,100,100060,100,99553,100,100079,100,99463,100,100096,100,99412,100,100146,100,99349,100,100154,100,99270,100,100169,100,99191,100,100171,100,,
2019-06-28 10:01:40.000000000,100042,293,99889,293,100053,293,99786,293,100054,100,99685,100,100060,100,99553,100,100079,100,99463,100,100096,100,99412,100,100146,100,99349,100,100154,100,99270,100,100169,100,99191,100,100171,100,,
2019-06-28 10:01:49.138595721,99984,100,99889,293,100042,293,99786,293,100053,293,99685,100,100054,100,99553,100,100060,100,99463,100,100079,100,99412,100,100096,100,99349,100,100146,100,99270,100,100154,100,99191,100,100169,100,,
2019-06-28 10:01:50.000000000,99984,196,99889,196,100042,196,99786,196,100053,196,99685,196,100054,196,99553,196,100060,100,99463,100,100079,100,99412,100,100096,100,99349,100,100146,100,99270,100,100154,100,99191,100,100169,100,,
2019-06-28 10:01:59.227520511,99984,196,99889,196,100042,196,99786,196,100053,196,99685,196,100054,196,99553,196,100060,100,99463,100,100079,100,99412,100,100096,100,99349,100,100146,100,99270,100,100154,100,99191,100,100169,100,98711,100
2019-06-28 10:02:00.000000000,99984,177,99889,177,100042,177,99786,177,100053,177,99685,177,100054,177,99553,177,100060,177,99463,177,100079,100,99412,100,100096,100,99349,100,100146,100,99270,100,100154,100,99191,100,100169,100,98711,100
2019-06-28 10:02:10.000000000,99984,293,99889,293,100042,293,99786,293,100053,100,99685,100,100054,100,99553,100,100060,100,99463,100,100079,100,99412,100,100096,100,99349,100,100146,100,99270,100,100154,100,99191,100,100169,100,98711,100
2019-06-28 10:02:20.000000000,99984,177,99889,177,100042,177,99786,177,100053,177,99685,177,100054,177,99553,177,100060,177,99463,177,100079,100,99412,100,100096,100,99349,100,100146,100,99270,100,100154,100,99191,100,100169,100,98711,100
2019-06-28 10:02:20.170429319,99984,177,99889,77,100042,177,99786,177,100053,177,99685,177,100054,177,99553,177,100060,177,99463,177,100079,100,99412,100,100096,100,99349,100,100146,100,99270,100,100154,100,99191,100,100169,100,98711,100
2019-06-28 10:02:30.000000000,99984,231,99786,231,100042,227,99685,227,100053,227,99553,227,100054,100,99463,100,100060,100,99412,100,100079,100,99349,100,100096,100,99270,100,100146,100,99191,100,100154,100,98711,100,100169,100,,
2019-06-28 10:02:40.000000000,99984,486,99786,486,100042,100,99685,100,100053,100,99553,100,100054,100,99463,100,100060,100,99412,100,100079,100,99349,100,100096,100,99270,100,100146,100,99191,100,100154,100,98711,100,100169,100,,
2019-06-28 10:02:41.618503973,99984,486,99786,486,100042,100,99685,100,100053,100,99553,100,100054,100,99463,100,100060,100,99412,100,100079,100,99349,100,100096,100,99270,100,100146,100,99191,100,100154,100,98962,100,100169,100,98711,100
2019-06-28 10:02:50.000000000,99984,293,99786,293,100042,293,99685,293,100053,100,99553,100,100054,100,99463,100,100060,100,99412,100,100079,100,99349,100,100096,100,99270,100,100146,100,99191,100,100154,100,98962,100,100169,100,98711,100
2019-06-28 10:03:00.000000000,99984,177,99786,177,100042,177,99685,177,100053,177,99553,177,100054,177,99463,177,100060,177,99412,177,100079,100,99349,100,100096,100,99270,100,100146,100,99191,100,100154,100,98962,100,100169,100,98711,100
2019-06-28 10:03:06.264488599,99984,177,99786,77,100042,177,99685,177,100053,177,99553,177,100054,177,99463,177,100060,177,99412,177,100079,100,99349,100,100096,100,99270,100,100146,100,99191,100,100154,100,98962,100,100169,100,98711,100
2019-06-28 10:03:10.000000000,99984,177,99685,177,100042,177,99553,177,100053,177,99463,177,100054,177,99412,177,100060,177,99349,177,100079,100,99270,100,100096,100,99191,100,100146,100,98962,100,100154,100,98711,100,100169,100,,
2019-06-28 10:03:20.000000000,99984,486,99685,486,100042,100,99553,100,100053,100,99463,100,100054,100,99412,100,100060,100,99349,100,100079,100,99270,100,100096,100,99191,100,100146,100,98962,100,100154,100,98711,100,100169,100,,
2019-06-28 10:03:25.467572963,99984,486,99685,386,100042,100,99553,100,100053,100,99463,100,100054,100,99412,100,100060,100,99349,100,100079,100,99270,100,100096,100,99191,100,100146,100,98962,100,100154,100,98711,100,100169,100,,
2019-06-28 10:03:30.000000000,99984,231,99553,231,100042,227,99463,227,100053,227,99412,227,100054,100,99349,100,100060,100,99270,100,100079,100,99191,100,100096,100,98962,100,100146,100,98711,100,100154,100,,,100169,100,,
2019-06-28 10:03:31.668517745,99984,231,99553,131,100042,227,99463,227,100053,227,99412,227,100054,100,99349,100,100079,100,99270,100,100096,100,99191,100,100146,100,98962,100,100154,100,98711,100,100169,100,,,,,,
2019-06-28 10:03:32.409840711,99786,100,99553,131,99984,231,99463,227,100042,227,99412,227,100053,227,99349,100,100054,100,99270,100,100079,100,99191,100,100096,100,98962,100,100146,100,98711,100,100154,100,,,100169,100,,
2019-06-28 10:03:40.000000000,99786,231,99463,231,99984,227,99412,227,100042,227,99349,227,100053,100,99270,100,100054,100,99191,100,100079,100,98962,100,100096,100,98711,100,100146,100,,,100154,100,,,100169,100,,
2019-06-28 10:03:50.000000000,99786,486,99463,486,99984,100,99412,100,100042,100,99349,100,100053,100,99270,100,100054,100,99191,100,100079,100,98962,100,100096,100,98711,100,100146,100,,,100154,100,,,100169,100,,
2019-06-28 10:04:00.000000000,99786,293,99463,293,99984,293,99412,293,100042,100,99349,100,100053,100,99270,100,100054,100,99191,100,100079,100,98962,100,100096,100,98711,100,100146,100,,,100154,100,,,100169,100,,
2019-06-28 10:04:10.000000000,99786,231,99463,231,99984,227,99412,227,100042,227,99349,227,100053,100,99270,100,100054,100,99191,100,100079,100,98962,100,100096,100,98711,100,100146,100,,,100154,100,,,100169,100,,
2019-06-28 10:04:20.000000000,99786,196,99463,196,99984,196,99412,196,100042,196,99349,196,100053,196,99270,196,100054,100,99191,100,100079,100,98962,100,100096,100,98711,100,100146,100,,,100154,100,,,100169,100,,
2019-06-28 10:04:21.332802777,99786,196,99463,96,99984,196,99412,196,100042,196,99349,196,100053,196,99270,196,100054,100,99191,100,100079,100,98962,100,100096,100,98711,100,100146,100,,,100154,100,,,100169,100,,
2019-06-28 10:04:24.456906286,99492,100,99463,96,99786,196,99412,96,99984,196,99349,196,100042,196,99270,196,100053,196,99191,100,100054,100,98962,100,100079,100,98711,100,100096,100,,,100146,100,,,100154,100,,
2019-06-28 10:04:30.000000000,99492,293,99349,293,99786,293,99270,293,99984,100,99191,100,100042,100,98962,100,100053,100,98711,100,100054,100,,,100079,100,,,100096,100,,,100146,100,,,100154,100,,
2019-06-28 10:04:30.700666735,99492,293,99349,193,99786,293,99270,293,99984,100,99191,100,100042,100,98962,100,100053,100,98711,100,100054,100,,,100079,100,,,100096,100,,,100146,100,,,100154,100,,
2019-06-28 10:04:38.221574043,99492,293,99349,93,99786,293,99270,293,99984,100,99191,100,100042,100,98962,100,100053,100,98711,100,100054,100,,,100079,100,,,100096,100,,,100146,100,,,100154,100,,
2019-06-28 10:04:40.000000000,99492,196,99270,196,99786,196,99191,196,99984,196,98962,196,100042,196,98711,196,100053,100,,,100054,100,,,100079,100,,,100096,100,,,100146,100,,,100154,100,,
2019-06-28 10:04:50.000000000,99492,177,99270,177,99786,177,99191,177,99984,177,98962,177,100042,177,98711,177,100053,177,98710,77,100054,100,,,100079,100,,,100096,100,,,100146,100,,,100154,100,,
2019-06-28 10:05:00.000000000,99492,177,99270,177,99786,177,99191,177,99984,177,98962,177,100042,177,98711,177,100053,177,98710,77,100054,100,,,100079,100,,,100096,100,,,100146,100,,,100154,100,,
2019-06-28 10:05:01.856311572,99492,177,99270,177,99786,177,99191,177,99984,177,99188,100,100042,177,98962,177,100053,177,98711,177,100054,100,98710,77,100079,100,,,100096,100,,,100146,100,,,100154,100,,
2019-06-28 10:05:10.000000000,99492,486,99270,486,99786,100,99191,100,99984,100,99188,100,100042,100,98962,100,100053,100,98711,100,100054,100,,,100079,100,,,100096,100,,,100146,100,,,100154,100,,
2019-06-28 10:05:20.000000000,99492,231,99270,231,99786,227,99191,227,99984,227,99188,227,100042,100,98962,100,100053,100,98711,100,100054,100,,,100079,100,,,100096,100,,,100146,100,,,100154,100,,
2019-06-28 10:05:30.000000000,99492,231,99270,231,99786,227,99191,227,99984,227,99188,227,100042,100,98962,100,100053,100,98711,100,100054,100,,,100079,100,,,100096,100,,,100146,100,,,100154,100,,
2019-06-28 10:05:40.000000000,99492,196,99270,196,99786,196,99191,196,99984,196,99188,196,100042,196,98962,196,100053,100,98711,100,100054,100,,,100079,100,,,100096,100,,,100146,100,,,100154,100,,
2019-06-28 10:05:47.640260488,99492,196,99349,100,99786,196,99270,196,99984,196,99191,196,100042,196,99188,196,100053,100,98962,196,100054,100,98711,100,100079,100,,,100096,100,,,100146,100,,,100154,100,,
2019-06-28 10:05:50.000000000,99492,293,99349,293,99786,293,99270,293,99984,100,99191,100,100042,100,99188,100,100053,100,98962,100,100054,100,98711,100,100079,100,,,100096,100,,,100146,100,,,100154,100,,
2019-06-28 10:06:00.000000000,99492,293,99349,293,99786,293,99270,293,99984,100,99191,100,100042,100,99188,100,100053,100,98962,100,100054,100,98711,100,100079,100,,,100096,100,,,100146,100,,,100154,100,,
2019-06-28 10:06:03.422071408,99492,293,99349,393,99786,293,99270,293,99984,100,99191,100,100042,100,99188,100,100053,100,98962,100,100054,100,98711,100,100079,100,,,100096,100,,,100146,100,,,100154,100,,
2019-06-28 10:06:05.589136165,99492,293,99349,393,99717,100,99270,293,99786,293,99191,100,99984,100,99188,100,100042,100,98962,100,100053,100,98711,100,100054,100,,,100079,100,,,100096,100,,,100146,100,,
2019-06-28 10:06:10.000000000,99492,293,99349,393,99717,293,99270,293,99786,100,99191,100,99984,100,99188,100,100042,100,98962,100,100053,100,98711,100,100054,100,,,100079,100,,,100096,100,,,100146,100,,
2019-06-28 10:06:18.121434459,99492,293,99469,100,99717,293,99349,393,99786,100,99270,293,99984,100,99191,100,100042,100,99188,100,100053,100,98962,100,100079,100,98711,100,100096,100,,,100146,100,,,100154,100,,
2019-06-28 10:06:20.000000000,99492,231,99469,231,99717,227,99349,327,99786,227,99270,227,99984,100,99191,100,100042,100,99188,100,100053,100,98962,100,100079,100,98711,100,100096,100,,,100146,100,,,100154,100,,
2019-06-28 10:06:20.181018844,99492,131,99469,231,99717,227,99349,327,99786,227,99270,227,99984,100,99191,100,100042,100,99188,100,100053,100,98962,100,100079,100,98711,100,100096,100,,,100146,100,,,100154,100,,
2019-06-28 10:06:23.682079478,99492,131,99469,231,99717,227,99385,100,99786,227,99349,327,99984,100,99270,227,100042,100,99191,100,100053,100,99188,100,100079,100,98962,100,100096,100,98711,100,100146,100,,,100154,100,,
2019-06-28 10:06:30.000000000,99717,293,99469,293,99786,293,99385,293,99984,100,99349,200,100042,100,99270,100,100053,100,99191,100,100079,100,99188,100,100096,100,98962,100,100146,100,98711,100,100154,100,,,100169,100,,
2019-06-28 10:06:40.000000000,99717,196,99469,196,99786,196,99385,196,99984,196,99349,296,100042,196,99270,196,100053,100,99191,100,100079,100,99188,100,100096,100,98962,100,100146,100,98711,100,100154,100,,,100169,100,,
2019-06-28 10:06:50.000000000,99717,231,99469,231,99786,227,99385,227,99984,227,99349,327,100042,100,99270,100,100053,100,99191,100,100079,100,99188,100,100096,100,98962,100,100146,100,98711,100,100154,100,,,100169,100,,
2019-06-28 10:06:56.787575150,99717,231,99469,231,99786,227,99385,227,99984,127,99349,327,100042,100,99270,100,100053,100,99191,100,100079,100,99188,100,100096,100,98962,100,100146,100,98711,100,100154,100,,,100169,100,,
2019-06-28 10:07:00.000000000,99717,177,99469,177,99786,177,99385,177,100042,177,99349,277,100053,177,99270,177,100079,177,99191,177,100096,100,99188,100,100146,100,98962,100,100154,100,98711,100,100169,100,,,,,,
2019-06-28 10:07:10.000000000,99717,177,99469,177,99786,177,99385,177,100042,177,99349,277,100053,177,99270,177,100079,177,99191,177,100096,100,99188,100,100146,100,98962,100,100154,100,98711,100,100169,100,,,,,,
2019-06-28 10:07:11.531382162,99717,177,99469,177,99786,177,99385,177,100042,177,99349,277,100053,177,99270,177,100079,177,99191,177,100096,100,99188,100,100146,100,98962,100,100154,100,98711,100,100169,100,,,100510,100,,
2019-06-28 10:07:20.000000000,99717,177,99469,177,99786,177,99385,177,100042,177,99349,277,100053,177,99270,177,100079,177,99191,177,100096,100,99188,100,100146,100,98962,100,100154,100,98711,100,100169,100,,,100510,100,,
2019-06-28 10:07:30.000000000,99717,231,99469,231,99786,227,99385,227,100042,227,99349,327,100053,100,99270,100,100079,100,99191,100,100096,100,99188,100,100146,100,98962,100,100154,100,98711,100,100169,100,,,100510,100,,
2019-06-28 10:07:40.000000000,99717,231,99469,231,99786,227,99385,227,100042,227,99349,327,100053,100,99270,100,100079,100,99191,100,100096,100,99188,100,100146,100,98962,100,100154,100,98711,100,100169,100,,,100510,100,,
2019-06-28 10:07:50.000000000,99717,486,99469,486,99786,100,99385,100,100042,100,99349,200,100053,100,99270,100,100079,100,99191,100,100096,100,99188,100,100146,100,98962,100,100154,100,98711,100,100169,100,,,100510,100,,
2019-06-28 10:07:51.526556359,99717,486,99469,386,99786,100,99385,100,100042,100,99349,200,100053,100,99270,100,100096,100,99191,100,100146,100,99188,100,100154,100,98962,100,100169,100,98711,100,100510,100,,,,,,
2019-06-28 10:07:57.557376094,99717,486,99469,286,99786,100,99385,100,100042,100,99349,200,100053,100,99191,100,100096,100,99188,100,100146,100,98962,100,100154,100,98711,100,100169,100,,,100510,100,,,,,,
2019-06-28 10:08:00.000000000,99717,231,99385,231,99786,227,99349,327,100042,227,99191,227,100053,100,99188,100,100096,100,98962,100,100146,100,98711,100,100154,100,,,100169,100,,,100510,100,,,,,,
2019-06-28 10:08:10.000000000,99717,177,99385,177,99786,177,99349,277,100042,177,99191,177,100053,177,99188,177,100096,177,98962,177,100146,100,98711,100,100154,100,,,100169,100,,,100510,100,,,,,,
2019-06-28 10:08:20.000000000,99717,231,99385,231,99786,227,99349,327,100042,227,99191,227,100053,100,99188,100,100096,100,98962,100,100146,100,98711,100,100154,100,,,100169,100,,,100510,100,,,,,,
2019-06-28 10:08:26.062395270,99717,231,99385,131,99786,227,99349,327,99952,100,99191,227,100042,227,99188,100,100053,100,98962,100,100096,100,98711,100,100146,100,,,100154,100,,,100169,100,,,100510,100,,
2019-06-28 10:08:30.000000000,99717,196,99349,296,99786,196,99191,196,99952,196,99188,196,100042,196,98962,196,100053,100,98711,100,100096,100,,,100146,100,,,100154,100,,,100169,100,,,100510,100,,
2019-06-28 10:08:33.905705883,99717,196,99349,196,99786,196,99191,196,99952,196,99188,196,100042,196,98962,196,100053,100,98711,100,100096,100,,,100146,100,,,100154,100,,,100169,100,,,100510,100,,
