,ask_price_1,ask_size_1,bid_price_1,bid_size_1,ask_price_2,ask_size_2,bid_price_2,bid_size_2,ask_price_3,ask_size_3,bid_price_3,bid_size_3,ask_price_4,ask_size_4,bid_price_4,bid_size_4,ask_price_5,ask_size_5,bid_price_5,bid_size_5,ask_price_6,ask_size_6,bid_price_6,bid_size_6,ask_price_7,ask_size_7,bid_price_7,bid_size_7,ask_price_8,ask_size_8,bid_price_8,bid_size_8,ask_price_9,ask_size_9,bid_price_9,bid_size_9,ask_price_10,ask_size_10,bid_price_10,bid_size_10
2019-06-28 09:30:00.000000001,100185,100,99908,100,,,,,,,,,,,,,,,,,,,,,,,,,,,,,,,,,,,,
2019-06-28 09:30:00.000000002,100185,100,99908,100,,,99865,100,,,,,,,,,,,,,,,,,,,,,,,,,,,,,,,,
2019-06-28 09:30:00.000000004,100023,100,99908,100,100185,100,99865,100,,,,,,,,,,,,,,,,,,,,,,,,,,,,,,,,
2019-06-28 09:30:00.000000006,100023,100,99908,100,100185,100,99865,100,,,99864,100,,,,,,,,,,,,,,,,,,,,,,,,,,,,
2019-06-28 09:30:00.000000008,100023,100,99908,100,100056,100,99865,100,100081,100,99864,100,100185,100,,,,,,,,,,,,,,,,,,,,,,,,,,
2019-06-28 09:30:00.000000009,100023,100,99865,100,100056,100,99864,100,100081,100,,,100185,100,,,,,,,,,,,,,,,,,,,,,,,,,,
2019-06-28 09:30:00.000000011,100056,100,99865,100,100081,100,99864,100,100185,100,,,,,,,,,,,,,,,,,,,,,,,,,,,,,,
2019-06-28 09:30:00.000000012,100056,100,99865,100,100081,100,99864,100,100185,100,99839,100,,,,,,,,,,,,,,,,,,,,,,,,,,,,
2019-06-28 09:30:00.000000015,100012,100,99865,100,100056,100,99864,100,100081,100,99839,100,100185,100,,,,,,,,,,,,,,,,,,,,,,,,,,
2019-06-28 09:30:00.000000016,100012,100,99908,100,100056,100,99865,100,100081,100,99864,100,100185,100,99839,100,,,,,,,,,,,,,,,,,,,,,,,,
2019-06-28 09:30:00.000000017,99992,100,99908,100,100056,100,99865,100,100081,100,99864,100,100185,100,99839,100,,,,,,,,,,,,,,,,,,,,,,,,
2019-06-28 09:30:00.000000021,99992,100,99908,100,100055,100,99865,100,100056,100,99864,100,100081,100,99839,100,100101,100,,,100185,100,,,,,,,,,,,,,,,,,,
2019-06-28 09:30:00.000000024,99992,100,99908,100,100055,100,99865,100,100056,100,99864,100,100065,100,99839,100,100081,100,,,100101,100,,,100185,100,,,,,,,,,,,,,,
2019-06-28 09:30:00.000000025,100023,100,99908,100,100055,100,99865,100,100056,100,99864,100,100065,100,99839,100,100081,100,,,100101,100,,,100185,100,,,,,,,,,,,,,,
2019-06-28 09:30:00.000000026,100023,100,99997,100,100055,100,99908,100,100056,100,99865,100,100065,100,99864,100,100081,100,99839,100,100101,100,,,100185,100,,,,,,,,,,,,,,
2019-06-28 09:30:00.000000027,100023,100,99997,100,100035,100,99908,100,100055,100,99865,100,100056,100,99864,100,100065,100,99839,100,100081,100,,,100101,100,,,100185,100,,,,,,,,,,
2019-06-28 09:30:00.000000029,100023,100,99908,100,100035,100,99865,100,100055,100,99864,100,100056,100,99839,100,100065,100,,,100081,100,,,100101,100,,,100185,100,,,,,,,,,,
2019-06-28 09:30:00.000000030,100023,100,99943,100,100035,100,99908,100,100055,100,99865,100,100056,100,99864,100,100065,100,99839,100,100081,100,,,100101,100,,,100185,100,,,,,,,,,,
2019-06-28 09:30:00.000000031,100023,100,100010,100,100035,100,99943,100,100055,100,99908,100,100056,100,99865,100,100065,100,99864,100,100081,100,99839,100,100101,100,,,100185,100,,,,,,,,,,
2019-06-28 09:30:00.000000035,100035,100,100010,100,100055,100,99956,100,100056,100,99943,100,100065,100,99908,100,100081,100,99865,100,100101,100,99864,100,100185,100,99839,100,,,,,,,,,,,,
2019-06-28 09:30:00.000000036,100011,100,100010,100,100035,100,99956,100,100055,100,99943,100,100056,100,99908,100,100065,100,99880,100,100081,100,99865,100,100101,100,99864,100,100185,100,99854,100,,,99839,100,,,,
2019-06-28 09:30:00.000000040,100011,100,99956,100,100035,100,99943,100,100055,100,99908,100,100056,100,99880,100,100065,100,99865,100,100081,100,99864,100,100101,100,99854,100,100185,100,99839,100,,,,,,,,
2019-06-28 09:30:00.000000045,100035,100,99956,100,100055,100,99943,100,100056,100,99908,100,100065,100,99880,100,100081,100,99865,100,100101,100,99864,100,100185,100,99854,100,,,99839,100,,,,,,,,
2019-06-28 09:30:00.000000049,100035,100,100010,100,100055,100,99956,100,100056,100,99943,100,100065,100,99908,100,100081,100,99880,100,100101,100,99865,100,100185,100,99864,100,100193,100,99854,100,,,99839,100,,,,
2019-06-28 09:30:00.000000050,100035,100,100010,100,100055,100,99956,100,100056,100,99943,100,100065,100,99908,100,100081,100,99880,100,100101,100,99865,100,100164,100,99864,100,100185,100,99854,100,100193,100,99839,100,,,,
2019-06-28 09:30:00.000000052,100035,100,100010,100,100055,100,99956,100,100056,100,99943,100,100065,100,99908,100,100081,100,99880,100,100101,100,99865,100,100118,100,99864,100,100164,100,99854,100,100185,100,99839,100,100193,100,,
2019-06-28 09:30:00.000000053,100035,100,100010,100,100055,100,99956,100,100056,100,99943,100,100065,100,99908,100,100081,100,99880,100,100097,100,99865,100,100101,100,99864,100,100118,100,99854,100,100164,100,99839,100,100185,100,,
2019-06-28 09:30:00.000000059,100035,100,99956,100,100055,100,99943,100,100056,100,99908,100,100065,100,99880,100,100081,100,99865,100,100097,100,99864,100,100101,100,99854,100,100118,100,99839,100,100164,100,,,100185,100,,
2019-06-28 09:30:00.000000060,100035,100,99956,100,100047,100,99943,100,100055,100,99908,100,100056,100,99880,100,100065,100,99865,100,100081,100,99864,100,100097,100,99854,100,100101,100,99839,100,100118,100,,,100164,100,,
2019-06-28 09:30:00.000000065,100035,100,100027,100,100047,100,99956,100,100055,100,99952,100,100056,100,99943,100,100065,100,99908,100,100081,100,99883,100,100097,100,99880,100,100101,100,99865,100,100118,100,99864,100,100164,100,99854,100
2019-06-28 09:30:00.000000066,100035,100,99956,100,100047,100,99952,100,100055,100,99943,100,100056,100,99908,100,100065,100,99883,100,100081,100,99880,100,100097,100,99865,100,100101,100,99864,100,100118,100,99854,100,100164,100,99839,100
2019-06-28 09:30:00.000000069,100035,100,99956,100,100047,100,99952,100,100055,100,99943,100,100056,100,99908,100,100065,100,99883,100,100081,100,99880,100,100097,100,99865,100,100101,100,99864,100,100118,100,99854,100,100164,100,99839,100
2019-06-28 09:30:00.000000070,100035,100,99956,100,100047,100,99952,100,100055,100,99943,100,100056,100,99908,100,100065,100,99892,100,100081,100,99883,100,100097,100,99880,100,100101,100,99865,100,100118,100,99864,100,100164,100,99854,100
2019-06-28 09:30:00.000000074,100027,100,99956,100,100035,100,99952,100,100047,100,99943,100,100055,100,99928,100,100056,100,99908,100,100062,100,99892,100,100065,100,99883,100,100081,100,99880,100,100097,100,99865,100,100101,100,99864,100
2019-06-28 09:30:00.000000075,100027,100,99956,100,100035,100,99952,100,100047,100,99943,100,100055,100,99928,100,100056,100,99925,100,100062,100,99908,100,100065,100,99892,100,100081,100,99883,100,100097,100,99880,100,100101,100,99875,100
2019-06-28 09:30:00.000000080,100027,100,99956,100,100035,100,99952,100,100046,100,99943,100,100047,100,99928,100,100055,100,99925,100,100056,100,99908,100,100062,100,99892,100,100065,100,99883,100,100081,100,99880,100,100097,100,99875,100
2019-06-28 09:30:00.000000081,100035,100,99956,100,100046,100,99952,100,100047,100,99943,100,100055,100,99928,100,100056,100,99925,100,100062,100,99908,100,100065,100,99907,100,100081,100,99892,100,100097,100,99883,100,100101,100,99880,100
2019-06-28 09:30:00.000000082,99994,100,99956,100,100035,100,99952,100,100046,100,99943,100,100047,100,99928,100,100055,100,99925,100,100056,100,99908,100,100062,100,99907,100,100065,100,99892,100,100081,100,99883,100,100097,100,99880,100
2019-06-28 09:30:00.000000086,100035,100,99956,100,100046,100,99952,100,100047,100,99943,100,100055,100,99928,100,100056,100,99925,100,100062,100,99908,100,100065,100,99907,100,100081,100,99892,100,100097,100,99883,100,100101,100,99880,100
2019-06-28 09:30:00.000000087,100035,100,99956,100,100046,100,99952,100,100047,100,99943,100,100055,100,99928,100,100056,100,99925,100,100062,100,99908,100,100065,100,99907,100,100081,100,99892,100,100097,100,99883,100,100101,100,99880,100
2019-06-28 09:30:00.000000090,100035,200,99956,100,100046,100,99952,100,100047,100,99943,100,100055,100,99928,100,100056,100,99925,100,100062,100,99908,100,100065,100,99907,100,100081,100,99892,100,100097,100,99883,100,100101,100,99880,100
2019-06-28 09:30:00.000000091,100035,300,99956,100,100046,100,99952,100,100047,100,99943,100,100055,100,99928,100,100056,100,99925,100,100062,100,99908,100,100065,100,99907,100,100081,100,99892,100,100097,100,99883,100,100101,100,99880,100
2019-06-28 09:30:00.000000092,99980,100,99956,100,100035,300,99952,100,100046,100,99943,100,100047,100,99928,100,100055,100,99925,100,100056,100,99908,100,100062,100,99907,100,100065,100,99892,100,100081,100,99883,100,100097,100,99880,100
2019-06-28 09:30:00.000000095,99980,100,99956,100,100035,400,99952,100,100046,100,99943,100,100047,100,99928,100,100055,100,99925,100,100056,100,99908,100,100062,100,99907,100,100065,100,99892,100,100081,100,99883,100,100097,100,99880,100
2019-06-28 09:30:00.000000096,99980,100,99956,100,100035,400,99952,100,100046,100,99943,100,100047,100,99928,100,100055,100,99925,100,100056,100,99908,100,100062,100,99907,100,100065,100,99892,100,100081,100,99883,100,100097,100,99880,100
2019-06-28 09:30:08.351363952,100035,400,99956,100,100046,100,99952,100,100047,100,99943,100,100055,100,99928,100,100056,100,99925,100,100062,100,99908,100,100065,100,99907,100,100081,100,99892,100,100097,100,99883,100,100101,100,99880,100
2019-06-28 09:30:10.000000000,100035,565,99956,265,100046,260,99952,260,100047,260,99943,260,100055,100,99928,100,100056,100,99925,100,100062,100,99908,100,100065,100,99907,100,100081,100,99892,100,100097,100,99883,100,100101,100,99880,100
2019-06-28 09:30:20.000000000,100035,497,99956,197,100046,197,99952,197,100047,197,99943,197,100055,197,99928,197,100056,197,99925,197,100062,100,99908,100,100065,100,99907,100,100081,100,99892,100,100097,100,99883,100,100101,100,99880,100
2019-06-28 09:30:30.000000000,100035,522,99956,222,100046,222,99952,222,100047,222,99943,222,100055,222,99928,222,100056,100,99925,100,100062,100,99908,100,100065,100,99907,100,100081,100,99892,100,100097,100,99883,100,100101,100,99880,100
2019-06-28 09:30:37.345818872,99986,100,99956,222,100035,522,99952,222,100046,222,99943,222,100047,222,99928,222,100055,222,99925,100,100056,100,99908,100,100062,100,99907,100,100065,100,99892,100,100081,100,99883,100,100097,100,99880,100
2019-06-28 09:30:40.000000000,99986,265,99956,265,100035,560,99952,260,100046,260,99943,260,100047,100,99928,100,100055,100,99925,100,100056,100,99908,100,100062,100,99907,100,100065,100,99892,100,100081,100,99883,100,100097,100,99880,100
2019-06-28 09:30:46.311357872,99986,265,99956,265,100035,560,99952,260,100046,260,99943,260,100047,100,99928,100,100055,100,99925,100,100056,100,99908,100,100062,100,99907,100,100065,100,99883,100,100081,100,99880,100,100097,100,99875,100
2019-06-28 09:30:49.611162134,99986,165,99956,265,100035,560,99952,260,100046,260,99943,260,100047,100,99928,100,100055,100,99925,100,100056,100,99908,100,100062,100,99907,100,100065,100,99883,100,100081,100,99880,100,100097,100,99875,100
2019-06-28 09:30:50.000000000,100035,497,99956,197,100046,197,99952,197,100047,197,99943,197,100055,197,99928,197,100056,197,99925,197,100062,100,99908,100,100065,100,99907,100,100081,100,99883,100,100097,100,99880,100,100101,100,99875,100
2019-06-28 09:31:00.000000000,100035,886,99956,586,100046,100,99952,100,100047,100,99943,100,100055,100,99928,100,100056,100,99925,100,100062,100,99908,100,100065,100,99907,100,100081,100,99883,100,100097,100,99880,100,100101,100,99875,100
2019-06-28 09:31:03.415849641,100035,886,99956,586,100046,100,99952,100,100047,100,99943,100,100055,100,99928,100,100056,100,99925,100,100062,100,99908,100,100065,100,99907,100,100081,100,99883,100,100097,100,99880,100,100101,100,99875,100
2019-06-28 09:31:08.277710341,100035,786,99956,586,100046,100,99952,100,100047,100,99943,100,100055,100,99928,100,100056,100,99925,100,100062,100,99908,100,100065,100,99907,100,100081,100,99883,100,100097,100,99880,100,100101,100,99875,100
2019-06-28 09:31:10.000000000,100035,397,99956,197,100046,197,99952,197,100047,197,99943,197,100055,197,99928,197,100056,197,99925,197,100062,100,99908,100,100065,100,99907,100,100081,100,99883,100,100097,100,99880,100,100101,100,99875,100
2019-06-28 09:31:20.000000000,100035,397,99956,197,100046,197,99952,197,100047,197,99943,197,100055,197,99928,197,100056,197,99925,197,100062,100,99908,100,100065,100,99907,100,100081,100,99883,100,100097,100,99880,100,100101,100,99875,100
2019-06-28 09:31:21.099040643,100035,397,99956,197,100046,197,99952,197,100047,197,99943,197,100055,197,99928,197,100056,197,99925,197,100062,100,99908,100,100065,100,99907,100,100081,100,99883,100,100097,100,99880,100,100101,100,99875,100
2019-06-28 09:31:27.402850388,100035,397,99980,100,100046,197,99956,197,100047,197,99952,197,100055,197,99943,197,100056,197,99928,197,100062,100,99925,197,100065,100,99908,100,100081,100,99907,100,100097,100,99883,100,100101,100,99880,100
2019-06-28 09:31:30.000000000,100035,786,99980,586,100046,100,99956,100,100047,100,99952,100,100055,100,99943,100,100056,100,99928,100,100062,100,99925,100,100065,100,99908,100,100081,100,99907,100,100097,100,99883,100,100101,100,99880,100
2019-06-28 09:31:40.000000000,100035,397,99980,197,100046,197,99956,197,100047,197,99952,197,100055,197,99943,197,100056,197,99928,197,100062,100,99925,100,100065,100,99908,100,100081,100,99907,100,100097,100,99883,100,100101,100,99880,100
2019-06-28 09:31:50.000000000,100035,397,99980,197,100046,197,99956,197,100047,197,99952,197,100055,197,99943,197,100056,197,99928,197,100062,100,99925,100,100065,100,99908,100,100081,100,99907,100,100097,100,99883,100,100101,100,99880,100
2019-06-28 09:32:00.000000000,100035,786,99980,586,100046,100,99956,100,100047,100,99952,100,100055,100,99943,100,100056,100,99928,100,100062,100,99925,100,100065,100,99908,100,100081,100,99907,100,100097,100,99883,100,100101,100,99880,100
2019-06-28 09:32:10.000000000,100035,422,99980,222,100046,222,99956,222,100047,222,99952,222,100055,222,99943,222,100056,100,99928,100,100062,100,99925,100,100065,100,99908,100,100081,100,99907,100,100097,100,99883,100,100101,100,99880,100
2019-06-28 09:32:20.000000000,100035,397,99980,197,100046,197,99956,197,100047,197,99952,197,100055,197,99943,197,100056,197,99928,197,100062,100,99925,100,100065,100,99908,100,100081,100,99907,100,100097,100,99883,100,100101,100,99880,100
2019-06-28 09:32:22.551905381,100035,397,99980,197,100046,197,99956,97,100047,197,99952,197,100055,197,99943,197,100056,197,99928,197,100062,100,99925,100,100065,100,99908,100,100081,100,99907,100,100097,100,99883,100,100101,100,99880,100
2019-06-28 09:32:30.000000000,100035,422,99980,222,100046,222,99952,222,100047,222,99943,222,100055,222,99928,222,100056,100,99925,100,100062,100,99908,100,100065,100,99907,100,100081,100,99883,100,100097,100,99880,100,100101,100,99875,100
2019-06-28 09:32:40.000000000,100035,422,99980,222,100046,222,99952,222,100047,222,99943,222,100055,222,99928,222,100056,100,99925,100,100062,100,99908,100,100065,100,99907,100,100081,100,99883,100,100097,100,99880,100,100101,100,99875,100
2019-06-28 09:32:49.729156018,100035,422,99980,222,100046,222,99952,222,100047,222,99943,222,100055,222,99928,222,100056,100,99925,100,100062,100,99908,100,100065,100,99907,100,100081,100,99883,100,100097,100,99875,100,100101,100,99871,100
2019-06-28 09:32:50.000000000,100035,786,99980,586,100046,100,99952,100,100047,100,99943,100,100055,100,99928,100,100056,100,99925,100,100062,100,99908,100,100065,100,99907,100,100081,100,99883,100,100097,100,99875,100,100101,100,99871,100
2019-06-28 09:33:00.000000000,100035,465,99980,265,100046,260,99952,260,100047,260,99943,260,100055,100,99928,100,100056,100,99925,100,100062,100,99908,100,100065,100,99907,100,100081,100,99883,100,100097,100,99875,100,100101,100,99871,100
2019-06-28 09:33:10.000000000,100035,465,99980,265,100046,260,99952,260,100047,260,99943,260,100055,100,99928,100,100056,100,99925,100,100062,100,99908,100,100065,100,99907,100,100081,100,99883,100,100097,100,99875,100,100101,100,99871,100
2019-06-28 09:33:20.000000000,100035,422,99980,222,100046,222,99952,222,100047,222,99943,222,100055,222,99928,222,100056,100,99925,100,100062,100,99908,100,100065,100,99907,100,100081,100,99883,100,100097,100,99875,100,100101,100,99871,100
2019-06-28 09:33:29.420588502,100035,422,99980,122,100046,222,99952,222,100047,222,99943,222,100055,222,99928,222,100056,100,99925,100,100062,100,99908,100,100065,100,99907,100,100081,100,99883,100,100097,100,99875,100,100101,100,99871,100
2019-06-28 09:33:30.000000000,100035,543,99952,343,100046,343,99943,343,100047,100,99928,100,100055,100,99925,100,100056,100,99908,100,100062,100,99907,100,100065,100,99883,100,100081,100,99875,100,100097,100,99871,100,100101,100,99854,100
2019-06-28 09:33:35.117049156,100035,543,99952,343,100046,343,99943,343,100047,100,99928,100,100055,100,99925,100,100056,100,99908,100,100062,100,99907,100,100081,100,99883,100,100097,100,99875,100,100101,100,99871,100,100118,100,99854,100
2019-06-28 09:33:40.000000000,100035,786,99952,586,100046,100,99943,100,100047,100,99928,100,100055,100,99925,100,100056,100,99908,100,100062,100,99907,100,100081,100,99883,100,100097,100,99875,100,100101,100,99871,100,100118,100,99854,100
2019-06-28 09:33:44.852139091,100035,786,99952,486,100046,100,99943,100,100047,100,99928,100,100055,100,99925,100,100056,100,99908,100,100062,100,99907,100,100081,100,99883,100,100097,100,99875,100,100101,100,99871,100,100118,100,99854,100
2019-06-28 09:33:50.000000000,100035,422,99943,222,100046,222,99928,222,100047,222,99925,222,100055,222,99908,222,100056,100,99907,100,100062,100,99883,100,100081,100,99875,100,100097,100,99871,100,100101,100,99854,100,100118,100,99839,100
2019-06-28 09:34:00.000000000,100035,543,99943,343,100046,343,99928,343,100047,100,99925,100,100055,100,99908,100,100056,100,99907,100,100062,100,99883,100,100081,100,99875,100,100097,100,99871,100,100101,100,99854,100,100118,100,99839,100
2019-06-28 09:34:10.000000000,100035,465,99943,265,100046,260,99928,260,100047,260,99925,260,100055,100,99908,100,100056,100,99907,100,100062,100,99883,100,100081,100,99875,100,100097,100,99871,100,100101,100,99854,100,100118,100,99839,100
2019-06-28 09:34:20.000000000,100035,422,99943,222,100046,222,99928,222,100047,222,99925,222,100055,222,99908,222,100056,100,99907,100,100062,100,99883,100,100081,100,99875,100,100097,100,99871,100,100101,100,99854,100,100118,100,99839,100
2019-06-28 09:34:20.292172680,100035,422,99943,222,100046,222,99928,222,100047,222,99925,222,100055,222,99908,222,100056,100,99907,100,100062,100,99883,100,100081,100,99875,100,100097,100,99871,100,100101,100,99854,100,100118,100,99839,100
2019-06-28 09:34:26.688720399,99980,100,99943,222,100035,422,99928,222,100046,222,99925,222,100047,222,99908,222,100055,222,99907,100,100056,100,99883,100,100062,100,99875,100,100081,100,99871,100,100097,100,99854,100,100101,100,99839,100
2019-06-28 09:34:30.000000000,99980,265,99943,265,100035,460,99928,260,100046,260,99925,260,100047,100,99908,100,100055,100,99907,100,100056,100,99883,100,100062,100,99875,100,100081,100,99871,100,100097,100,99854,100,100101,100,99839,100
2019-06-28 09:34:34.683327180,99980,265,99943,165,100035,460,99928,260,100046,260,99925,260,100047,100,99908,100,100055,100,99907,100,100056,100,99883,100,100062,100,99875,100,100081,100,99871,100,100097,100,99854,100,100101,100,99839,100
2019-06-28 09:34:40.000000000,99980,586,99928,586,100035,300,99925,100,100046,100,99908,100,100047,100,99907,100,100055,100,99883,100,100056,100,99875,100,100062,100,99871,100,100081,100,99854,100,100097,100,99839,100,100101,100,99795,100
2019-06-28 09:34:50.000000000,99980,197,99928,197,100035,397,99925,197,100046,197,99908,197,100047,197,99907,197,100055,197,99883,197,100056,100,99875,100,100062,100,99871,100,100081,100,99854,100,100097,100,99839,100,100101,100,99795,100
2019-06-28 09:34:58.401987582,99980,197,99928,197,100035,397,99925,197,100046,197,99908,197,100047,197,99907,197,100055,197,99883,197,100056,100,99875,100,100062,100,99871,100,100097,100,99854,100,100101,100,99839,100,100118,100,99795,100
2019-06-28 09:34:59.804549859,99952,100,99928,197,99980,197,99925,197,100035,397,99908,197,100046,197,99907,197,100047,197,99883,197,100055,197,99875,100,100056,100,99871,100,100062,100,99854,100,100097,100,99839,100,100101,100,99795,100
2019-06-28 09:35:00.000000000,99952,586,99928,586,99980,100,99925,100,100035,300,99908,100,100046,100,99907,100,100047,100,99883,100,100055,100,99875,100,100056,100,99871,100,100062,100,99854,100,100097,100,99839,100,100101,100,99795,100
2019-06-28 09:35:03.651708806,99952,586,99928,586,99980,100,99925,100,100035,300,99908,100,100046,100,99907,100,100047,100,99883,100,100055,100,99875,100,100056,100,99871,100,100062,100,99854,100,100097,100,99839,100,100101,100,99795,100
2019-06-28 09:35:09.696008247,99952,586,99928,486,99980,100,99925,100,100035,300,99908,100,100046,100,99907,100,100047,100,99883,100,100055,100,99875,100,100056,100,99871,100,100062,100,99854,100,100097,100,99839,100,100101,100,99795,100
2019-06-28 09:35:10.000000000,99952,222,99925,222,99980,222,99908,222,100035,422,99907,222,100046,222,99883,222,100047,100,99875,100,100055,100,99871,100,100056,100,99854,100,100062,100,99839,100,100097,100,99795,100,100101,100,99562,100
2019-06-28 09:35:17.747021485,99952,222,99925,222,99980,222,99908,222,100035,422,99907,222,100046,222,99883,222,100047,100,99875,100,100055,100,99871,100,100056,100,99854,100,100062,100,99839,100,100097,100,99795,100,100101,100,99562,100
2019-06-28 09:35:20.000000000,99952,222,99925,222,99980,222,99908,222,100035,422,99907,222,100046,222,99883,222,100047,100,99875,100,100055,100,99871,100,100056,100,99854,100,100062,100,99839,100,100097,100,99795,100,100101,100,99562,100
2019-06-28 09:35:21.182519851,99943,100,99925,222,99952,222,99908,222,99980,222,99907,222,100035,422,99883,222,100046,222,99875,100,100047,100,99871,100,100055,100,99854,100,100056,100,99839,100,100062,100,99795,100,100097,100,99562,100
2019-06-28 09:35:30.000000000,99943,222,99925,222,99952,222,99908,222,99980,222,99907,222,100035,422,99883,222,100046,100,99875,100,100047,100,99871,100,100055,100,99854,100,100056,100,99839,100,100062,100,99795,100,100097,100,99562,100
2019-06-28 09:35:40.000000000,99943,222,99925,222,99952,222,99908,222,99980,222,99907,222,100035,422,99883,222,100046,100,99875,100,100047,100,99871,100,100055,100,99854,100,100056,100,99839,100,100062,100,99795,100,100097,100,99562,100
2019-06-28 09:35:50.000000000,99943,265,99925,265,99952,260,99908,260,99980,260,99907,260,100035,300,99883,100,100046,100,99875,100,100047,100,99871,100,100055,100,99854,100,100056,100,99839,100,100062,100,99795,100,100097,100,99562,100
2019-06-28 09:35:50.492320427,99943,265,99925,265,99952,260,99908,260,99980,260,99907,260,100035,300,99883,100,100046,100,99875,100,100047,100,99871,100,100055,100,99854,100,100056,100,99839,100,100062,100,99795,100,100097,100,99562,100
2019-06-28 09:35:51.350797475,99943,265,99925,165,99952,260,99908,260,99980,260,99907,260,100035,300,99883,100,100046,100,99875,100,100047,100,99871,100,100055,100,99854,100,100056,100,99839,100,100062,100,99795,100,100097,100,99562,100
2019-06-28 09:35:59.593281593,99943,265,99925,65,99952,260,99908,260,99980,260,99907,260,100035,300,99883,100,100046,100,99875,100,100047,100,99871,100,100055,100,99854,100,100056,100,99839,100,100062,100,99795,100,100097,100,99562,100
2019-06-28 09:36:00.000000000,99943,586,99908,586,99952,100,99907,100,99980,100,99883,100,100035,300,99875,100,100046,100,99871,100,100047,100,99854,100,100055,100,99839,100,100056,100,99795,100,100062,100,99562,100,100097,100,99340,100
2019-06-28 09:36:02.063681444,99943,586,99908,486,99952,100,99907,100,99980,100,99883,100,100035,300,99875,100,100046,100,99871,100,100047,100,99854,100,100055,100,99839,100,100056,100,99795,100,100062,100,99562,100,100097,100,99340,100
2019-06-28 09:36:02.132740945,99943,586,99908,486,99952,100,99907,100,99980,100,99883,100,100035,300,99875,100,100046,100,99871,100,100047,100,99854,100,100055,100,99839,100,100056,100,99795,100,100062,100,99562,100,100097,100,99398,100
2019-06-28 09:36:09.551199114,99943,586,99908,486,99952,100,99907,100,99980,100,99883,100,100035,300,99875,100,100046,100,99871,100,100047,100,99854,100,100055,100,99839,100,100056,100,99795,100,100062,100,99562,100,100097,100,99398,100
2019-06-28 09:36:10.000000000,99943,265,99907,265,99952,260,99883,260,99980,260,99875,260,100035,300,99871,100,100046,100,99854,100,100047,100,99839,100,100055,100,99795,100,100056,100,99562,100,100062,100,99398,100,100097,100,99340,100
2019-06-28 09:36:14.056388873,99943,265,99907,165,99952,260,99883,260,99980,260,99875,260,100035,300,99871,100,100046,100,99854,100,100047,100,99839,100,100055,100,99795,100,100056,100,99562,100,100062,100,99398,100,100097,100,99340,100
2019-06-28 09:36:20.000000000,99943,343,99883,343,99952,343,99875,343,99980,100,99871,100,100035,300,99854,100,100046,100,99839,100,100047,100,99795,100,100055,100,99562,100,100056,100,99398,100,100062,100,99340,100,100097,100,99100,100
2019-06-28 09:36:25.248787460,99943,343,99883,243,99952,343,99875,343,99980,100,99871,100,100035,300,99854,100,100046,100,99839,100,100047,100,99562,100,100055,100,99398,100,100056,100,99340,100,100062,100,99100,100,100097,100,98940,100
2019-06-28 09:36:30.000000000,99943,265,99875,265,99952,260,99871,260,99980,260,99854,260,100035,300,99839,100,100046,100,99562,100,100047,100,99398,100,100055,100,99340,100,100056,100,99100,100,100062,100,98940,100,100097,100,98917,200
2019-06-28 09:36:33.280697605,99943,265,99875,265,99952,260,99871,260,99980,260,99854,260,100035,300,99839,100,100046,100,99562,100,100047,100,99398,100,100055,100,99100,100,100056,100,99009,100,100062,100,98940,100,100097,100,98917,200
2019-06-28 09:36:40.000000000,99943,265,99875,265,99952,260,99871,260,99980,260,99854,260,100035,300,99839,100,100046,100,99562,100,100047,100,99398,100,100055,100,99100,100,100056,100,99009,100,100062,100,98940,100,100097,100,98917,200
2019-06-28 09:36:41.139994371,99943,265,99875,265,99952,260,99871,260,99980,260,99854,260,100035,300,99839,100,100046,100,99562,100,100047,100,99398,100,100055,100,99100,100,100056,100,99070,100,100062,100,99009,100,100097,100,98940,100
2019-06-28 09:36:47.717395695,99943,265,99875,165,99952,260,99871,260,99980,260,99854,160,100035,300,99839,100,100046,100,99562,100,100047,100,99398,100,100055,100,99100,100,100056,100,99070,100,100062,100,99009,100,100097,100,98940,100
2019-06-28 09:36:50.000000000,99943,197,99871,197,99952,197,99839,197,99980,197,99562,197,100035,397,99398,197,100046,197,99100,197,100047,100,99070,100,100055,100,99009,100,100056,100,98940,100,100062,100,98917,200,100097,100,,
2019-06-28 09:36:50.966073549,99943,197,99871,197,99952,197,99839,197,99980,197,99562,197,100035,397,99398,197,100046,197,99198,100,100047,100,99100,197,100055,100,99070,100,100056,100,99009,100,100062,100,98940,100,100097,100,98917,200
2019-06-28 09:37:00.000000000,99943,197,99871,197,99952,197,99839,197,99980,197,99562,197,100035,397,99398,197,100046,197,99198,197,100047,100,99100,100,100055,100,99070,100,100056,100,99009,100,100062,100,98940,100,100097,100,98917,200
2019-06-28 09:37:03.450404863,99943,197,99871,97,99952,197,99839,197,99980,197,99562,97,100035,397,99398,197,100046,197,99198,197,100047,100,99100,100,100055,100,99070,100,100056,100,99009,100,100062,100,98940,100,100097,100,98917,200
2019-06-28 09:37:10.000000000,99943,586,99839,586,99952,100,99398,100,99980,100,99198,100,100035,300,99100,100,100046,100,99070,100,100047,100,99009,100,100055,100,98940,100,100056,100,98917,200,100062,100,,,100097,100,,
2019-06-28 09:37:13.309679578,99875,100,99839,586,99943,586,99398,100,99952,100,99198,100,99980,100,99100,100,100035,300,99070,100,100046,100,99009,100,100047,100,98940,100,100055,100,98917,200,100056,100,,,100062,100,,
2019-06-28 09:37:20.000000000,99875,586,99839,586,99943,100,99398,100,99952,100,99198,100,99980,100,99100,100,100035,300,99070,100,100046,100,99009,100,100047,100,98940,100,100055,100,98917,200,100056,100,,,100062,100,,
2019-06-28 09:37:30.000000000,99875,222,99839,222,99943,222,99398,222,99952,222,99198,222,99980,222,99100,222,100035,300,99070,100,100046,100,99009,100,100047,100,98940,100,100055,100,98917,200,100056,100,,,100062,100,,
2019-06-28 09:37:31.179129487,99875,222,99839,222,99943,222,99459,100,99952,222,99398,222,99980,222,99198,222,100035,300,99100,122,100046,100,99070,100,100047,100,99009,100,100055,100,98940,100,100056,100,98917,200,100062,100,,
2019-06-28 09:37:35.209713821,99875,222,99839,122,99943,222,99459,100,99952,222,99398,222,99980,222,99198,222,100035,300,99100,122,100046,100,99070,100,100047,100,99009,100,100055,100,98940,100,100056,100,98917,200,100062,100,,
2019-06-28 09:37:40.000000000,99875,222,99459,222,99943,222,99398,222,99952,222,99198,222,99980,222,99070,222,100035,300,99009,100,100046,100,98940,100,100047,100,98917,200,100055,100,,,100056,100,,,100062,100,,
2019-06-28 09:37:50.000000000,99875,197,99459,197,99943,197,99398,197,99952,197,99198,197,99980,197,99070,197,100035,397,99009,197,100046,100,98940,100,100047,100,98917,200,100055,100,,,100056,100,,,100062,100,,
2019-06-28 09:38:00.000000000,99875,197,99459,197,99943,197,99398,197,99952,197,99198,197,99980,197,99070,197,100035,397,99009,197,100046,100,98940,100,100047,100,98917,200,100055,100,,,100056,100,,,100062,100,,
2019-06-28 09:38:10.000000000,99875,343,99459,343,99943,343,99398,343,99952,100,99198,100,99980,100,99070,100,100035,300,99009,100,100046,100,98940,100,100047,100,98917,200,100055,100,,,100056,100,,,100062,100,,
2019-06-28 09:38:10.192750607,99875,343,99459,343,99943,343,99398,343,99952,100,99198,100,99980,100,99070,100,100035,300,99009,100,100046,100,98940,100,100047,100,98917,200,100055,100,98768,100,100056,100,,,100062,100,,
2019-06-28 09:38:14.265705820,99875,343,99459,243,99943,343,99398,343,99952,100,99198,100,99980,100,99070,100,100035,300,99009,100,100046,100,98940,100,100047,100,98917,200,100055,100,98768,100,100056,100,,,100062,100,,
2019-06-28 09:38:20.000000000,99875,265,99398,265,99943,260,99198,260,99952,260,99070,260,99980,100,99009,100,100035,300,98940,100,100046,100,98917,200,100047,100,98768,100,100055,100,,,100056,100,,,100062,100,,
2019-06-28 09:38:23.112904712,99875,265,99398,265,99943,260,99198,260,99952,260,99186,100,99980,100,99070,260,100035,300,99009,100,100046,100,98940,100,100047,100,98917,200,100055,100,98768,100,100056,100,,,100062,100,,
2019-06-28 09:38:30.000000000,99875,586,99398,586,99943,100,99198,100,99952,100,99186,100,99980,100,99070,100,100035,300,99009,100,100046,100,98940,100,100047,100,98917,200,100055,100,98768,100,100056,100,,,100062,100,,
2019-06-28 09:38:40.000000000,99875,197,99398,197,99943,197,99198,197,99952,197,99186,197,99980,197,99070,197,100035,397,99009,197,100046,100,98940,100,100047,100,98917,200,100055,100,98768,100,100056,100,,,100062,100,,
2019-06-28 09:38:50.000000000,99875,343,99398,343,99943,343,99198,343,99952,100,99186,100,99980,100,99070,100,100035,300,99009,100,100046,100,98940,100,100047,100,98917,200,100055,100,98768,100,100056,100,,,100062,100,,
2019-06-28 09:38:56.703937148,99839,100,99398,343,99875,343,99198,343,99943,343,99186,100,99952,100,99070,100,99980,100,99009,100,100035,300,98940,100,100046,100,98917,200,100047,100,98768,100,100055,100,,,100056,100,,
2019-06-28 09:39:00.000000000,99839,343,99398,343,99875,343,99198,343,99943,100,99186,100,99952,100,99070,100,99980,100,99009,100,100035,300,98940,100,100046,100,98917,200,100047,100,98768,100,100055,100,,,100056,100,,
2019-06-28 09:39:10.000000000,99839,343,99398,343,99875,343,99198,343,99943,100,99186,100,99952,100,99070,100,99980,100,99009,100,100035,300,98940,100,100046,100,98917,200,100047,100,98768,100,100055,100,,,100056,100,,
2019-06-28 09:39:20.000000000,99839,265,99398,265,99875,260,99198,260,99943,260,99186,260,99952,100,99070,100,99980,100,99009,100,100035,300,98940,100,100046,100,98917,200,100047,100,98768,100,100055,100,,,100056,100,,
2019-06-28 09:39:30.000000000,99839,197,99398,197,99875,197,99198,197,99943,197,99186,197,99952,197,99070,197,99980,197,99009,197,100035,300,98940,100,100046,100,98917,200,100047,100,98768,100,100055,100,,,100056,100,,
2019-06-28 09:39:36.465986398,99839,297,99398,197,99875,197,99198,197,99943,197,99186,197,99952,197,99070,197,99980,197,99009,197,100035,300,98940,100,100046,100,98917,200,100047,100,98768,100,100055,100,,,100056,100,,
2019-06-28 09:39:40.000000000,99839,365,99398,265,99875,260,99198,260,99943,260,99186,260,99952,100,99070,100,99980,100,99009,100,100035,300,98940,100,100046,100,98917,200,100047,100,98768,100,100055,100,,,100056,100,,
2019-06-28 09:39:50.000000000,99839,443,99398,343,99875,343,99198,343,99943,100,99186,100,99952,100,99070,100,99980,100,99009,100,100035,300,98940,100,100046,100,98917,200,100047,100,98768,100,100055,100,,,100056,100,,
2019-06-28 09:40:00.000000000,99839,686,99398,586,99875,100,99198,100,99943,100,99186,100,99952,100,99070,100,99980,100,99009,100,100035,300,98940,100,100046,100,98917,200,100047,100,98768,100,100055,100,,,100056,100,,
2019-06-28 09:40:00.242221431,99611,100,99398,586,99839,686,99198,100,99875,100,99186,100,99943,100,99070,100,99952,100,99009,100,99980,100,98940,100,100035,300,98917,200,100046,100,98768,100,100047,100,,,100055,100,,
2019-06-28 09:40:07.931610073,99839,686,99398,586,99875,100,99198,100,99943,100,99186,100,99952,100,99070,100,99980,100,99009,100,100035,300,98940,100,100046,100,98917,200,100047,100,98768,100,100055,100,,,100056,100,,
2019-06-28 09:40:10.000000000,99839,365,99398,265,99875,260,99198,260,99943,260,99186,260,99952,100,99070,100,99980,100,99009,100,100035,300,98940,100,100046,100,98917,200,100047,100,98768,100,100055,100,,,100056,100,,
2019-06-28 09:40:20.000000000,99839,686,99398,586,99875,100,99198,100,99943,100,99186,100,99952,100,99070,100,99980,100,99009,100,100035,300,98940,100,100046,100,98917,200,100047,100,98768,100,100055,100,,,100056,100,,
2019-06-28 09:40:30.000000000,99839,297,99398,197,99875,197,99198,197,99943,197,99186,197,99952,197,99070,197,99980,197,99009,197,100035,300,98940,100,100046,100,98917,200,100047,100,98768,100,100055,100,,,100056,100,,
2019-06-28 09:40:33.000911399,99839,297,99460,100,99875,197,99398,197,99943,197,99198,197,99952,197,99186,197,99980,197,99070,197,100035,300,99009,197,100046,100,98940,100,100047,100,98917,200,100055,100,98768,100,100056,100,,
2019-06-28 09:40:40.000000000,99839,322,99460,222,99875,222,99398,222,99943,222,99198,222,99952,222,99186,222,99980,100,99070,100,100035,300,99009,100,100046,100,98940,100,100047,100,98917,200,100055,100,98768,100,100056,100,,
2019-06-28 09:40:44.284870283,99839,322,99769,100,99875,222,99460,222,99943,222,99398,222,99952,222,99198,222,99980,100,99186,222,100035,300,99070,100,100046,100,99009,100,100047,100,98940,100,100055,100,98917,200,100056,100,98768,100
2019-06-28 09:40:50.000000000,99839,686,99769,586,99875,100,99460,100,99943,100,99398,100,99952,100,99198,100,99980,100,99186,100,100035,300,99070,100,100046,100,99009,100,100047,100,98940,100,100055,100,98917,200,100056,100,98768,100
2019-06-28 09:40:51.637374628,99839,686,99769,486,99875,100,99460,100,99943,100,99398,100,99952,100,99186,100,99980,100,99070,100,100035,300,99009,100,100046,100,98940,100,100047,100,98917,200,100055,100,98768,100,100056,100,,
2019-06-28 09:41:00.000000000,99839,322,99460,222,99875,222,99398,222,99943,222,99186,222,99952,222,99070,222,99980,100,99009,100,100035,300,98940,100,100046,100,98917,200,100047,100,98768,100,100055,100,,,100056,100,,
2019-06-28 09:41:09.213439677,99839,322,99748,100,99875,222,99460,222,99943,222,99398,222,99952,222,99186,222,99980,100,99070,222,100035,300,99009,100,100046,100,98940,100,100047,100,98917,200,100055,100,98768,100,100056,100,,
2019-06-28 09:41:10.000000000,99839,686,99748,586,99875,100,99460,100,99943,100,99398,100,99952,100,99186,100,99980,100,99070,100,100035,300,99009,100,100046,100,98940,100,100047,100,98917,200,100055,100,98768,100,100056,100,,
2019-06-28 09:41:11.091217766,99818,100,99748,586,99839,686,99460,100,99875,100,99398,100,99943,100,99186,100,99952,100,99070,100,99980,100,99009,100,100035,300,98940,100,100046,100,98917,200,100047,100,98768,100,100055,100,,
2019-06-28 09:41:16.262779763,99818,100,99748,586,99839,686,99675,100,99875,100,99460,100,99943,100,99398,100,99952,100,99186,100,99980,100,99070,100,100035,300,99009,100,100046,100,98940,100,100047,100,98917,200,100055,100,98768,100
2019-06-28 09:41:18.814100614,99818,100,99748,586,99836,100,99675,100,99839,686,99460,100,99875,100,99398,100,99943,100,99186,100,99952,100,99070,100,99980,100,99009,100,100035,300,98940,100,100046,100,98917,200,100047,100,98768,100
2019-06-28 09:41:19.379188838,99836,100,99748,586,99839,686,99675,100,99875,100,99460,100,99943,100,99398,100,99952,100,99186,100,99980,100,99070,100,100035,300,99009,100,100046,100,98940,100,100047,100,98917,200,100055,100,98768,100
2019-06-28 09:41:20.000000000,99836,343,99748,343,99839,443,99675,343,99875,100,99460,100,99943,100,99398,100,99952,100,99186,100,99980,100,99070,100,100035,300,99009,100,100046,100,98940,100,100047,100,98917,200,100055,100,98768,100
2019-06-28 09:41:24.917571585,99836,343,99748,343,99839,443,99675,343,99875,100,99460,100,99943,100,99426,100,99952,100,99398,100,99980,100,99186,100,100035,300,99070,100,100046,100,99009,100,100047,100,98940,100,100055,100,98917,200
2019-06-28 09:41:30.000000000,99836,343,99748,343,99839,443,99675,343,99875,100,99460,100,99943,100,99426,100,99952,100,99398,100,99980,100,99186,100,100035,300,99070,100,100046,100,99009,100,100047,100,98940,100,100055,100,98917,200
2019-06-28 09:41:32.105590368,99836,343,99748,343,99839,443,99675,343,99875,100,99460,100,99943,100,99426,100,99952,100,99398,100,99980,100,99391,100,100035,300,99186,100,100046,100,99070,100,100047,100,99009,100,100055,100,98940,100
2019-06-28 09:41:40.000000000,99836,586,99748,586,99839,200,99675,100,99875,100,99460,100,99943,100,99426,100,99952,100,99398,100,99980,100,99391,100,100035,300,99186,100,100046,100,99070,100,100047,100,99009,100,100055,100,98940,100
2019-06-28 09:41:41.162157002,99818,100,99748,586,99836,586,99675,100,99839,200,99460,100,99875,100,99426,100,99943,100,99398,100,99980,100,99391,100,100035,300,99186,100,100046,100,99070,100,100047,100,99009,100,100055,100,98940,100
2019-06-28 09:41:50.000000000,99818,222,99748,222,99836,222,99675,222,99839,322,99460,222,99875,222,99426,222,99943,100,99398,100,99980,100,99391,100,100035,300,99186,100,100046,100,99070,100,100047,100,99009,100,100055,100,98940,100
2019-06-28 09:42:00.000000000,99818,265,99748,265,99836,260,99675,260,99839,360,99460,260,99875,100,99426,100,99943,100,99398,100,99980,100,99391,100,100035,300,99186,100,100046,100,99070,100,100047,100,99009,100,100055,100,98940,100
2019-06-28 09:42:10.000000000,99818,265,99748,265,99836,260,99675,260,99839,360,99460,260,99875,100,99426,100,99943,100,99398,100,99980,100,99391,100,100035,300,99186,100,100046,100,99070,100,100047,100,99009,100,100055,100,98940,100
2019-06-28 09:42:19.362539083,99818,265,99748,265,99836,260,99675,260,99839,360,99460,260,99875,100,99426,100,99943,100,99398,100,99980,100,99391,100,100035,200,99186,100,100046,100,99070,100,100047,100,99009,100,100055,100,98940,100
2019-06-28 09:42:20.000000000,99818,222,99748,222,99836,222,99675,222,99839,322,99460,222,99875,222,99426,222,99943,100,99398,100,99980,100,99391,100,100035,200,99186,100,100046,100,99070,100,100047,100,99009,100,100055,100,98940,100
2019-06-28 09:42:22.639729372,99818,222,99748,222,99836,222,99675,222,99839,322,99460,222,99875,222,99426,222,99943,100,99398,100,99980,100,99391,100,100035,200,99186,100,100047,100,99070,100,100055,100,99009,100,100056,100,98940,100
2019-06-28 09:42:30.000000000,99818,586,99748,586,99836,100,99675,100,99839,200,99460,100,99875,100,99426,100,99943,100,99398,100,99980,100,99391,100,100035,200,99186,100,100047,100,99070,100,100055,100,99009,100,100056,100,98940,100
2019-06-28 09:42:32.949394386,99818,486,99748,586,99836,100,99675,100,99839,200,99460,100,99875,100,99426,100,99943,100,99398,100,99980,100,99391,100,100035,200,99186,100,100047,100,99070,100,100055,100,99009,100,100056,100,98940,100
2019-06-28 09:42:40.000000000,99836,265,99748,265,99839,360,99675,260,99875,260,99460,260,99943,100,99426,100,99980,100,99398,100,100035,200,99391,100,100047,100,99186,100,100055,100,99070,100,100056,100,99009,100,100097,100,98940,100
2019-06-28 09:42:45.854357502,99836,165,99748,265,99839,360,99675,260,99875,260,99460,260,99943,100,99426,100,99980,100,99398,100,100035,200,99391,100,100047,100,99186,100,100055,100,99070,100,100056,100,99009,100,100097,100,98940,100
2019-06-28 09:42:50.000000000,99839,297,99748,197,99875,197,99675,197,99943,197,99460,197,99980,197,99426,197,100035,297,99398,197,100047,100,99391,100,100055,100,99186,100,100056,100,99070,100,100097,100,99009,100,100101,100,98940,100
2019-06-28 09:43:00.000000000,99839,686,99748,586,99875,100,99675,100,99943,100,99460,100,99980,100,99426,100,100035,200,99398,100,100047,100,99391,100,100055,100,99186,100,100056,100,99070,100,100097,100,99009,100,100101,100,98940,100
2019-06-28 09:43:10.000000000,99839,686,99748,586,99875,100,99675,100,99943,100,99460,100,99980,100,99426,100,100035,200,99398,100,100047,100,99391,100,100055,100,99186,100,100056,100,99070,100,100097,100,99009,100,100101,100,98940,100
2019-06-28 09:43:11.602443138,99839,686,99748,586,99875,100,99675,100,99943,100,99460,100,99980,100,99426,100,100035,200,99398,100,100047,100,99391,100,100055,100,99186,100,100056,100,99070,100,100097,100,99009,100,100101,100,98940,100
2019-06-28 09:43:15.674912420,99839,686,99748,586,99875,100,99675,100,99943,100,99460,100,99980,100,99426,100,100035,200,99398,100,100047,100,99391,100,100055,100,99186,100,100056,100,99070,100,100097,100,99009,100,100101,100,98940,100
2019-06-28 09:43:16.622347511,99839,686,99748,586,99875,100,99675,100,99943,100,99460,100,99980,100,99426,100,100035,200,99398,100,100047,100,99391,100,100055,100,99186,100,100056,100,99070,100,100097,100,99009,100,100101,100,98940,100
2019-06-28 09:43:20.000000000,99839,686,99748,586,99875,100,99675,100,99943,100,99460,100,99980,100,99426,100,100035,200,99398,100,100047,100,99391,100,100055,100,99186,100,100056,100,99070,100,100097,100,99009,100,100101,100,98940,100
2019-06-28 09:43:24.658331953,99839,686,99748,586,99875,100,99675,100,99943,100,99460,100,99980,100,99426,100,100035,200,99398,100,100047,100,99391,100,100055,100,99186,100,100056,100,99070,100,100097,100,99009,100,100101,100,98940,100
2019-06-28 09:43:30.000000000,99839,322,99748,222,99875,222,99675,222,99943,222,99460,222,99980,222,99426,222,100035,200,99398,100,100047,100,99391,100,100055,100,99186,100,100056,100,99070,100,100097,100,99009,100,100101,100,98940,100
2019-06-28 09:43:40.000000000,99839,686,99748,586,99875,100,99675,100,99943,100,99460,100,99980,100,99426,100,100035,200,99398,100,100047,100,99391,100,100055,100,99186,100,100056,100,99070,100,100097,100,99009,100,100101,100,98940,100
2019-06-28 09:43:50.000000000,99839,322,99748,222,99875,222,99675,222,99943,222,99460,222,99980,222,99426,222,100035,200,99398,100,100047,100,99391,100,100055,100,99186,100,100056,100,99070,100,100097,100,99009,100,100101,100,98940,100
2019-06-28 09:43:53.636083377,99839,322,99748,222,99875,222,99675,222,99943,222,99460,222,99980,222,99426,222,100035,200,99398,100,100047,100,99391,100,100055,100,99186,100,100056,100,99070,100,100097,100,98940,100,100101,100,98917,100
2019-06-28 09:44:00.000000000,99839,365,99748,265,99875,260,99675,260,99943,260,99460,260,99980,100,99426,100,100035,200,99398,100,100047,100,99391,100,100055,100,99186,100,100056,100,99070,100,100097,100,98940,100,100101,100,98917,100
2019-06-28 09:44:10.000000000,99839,365,99748,265,99875,260,99675,260,99943,260,99460,260,99980,100,99426,100,100035,200,99398,100,100047,100,99391,100,100055,100,99186,100,100056,100,99070,100,100097,100,98940,100,100101,100,98917,100
2019-06-28 09:44:15.282912028,99839,265,99748,265,99875,260,99675,260,99943,260,99460,260,99980,100,99426,100,100035,200,99398,100,100047,100,99391,100,100055,100,99186,100,100056,100,99070,100,100097,100,98940,100,100101,100,98917,100
2019-06-28 09:44:20.000000000,99839,197,99748,197,99875,197,99675,197,99943,197,99460,197,99980,197,99426,197,100035,297,99398,197,100047,100,99391,100,100055,100,99186,100,100056,100,99070,100,100097,100,98940,100,100101,100,98917,100
2019-06-28 09:44:26.572580217,99839,97,99748,197,99875,197,99675,197,99943,197,99460,197,99980,197,99426,197,100035,297,99398,197,100047,100,99391,100,100055,100,99186,100,100097,100,99070,100,100101,100,98940,100,100118,100,98917,100
2019-06-28 09:44:30.000000000,99875,197,99748,197,99943,197,99675,197,99980,197,99460,197,100035,297,99426,197,100047,197,99398,197,100055,100,99391,100,100097,100,99186,100,100101,100,99070,100,100118,100,98940,100,100182,100,98917,100
2019-06-28 09:44:40.000000000,99875,265,99748,265,99943,260,99675,260,99980,260,99460,260,100035,200,99426,100,100047,100,99398,100,100055,100,99391,100,100097,100,99186,100,100101,100,99070,100,100118,100,98940,100,100182,100,98917,100
2019-06-28 09:44:42.950030980,99875,265,99748,265,99943,260,99675,260,99980,260,99460,260,100035,200,99426,100,100047,100,99398,100,100055,100,99391,100,100097,100,99186,100,100101,100,99070,100,100118,100,98940,100,100182,100,98917,100
2019-06-28 09:44:50.000000000,99875,197,99748,197,99943,197,99675,197,99980,197,99460,197,100035,297,99426,197,100047,197,99398,197,100055,100,99391,100,100097,100,99186,100,100101,100,99070,100,100118,100,98940,100,100182,100,98917,100
2019-06-28 09:44:56.988218646,99875,197,99836,100,99943,197,99748,197,99980,197,99675,197,100035,297,99460,197,100047,197,99426,197,100055,100,99398,197,100097,100,99391,100,100101,100,99186,100,100118,100,99070,100,100182,100,98940,100
2019-06-28 09:45:00.000000000,99875,222,99836,222,99943,222,99748,222,99980,222,99675,222,100035,322,99460,222,100047,100,99426,100,100055,100,99398,100,100097,100,99391,100,100101,100,99186,100,100118,100,99070,100,100182,100,98940,100
2019-06-28 09:45:10.000000000,99875,265,99836,265,99943,260,99748,260,99980,260,99675,260,100035,200,99460,100,100047,100,99426,100,100055,100,99398,100,100097,100,99391,100,100101,100,99186,100,100118,100,99070,100,100182,100,98940,100
2019-06-28 09:45:19.847601805,99875,265,99836,265,99943,260,99748,260,99980,260,99675,260,100035,200,99460,100,100047,100,99426,100,100055,100,99398,100,100097,100,99391,100,100101,100,99186,100,100118,100,99070,100,100182,100,98940,100
2019-06-28 09:45:20.000000000,99875,197,99836,197,99943,197,99748,197,99980,197,99675,197,100035,297,99460,197,100047,197,99426,197,100055,100,99398,100,100097,100,99391,100,100101,100,99186,100,100118,100,99070,100,100182,100,98940,100
2019-06-28 09:45:30.000000000,99875,265,99836,265,99943,260,99748,260,99980,260,99675,260,100035,200,99460,100,100047,100,99426,100,100055,100,99398,100,100097,100,99391,100,100101,100,99186,100,100118,100,99070,100,100182,100,98940,100
2019-06-28 09:45:39.900042180,99875,265,99836,165,99943,260,99748,260,99980,260,99675,260,100035,200,99460,100,100047,100,99426,100,100055,100,99398,100,100097,100,99391,100,100101,100,99186,100,100118,100,99070,100,100182,100,98940,100
2019-06-28 09:45:40.000000000,99875,197,99748,197,99943,197,99675,197,99980,197,99460,197,100035,297,99426,197,100047,197,99398,197,100055,100,99391,100,100097,100,99186,100,100101,100,99070,100,100118,100,98940,100,100182,100,98917,100
2019-06-28 09:45:50.000000000,99875,197,99748,197,99943,197,99675,197,99980,197,99460,197,100035,297,99426,197,100047,197,99398,197,100055,100,99391,100,100097,100,99186,100,100101,100,99070,100,100118,100,98940,100,100182,100,98917,100
2019-06-28 09:46:00.000000000,99875,343,99748,343,99943,343,99675,343,99980,100,99460,100,100035,200,99426,100,100047,100,99398,100,100055,100,99391,100,100097,100,99186,100,100101,100,99070,100,100118,100,98940,100,100182,100,98917,100
2019-06-28 09:46:10.000000000,99875,343,99748,343,99943,343,99675,343,99980,100,99460,100,100035,200,99426,100,100047,100,99398,100,100055,100,99391,100,100097,100,99186,100,100101,100,99070,100,100118,100,98940,100,100182,100,98917,100
2019-06-28 09:46:12.282531914,99875,343,99836,100,99943,343,99748,343,99980,100,99675,343,100035,200,99426,100,100047,100,99398,100,100055,100,99391,100,100097,100,99186,100,100101,100,99070,100,100118,100,98940,100,100182,100,98917,100
2019-06-28 09:46:20.000000000,99875,265,99836,265,99943,260,99748,260,99980,260,99675,260,100035,200,99426,100,100047,100,99398,100,100055,100,99391,100,100097,100,99186,100,100101,100,99070,100,100118,100,98940,100,100182,100,98917,100
2019-06-28 09:46:30.000000000,99875,586,99836,586,99943,100,99748,100,99980,100,99675,100,100035,200,99426,100,100047,100,99398,100,100055,100,99391,100,100097,100,99186,100,100101,100,99070,100,100118,100,98940,100,100182,100,98917,100
2019-06-28 09:46:40.000000000,99875,265,99836,265,99943,260,99748,260,99980,260,99675,260,100035,200,99426,100,100047,100,99398,100,100055,100,99391,100,100097,100,99186,100,100101,100,99070,100,100118,100,98940,100,100182,100,98917,100
2019-06-28 09:46:48.960974288,99875,265,99836,265,99943,260,99748,260,99980,260,99675,260,100035,100,99426,100,100047,100,99398,100,100055,100,99391,100,100097,100,99186,100,100101,100,99070,100,100118,100,98940,100,100182,100,98917,100
2019-06-28 09:46:50.000000000,99875,586,99836,586,99943,100,99748,100,99980,100,99675,100,100035,100,99426,100,100047,100,99398,100,100055,100,99391,100,100097,100,99186,100,100101,100,99070,100,100118,100,98940,100,100182,100,98917,100
2019-06-28 09:47:00.000000000,99875,343,99836,343,99943,343,99748,343,99980,100,99675,100,100035,100,99426,100,100047,100,99398,100,100055,100,99391,100,100097,100,99186,100,100101,100,99070,100,100118,100,98940,100,100182,100,98917,100
2019-06-28 09:47:10.000000000,99875,586,99836,586,99943,100,99748,100,99980,100,99675,100,100035,100,99426,100,100047,100,99398,100,100055,100,99391,100,100097,100,99186,100,100101,100,99070,100,100118,100,98940,100,100182,100,98917,100
2019-06-28 09:47:11.150657564,99875,586,99836,586,99943,100,99748,100,99980,100,99675,100,100035,100,99426,100,100047,100,99398,100,100055,100,99391,100,100097,100,99274,100,100101,100,99186,100,100118,100,99070,100,100182,100,98940,100
2019-06-28 09:47:20.000000000,99875,586,99836,586,99943,100,99748,100,99980,100,99675,100,100035,100,99426,100,100047,100,99398,100,100055,100,99391,100,100097,100,99274,100,100101,100,99186,100,100118,100,99070,100,100182,100,98940,100
2019-06-28 09:47:20.103339228,99875,586,99836,586,99943,100,99748,100,99980,100,99675,100,100035,100,99426,100,100047,100,99398,100,100055,100,99391,100,100097,100,99310,100,100101,100,99274,100,100118,100,99186,100,100182,100,99070,100
2019-06-28 09:47:28.952047776,99875,586,99836,486,99943,100,99748,100,99980,100,99675,100,100035,100,99426,100,100047,100,99398,100,100055,100,99391,100,100097,100,99310,100,100101,100,99274,100,100118,100,99186,100,100182,100,99070,100
2019-06-28 09:47:30.000000000,99875,586,99748,586,99943,100,99675,100,99980,100,99426,100,100035,100,99398,100,100047,100,99391,100,100055,100,99310,100,100097,100,99274,100,100101,100,99186,100,100118,100,99070,100,100182,100,98940,100
2019-06-28 09:47:40.000000000,99875,197,99748,197,99943,197,99675,197,99980,197,99426,197,100035,197,99398,197,100047,197,99391,197,100055,100,99310,100,100097,100,99274,100,100101,100,99186,100,100118,100,99070,100,100182,100,98940,100
2019-06-28 09:47:50.000000000,99875,265,99748,265,99943,260,99675,260,99980,260,99426,260,100035,100,99398,100,100047,100,99391,100,100055,100,99310,100,100097,100,99274,100,100101,100,99186,100,100118,100,99070,100,100182,100,98940,100
2019-06-28 09:48:00.000000000,99875,265,99748,265,99943,260,99675,260,99980,260,99426,260,100035,100,99398,100,100047,100,99391,100,100055,100,99310,100,100097,100,99274,100,100101,100,99186,100,100118,100,99070,100,100182,100,98940,100
2019-06-28 09:48:10.000000000,99875,343,99748,343,99943,343,99675,343,99980,100,99426,100,100035,100,99398,100,100047,100,99391,100,100055,100,99310,100,100097,100,99274,100,100101,100,99186,100,100118,100,99070,100,100182,100,98940,100
2019-06-28 09:48:12.026982675,99875,243,99748,343,99943,343,99675,343,99980,100,99426,100,100035,100,99398,100,100047,100,99391,100,100055,100,99310,100,100097,100,99186,100,100101,100,99070,100,100118,100,98940,100,100182,100,98917,100
2019-06-28 09:48:20.000000000,99943,265,99748,265,99980,260,99675,260,100035,260,99426,260,100047,100,99398,100,100055,100,99391,100,100097,100,99310,100,100101,100,99186,100,100118,100,99070,100,100182,100,98940,100,100184,100,98917,100
2019-06-28 09:48:21.711551970,99943,165,99748,265,99980,260,99675,260,100035,260,99426,260,100047,100,99398,100,100055,100,99391,100,100097,100,99310,100,100101,100,99186,100,100118,100,99070,100,100182,100,98940,100,100184,100,98917,100
2019-06-28 09:48:28.311186230,99943,165,99748,265,99980,260,99675,260,100035,260,99426,260,100047,100,99398,100,100055,100,99391,100,100101,100,99310,100,100118,100,99186,100,100169,100,99070,100,100182,100,98940,100,100184,100,98917,100
2019-06-28 09:48:30.000000000,99980,222,99748,222,100035,222,99675,222,100047,222,99426,222,100055,222,99398,222,100101,100,99391,100,100118,100,99310,100,100169,100,99186,100,100182,100,99070,100,100184,100,98940,100,100269,100,98917,100
2019-06-28 09:48:35.868332636,99980,222,99875,100,100035,222,99748,222,100047,222,99675,222,100055,222,99426,222,100101,100,99398,222,100118,100,99391,100,100169,100,99310,100,100182,100,99186,100,100184,100,99070,100,100269,100,98940,100
2019-06-28 09:48:40.000000000,99980,265,99875,265,100035,260,99748,260,100047,260,99675,260,100055,100,99426,100,100101,100,99398,100,100118,100,99391,100,100169,100,99310,100,100182,100,99186,100,100184,100,99070,100,100269,100,98940,100
2019-06-28 09:48:42.857402631,99980,265,99875,265,100035,260,99748,260,100047,260,99675,260,100055,100,99426,100,100101,100,99398,100,100118,100,99391,100,100169,100,99310,100,100182,100,99186,100,100183,100,99070,100,100184,100,98940,100
2019-06-28 09:48:43.589922174,99980,165,99875,265,100035,260,99748,260,100047,260,99675,260,100055,100,99426,100,100101,100,99398,100,100118,100,99391,100,100169,100,99310,100,100182,100,99186,100,100183,100,98940,100,100184,100,98917,100
2019-06-28 09:48:44.576961774,99980,65,99875,265,100035,260,99748,260,100047,260,99675,260,100055,100,99426,100,100101,100,99398,100,100118,100,99391,100,100169,100,99310,100,100182,100,99186,100,100183,100,98940,100,100184,100,98917,100
2019-06-28 09:48:50.000000000,100035,222,99875,222,100047,222,99748,222,100055,222,99675,222,100101,222,99426,222,100118,100,99398,100,100169,100,99391,100,100182,100,99310,100,100183,100,99186,100,100184,100,98940,100,100269,100,98917,100
2019-06-28 09:49:00.000000000,100035,197,99875,197,100047,197,99748,197,100055,197,99675,197,100101,197,99426,197,100118,197,99398,197,100169,100,99391,100,100182,100,99310,100,100183,100,99186,100,100184,100,98940,100,100269,100,98917,100
2019-06-28 09:49:10.000000000,100035,586,99875,586,100047,100,99748,100,100055,100,99675,100,100101,100,99426,100,100118,100,99398,100,100169,100,99391,100,100182,100,99310,100,100183,100,99186,100,100184,100,98940,100,100269,100,98917,100
2019-06-28 09:49:20.000000000,100035,265,99875,265,100047,260,99748,260,100055,260,99675,260,100101,100,99426,100,100118,100,99398,100,100169,100,99391,100,100182,100,99310,100,100183,100,99186,100,100184,100,98940,100,100269,100,98917,100
2019-06-28 09:49:30.000000000,100035,197,99875,197,100047,197,99748,197,100055,197,99675,197,100101,197,99426,197,100118,197,99398,197,100169,100,99391,100,100182,100,99310,100,100183,100,99186,100,100184,100,98940,100,100269,100,98917,100
2019-06-28 09:49:37.886885547,99979,100,99875,97,100035,197,99748,197,100047,197,99675,197,100055,197,99426,197,100101,197,99398,197,100118,197,99391,100,100169,100,99310,100,100182,100,99186,100,100183,100,98940,100,100184,100,98917,100
2019-06-28 09:49:40.000000000,99979,343,99748,343,100035,343,99675,343,100047,100,99426,100,100055,100,99398,100,100101,100,99391,100,100118,100,99310,100,100169,100,99186,100,100182,100,98940,100,100183,100,98917,100,100184,100,98768,100
2019-06-28 09:49:46.479568007,99979,343,99748,343,100035,343,99675,343,100047,100,99614,100,100055,100,99426,100,100101,100,99398,100,100118,100,99391,100,100169,100,99310,100,100182,100,99186,100,100183,100,98940,100,100184,100,98917,100
2019-06-28 09:49:50.000000000,99979,222,99748,222,100035,222,99675,222,100047,222,99614,222,100055,222,99426,222,100101,100,99398,100,100118,100,99391,100,100169,100,99310,100,100182,100,99186,100,100183,100,98940,100,100184,100,98917,100
2019-06-28 09:49:56.353860422,99979,222,99748,222,100035,222,99675,222,100047,222,99614,222,100055,122,99535,100,100101,100,99426,222,100118,100,99398,100,100169,100,99391,100,100182,100,99310,100,100183,100,99186,100,100184,100,98940,100
2019-06-28 09:50:00.000000000,99979,222,99748,222,100035,222,99675,222,100047,222,99614,222,100101,222,99535,222,100118,100,99426,100,100169,100,99398,100,100182,100,99391,100,100183,100,99310,100,100184,100,99186,100,100269,100,98940,100
2019-06-28 09:50:02.704060278,99979,222,99748,222,100035,222,99675,222,100047,222,99618,100,100101,222,99614,222,100118,100,99535,222,100169,100,99426,100,100182,100,99398,100,100184,100,99391,100,100269,100,99310,100,100496,100,99186,100
2019-06-28 09:50:05.092071307,99979,222,99748,222,100035,222,99675,222,100047,222,99618,100,100101,222,99614,222,100118,100,99549,100,100169,100,99535,222,100182,100,99426,100,100184,100,99398,100,100269,100,99391,100,100496,100,99310,100
2019-06-28 09:50:10.000000000,99979,586,99748,586,100035,100,99675,100,100047,100,99618,100,100101,100,99614,100,100118,100,99549,100,100169,100,99535,100,100182,100,99426,100,100184,100,99398,100,100269,100,99391,100,100496,100,99310,100
2019-06-28 09:50:11.549663061,99766,100,99748,586,99979,586,99675,100,100035,100,99618,100,100047,100,99614,100,100101,100,99549,100,100118,100,99535,100,100169,100,99426,100,100182,100,99398,100,100184,100,99391,100,100269,100,99310,100
2019-06-28 09:50:20.000000000,99766,343,99748,343,99979,343,99675,343,100035,100,99618,100,100047,100,99614,100,100101,100,99549,100,100118,100,99535,100,100169,100,99426,100,100182,100,99398,100,100184,100,99391,100,100269,100,99310,100
2019-06-28 09:50:23.064941974,99766,343,99748,243,99979,343,99675,343,100035,100,99618,100,100047,100,99614,100,100101,100,99549,100,100118,100,99535,100,100169,100,99426,100,100182,100,99398,100,100184,100,99391,100,100269,100,99310,100
2019-06-28 09:50:26.267662222,99766,343,99748,243,99979,343,99675,343,100035,100,99618,100,100047,100,99614,100,100101,100,99549,100,100118,100,99535,100,100169,100,99426,100,100182,100,99398,100,100184,100,99391,100,100269,100,99362,100
2019-06-28 09:50:30.000000000,99766,265,99675,265,99979,260,99618,260,100035,260,99614,260,100047,100,99549,100,100101,100,99535,100,100118,100,99426,100,100169,100,99398,100,100182,100,99391,100,100184,100,99362,100,100269,100,99310,100
2019-06-28 09:50:40.000000000,99766,586,99675,586,99979,100,99618,100,100035,100,99614,100,100047,100,99549,100,100101,100,99535,100,100118,100,99426,100,100169,100,99398,100,100182,100,99391,100,100184,100,99362,100,100269,100,99310,100
2019-06-28 09:50:50.000000000,99766,222,99675,222,99979,222,99618,222,100035,222,99614,222,100047,222,99549,222,100101,100,99535,100,100118,100,99426,100,100169,100,99398,100,100182,100,99391,100,100184,100,99362,100,100269,100,99310,100
2019-06-28 09:50:59.872611822,99766,222,99675,222,99979,222,99618,222,100035,222,99614,222,100047,222,99549,222,100101,100,99535,100,100118,100,99398,100,100169,100,99391,100,100182,100,99362,100,100184,100,99310,100,100269,100,99186,100
2019-06-28 09:51:00.000000000,99766,265,99675,265,99979,260,99618,260,100035,260,99614,260,100047,100,99549,100,100101,100,99535,100,100118,100,99398,100,100169,100,99391,100,100182,100,99362,100,100184,100,99310,100,100269,100,99186,100
2019-06-28 09:51:10.000000000,99766,586,99675,586,99979,100,99618,100,100035,100,99614,100,100047,100,99549,100,100101,100,99535,100,100118,100,99398,100,100169,100,99391,100,100182,100,99362,100,100184,100,99310,100,100269,100,99186,100
2019-06-28 09:51:20.000000000,99766,343,99675,343,99979,343,99618,343,100035,100,99614,100,100047,100,99549,100,100101,100,99535,100,100118,100,99398,100,100169,100,99391,100,100182,100,99362,100,100184,100,99310,100,100269,100,99186,100
2019-06-28 09:51:30.000000000,99766,265,99675,265,99979,260,99618,260,100035,260,99614,260,100047,100,99549,100,100101,100,99535,100,100118,100,99398,100,100169,100,99391,100,100182,100,99362,100,100184,100,99310,100,100269,100,99186,100
2019-06-28 09:51:34.616298081,99765,100,99675,265,99766,265,99618,260,99979,260,99614,260,100035,260,99549,100,100047,100,99535,100,100101,100,99398,100,100118,100,99391,100,100169,100,99362,100,100182,100,99310,100,100184,100,99186,100
2019-06-28 09:51:40.000000000,99765,197,99675,197,99766,197,99618,197,99979,197,99614,197,100035,197,99549,197,100047,197,99535,197,100101,100,99398,100,100118,100,99391,100,100169,100,99362,100,100182,100,99310,100,100184,100,99186,100
2019-06-28 09:51:50.000000000,99765,586,99675,586,99766,100,99618,100,99979,100,99614,100,100035,100,99549,100,100047,100,99535,100,100101,100,99398,100,100118,100,99391,100,100169,100,99362,100,100182,100,99310,100,100184,100,99186,100
2019-06-28 09:52:00.000000000,99765,586,99675,586,99766,100,99618,100,99979,100,99614,100,100035,100,99549,100,100047,100,99535,100,100101,100,99398,100,100118,100,99391,100,100169,100,99362,100,100182,100,99310,100,100184,100,99186,100
2019-06-28 09:52:10.000000000,99765,343,99675,343,99766,343,99618,343,99979,100,99614,100,100035,100,99549,100,100047,100,99535,100,100101,100,99398,100,100118,100,99391,100,100169,100,99362,100,100182,100,99310,100,100184,100,99186,100
2019-06-28 09:52:20.000000000,99765,343,99675,343,99766,343,99618,343,99979,100,99614,100,100035,100,99549,100,100047,100,99535,100,100101,100,99398,100,100118,100,99391,100,100169,100,99362,100,100182,100,99310,100,100184,100,99186,100
2019-06-28 09:52:30.000000000,99765,343,99675,343,99766,343,99618,343,99979,100,99614,100,100035,100,99549,100,100047,100,99535,100,100101,100,99398,100,100118,100,99391,100,100169,100,99362,100,100182,100,99310,100,100184,100,99186,100
2019-06-28 09:52:40.000000000,99765,586,99675,586,99766,100,99618,100,99979,100,99614,100,100035,100,99549,100,100047,100,99535,100,100101,100,99398,100,100118,100,99391,100,100169,100,99362,100,100182,100,99310,100,100184,100,99186,100
2019-06-28 09:52:44.422594980,99765,586,99675,586,99766,100,99618,100,99979,100,99614,100,100035,100,99549,100,100047,100,99535,100,100101,100,99398,100,100116,100,99391,100,100118,100,99362,100,100169,100,99310,100,100182,100,99186,100
2019-06-28 09:52:49.055885548,99765,586,99675,586,99766,100,99618,100,99979,100,99614,100,100035,100,99549,100,100047,100,99535,100,100065,100,99398,100,100101,100,99391,100,100116,100,99362,100,100118,100,99310,100,100169,100,99186,100
2019-06-28 09:52:50.000000000,99765,265,99675,265,99766,260,99618,260,99979,260,99614,260,100035,100,99549,100,100047,100,99535,100,100065,100,99398,100,100101,100,99391,100,100116,100,99362,100,100118,100,99310,100,100169,100,99186,100
2019-06-28 09:53:00.000000000,99765,222,99675,222,99766,222,99618,222,99979,222,99614,222,100035,222,99549,222,100047,100,99535,100,100065,100,99398,100,100101,100,99391,100,100116,100,99362,100,100118,100,99310,100,100169,100,99186,100
2019-06-28 09:53:10.000000000,99765,343,99675,343,99766,343,99618,343,99979,100,99614,100,100035,100,99549,100,100047,100,99535,100,100065,100,99398,100,100101,100,99391,100,100116,100,99362,100,100118,100,99310,100,100169,100,99186,100
2019-06-28 09:53:20.000000000,99765,343,99675,343,99766,343,99618,343,99979,100,99614,100,100035,100,99549,100,100047,100,99535,100,100065,100,99398,100,100101,100,99391,100,100116,100,99362,100,100118,100,99310,100,100169,100,99186,100
2019-06-28 09:53:30.000000000,99765,265,99675,265,99766,260,99618,260,99979,260,99614,260,100035,100,99549,100,100047,100,99535,100,100065,100,99398,100,100101,100,99391,100,100116,100,99362,100,100118,100,99310,100,100169,100,99186,100
2019-06-28 09:53:37.562125726,99765,265,99675,265,99766,260,99618,260,99979,260,99614,260,100035,100,99549,100,100047,100,99535,100,100065,100,99398,100,100101,100,99391,100,100116,100,99362,100,100118,100,99310,100,100169,100,99186,100
2019-06-28 09:53:40.000000000,99765,197,99675,197,99766,197,99618,197,99979,197,99614,197,100035,197,99549,197,100047,197,99535,197,100065,100,99398,100,100101,100,99391,100,100116,100,99362,100,100118,100,99310,100,100169,100,99186,100
2019-06-28 09:53:50.000000000,99765,222,99675,222,99766,222,99618,222,99979,222,99614,222,100035,222,99549,222,100047,100,99535,100,100065,100,99398,100,100101,100,99391,100,100116,100,99362,100,100118,100,99310,100,100169,100,99186,100
2019-06-28 09:53:55.217822939,99765,222,99675,222,99766,222,99618,222,99979,222,99614,222,100035,222,99549,222,100047,100,99535,100,100101,100,99520,100,100116,100,99398,100,100118,100,99391,100,100169,100,99362,100,100182,100,99310,100
2019-06-28 09:54:00.000000000,99765,197,99675,197,99766,197,99618,197,99979,197,99614,197,100035,197,99549,197,100047,197,99535,197,100101,100,99520,100,100116,100,99398,100,100118,100,99391,100,100169,100,99362,100,100182,100,99310,100
2019-06-28 09:54:01.012208506,99765,97,99675,197,99766,197,99618,197,99979,197,99614,197,100035,197,99549,197,100047,197,99535,197,100101,100,99520,100,100116,100,99398,100,100118,100,99391,100,100169,100,99362,100,100182,100,99310,100
2019-06-28 09:54:10.000000000,99766,343,99675,343,99979,343,99618,343,100035,100,99614,100,100047,100,99549,100,100101,100,99535,100,100116,100,99520,100,100118,100,99398,100,100169,100,99391,100,100182,100,99362,100,100184,100,99310,100
2019-06-28 09:54:20.000000000,99766,197,99675,197,99979,197,99618,197,100035,197,99614,197,100047,197,99549,197,100101,197,99535,197,100116,100,99520,100,100118,100,99398,100,100169,100,99391,100,100182,100,99362,100,100184,100,99310,100
2019-06-28 09:54:30.000000000,99766,343,99675,343,99979,343,99618,343,100035,100,99614,100,100047,100,99549,100,100101,100,99535,100,100116,100,99520,100,100118,100,99398,100,100169,100,99391,100,100182,100,99362,100,100184,100,99310,100
2019-06-28 09:54:36.877624051,99766,343,99714,100,99979,343,99675,343,100035,100,99618,343,100047,100,99614,100,100101,100,99549,100,100116,100,99535,100,100118,100,99520,100,100169,100,99398,100,100182,100,99391,100,100184,100,99362,100
2019-06-28 09:54:40.000000000,99766,343,99714,343,99979,343,99675,343,100035,100,99618,100,100047,100,99614,100,100101,100,99549,100,100116,100,99535,100,100118,100,99520,100,100169,100,99398,100,100182,100,99391,100,100184,100,99362,100
2019-06-28 09:54:49.525389567,99766,343,99714,343,99847,100,99675,343,99979,343,99618,100,100035,100,99614,100,100047,100,99549,100,100101,100,99535,100,100116,100,99520,100,100118,100,99398,100,100169,100,99391,100,100182,100,99362,100
2019-06-28 09:54:50.000000000,99766,222,99714,222,99847,222,99675,222,99979,222,99618,222,100035,222,99614,222,100047,100,99549,100,100101,100,99535,100,100116,100,99520,100,100118,100,99398,100,100169,100,99391,100,100182,100,99362,100
2019-06-28 09:55:00.000000000,99766,343,99714,343,99847,343,99675,343,99979,100,99618,100,100035,100,99614,100,100047,100,99549,100,100101,100,99535,100,100116,100,99520,100,100118,100,99398,100,100169,100,99391,100,100182,100,99362,100
2019-06-28 09:55:03.738676737,99766,243,99714,343,99847,343,99675,343,99979,100,99618,100,100035,100,99614,100,100047,100,99535,100,100101,100,99520,100,100116,100,99398,100,100118,100,99391,100,100169,100,99362,100,100182,100,99310,100
2019-06-28 09:55:05.708434352,99766,243,99714,343,99847,343,99675,343,99979,100,99618,100,100035,100,99614,100,100047,100,99535,100,100064,100,99520,100,100101,100,99398,100,100116,100,99391,100,100118,100,99362,100,100169,100,99310,100
2019-06-28 09:55:10.000000000,99847,265,99714,265,99979,260,99675,260,100035,260,99618,260,100047,100,99614,100,100064,100,99535,100,100101,100,99520,100,100116,100,99398,100,100118,100,99391,100,100169,100,99362,100,100182,100,99310,100
2019-06-28 09:55:19.559320924,99847,265,99714,265,99979,260,99675,260,100035,260,99618,260,100047,100,99614,100,100064,100,99535,100,100101,100,99520,100,100116,100,99398,100,100118,100,99391,100,100169,100,99362,100,100182,100,99310,100
2019-06-28 09:55:20.000000000,99847,586,99714,586,99979,100,99675,100,100035,100,99618,100,100047,100,99614,100,100064,100,99535,100,100101,100,99520,100,100116,100,99398,100,100118,100,99391,100,100169,100,99362,100,100182,100,99310,100
2019-06-28 09:55:30.000000000,99847,197,99714,197,99979,197,99675,197,100035,197,99618,197,100047,197,99614,197,100064,197,99535,197,100101,100,99520,100,100116,100,99398,100,100118,100,99391,100,100169,100,99362,100,100182,100,99310,100
2019-06-28 09:55:32.136586757,99847,197,99714,97,99979,197,99675,197,100035,197,99618,197,100047,197,99614,197,100064,197,99535,197,100087,100,99520,100,100101,100,99398,100,100116,100,99391,100,100118,100,99362,100,100169,100,99310,100
2019-06-28 09:55:40.000000000,99847,222,99675,222,99979,222,99618,222,100035,222,99614,222,100047,222,99535,222,100064,100,99520,100,100087,100,99398,100,100101,100,99391,100,100116,100,99362,100,100118,100,99310,100,100169,100,99186,100
2019-06-28 09:55:50.000000000,99847,586,99675,586,99979,100,99618,100,100035,100,99614,100,100047,100,99535,100,100064,100,99520,100,100087,100,99398,100,100101,100,99391,100,100116,100,99362,100,100118,100,99310,100,100169,100,99186,100
2019-06-28 09:56:00.000000000,99847,197,99675,197,99979,197,99618,197,100035,197,99614,197,100047,197,99535,197,100064,197,99520,197,100087,100,99398,100,100101,100,99391,100,100116,100,99362,100,100118,100,99310,100,100169,100,99186,100
2019-06-28 09:56:03.484735712,99847,197,99765,100,99979,197,99675,197,100035,197,99618,197,100047,197,99614,197,100064,197,99535,197,100087,100,99520,197,100101,100,99398,100,100116,100,99391,100,100118,100,99362,100,100169,100,99310,100
2019-06-28 09:56:04.094296663,99847,197,99765,100,99979,197,99675,197,100035,197,99618,197,100047,197,99614,197,100064,197,99535,197,100087,100,99520,197,100101,100,99391,100,100116,100,99362,100,100118,100,99310,100,100169,100,99186,100
2019-06-28 09:56:10.000000000,99847,222,99765,222,99979,222,99675,222,100035,222,99618,222,100047,222,99614,222,100064,100,99535,100,100087,100,99520,100,100101,100,99391,100,100116,100,99362,100,100118,100,99310,100,100169,100,99186,100
2019-06-28 09:56:20.000000000,99847,222,99765,222,99979,222,99675,222,100035,222,99618,222,100047,222,99614,222,100064,100,99535,100,100087,100,99520,100,100101,100,99391,100,100116,100,99362,100,100118,100,99310,100,100169,100,99186,100
2019-06-28 09:56:24.715543898,99847,222,99765,322,99979,222,99675,222,100035,222,99618,222,100047,222,99614,222,100064,100,99535,100,100087,100,99520,100,100101,100,99391,100,100116,100,99362,100,100118,100,99310,100,100169,100,99186,100
2019-06-28 09:56:30.000000000,99847,343,99765,443,99979,343,99675,343,100035,100,99618,100,100047,100,99614,100,100064,100,99535,100,100087,100,99520,100,100101,100,99391,100,100116,100,99362,100,100118,100,99310,100,100169,100,99186,100
2019-06-28 09:56:35.255118941,99847,243,99765,443,99979,343,99675,343,100035,100,99618,100,100047,100,99614,100,100064,100,99535,100,100087,100,99520,100,100101,100,99391,100,100116,100,99362,100,100118,100,99310,100,100169,100,99186,100
2019-06-28 09:56:40.000000000,99979,222,99765,322,100035,222,99675,222,100047,222,99618,222,100064,222,99614,222,100087,100,99535,100,100101,100,99520,100,100116,100,99391,100,100118,100,99362,100,100169,100,99310,100,100182,100,99186,100
2019-06-28 09:56:50.000000000,99979,265,99765,365,100035,260,99675,260,100047,260,99618,260,100064,100,99614,100,100087,100,99535,100,100101,100,99520,100,100116,100,99391,100,100118,100,99362,100,100169,100,99310,100,100182,100,99186,100
2019-06-28 09:57:00.000000000,99979,222,99765,322,100035,222,99675,222,100047,222,99618,222,100064,222,99614,222,100087,100,99535,100,100101,100,99520,100,100116,100,99391,100,100118,100,99362,100,100169,100,99310,100,100182,100,99186,100
2019-06-28 09:57:05.334261581,99979,122,99765,322,100035,222,99675,222,100047,222,99618,222,100064,222,99614,222,100087,100,99535,100,100101,100,99520,100,100116,100,99391,100,100118,100,99362,100,100182,100,99310,100,100184,100,99186,100
2019-06-28 09:57:10.000000000,100035,265,99765,365,100047,260,99675,260,100064,260,99618,260,100087,100,99614,100,100101,100,99535,100,100116,100,99520,100,100118,100,99391,100,100182,100,99362,100,100184,100,99310,100,100197,100,99186,100
2019-06-28 09:57:20.000000000,100035,222,99765,322,100047,222,99675,222,100064,222,99618,222,100087,222,99614,222,100101,100,99535,100,100116,100,99520,100,100118,100,99391,100,100182,100,99362,100,100184,100,99310,100,100197,100,99186,100
2019-06-28 09:57:26.896933683,100035,222,99765,322,100047,222,99675,222,100064,222,99618,222,100087,122,99614,222,100101,100,99535,100,100116,100,99520,100,100118,100,99391,100,100182,100,99362,100,100184,100,99310,100,100197,100,99186,100
2019-06-28 09:57:30.000000000,100035,222,99765,322,100047,222,99675,222,100064,222,99618,222,100101,222,99614,222,100116,100,99535,100,100118,100,99520,100,100182,100,99391,100,100184,100,99362,100,100197,100,99310,100,100269,100,99186,100
2019-06-28 09:57:40.000000000,100035,265,99765,365,100047,260,99675,260,100064,260,99618,260,100101,100,99614,100,100116,100,99535,100,100118,100,99520,100,100182,100,99391,100,100184,100,99362,100,100197,100,99310,100,100269,100,99186,100
2019-06-28 09:57:45.263247217,100035,165,99765,365,100047,260,99675,260,100064,260,99618,260,100101,100,99614,100,100116,100,99535,100,100118,100,99520,100,100182,100,99391,100,100184,100,99362,100,100197,100,99310,100,100269,100,99186,100
2019-06-28 09:57:50.000000000,100047,265,99765,365,100064,260,99675,260,100101,260,99618,260,100116,100,99614,100,100118,100,99535,100,100182,100,99520,100,100184,100,99391,100,100197,100,99362,100,100269,100,99310,100,100367,100,99186,100
2019-06-28 09:58:00.000000000,100047,586,99765,686,100064,100,99675,100,100101,100,99618,100,100116,100,99614,100,100118,100,99535,100,100182,100,99520,100,100184,100,99391,100,100197,100,99362,100,100269,100,99310,100,100367,100,99186,100
2019-06-28 09:58:06.359628094,100047,586,99765,686,100064,100,99675,100,100101,100,99618,100,100116,100,99614,100,100118,100,99535,100,100182,100,99520,100,100184,100,99391,100,100197,100,99362,100,100269,100,99310,100,100367,100,99186,100
2019-06-28 09:58:10.000000000,100047,265,99765,365,100064,260,99675,260,100101,260,99618,260,100116,100,99614,100,100118,100,99535,100,100182,100,99520,100,100184,100,99391,100,100197,100,99362,100,100269,100,99310,100,100367,100,99186,100
2019-06-28 09:58:20.000000000,100047,222,99765,322,100064,222,99675,222,100101,222,99618,222,100116,222,99614,222,100118,100,99535,100,100182,100,99520,100,100184,100,99391,100,100197,100,99362,100,100269,100,99310,100,100367,100,99186,100
2019-06-28 09:58:30.000000000,100047,586,99765,686,100064,100,99675,100,100101,100,99618,100,100116,100,99614,100,100118,100,99535,100,100182,100,99520,100,100184,100,99391,100,100197,100,99362,100,100269,100,99310,100,100367,100,99186,100
2019-06-28 09:58:38.613814188,99919,100,99765,686,100047,586,99675,100,100064,100,99618,100,100101,100,99614,100,100116,100,99535,100,100118,100,99520,100,100182,100,99391,100,100184,100,99362,100,100197,100,99310,100,100269,100,99186,100
2019-06-28 09:58:40.000000000,99919,343,99765,443,100047,343,99675,343,100064,100,99618,100,100101,100,99614,100,100116,100,99535,100,100118,100,99520,100,100182,100,99391,100,100184,100,99362,100,100197,100,99310,100,100269,100,99186,100
2019-06-28 09:58:43.802845739,99919,343,99765,443,99978,100,99675,343,100047,343,99618,100,100064,100,99614,100,100101,100,99535,100,100116,100,99520,100,100118,100,99391,100,100182,100,99362,100,100184,100,99310,100,100197,100,99186,100
2019-06-28 09:58:50.000000000,99919,265,99765,365,99978,260,99675,260,100047,260,99618,260,100064,100,99614,100,100101,100,99535,100,100116,100,99520,100,100118,100,99391,100,100182,100,99362,100,100184,100,99310,100,100197,100,99186,100
2019-06-28 09:59:00.000000000,99919,586,99765,686,99978,100,99675,100,100047,100,99618,100,100064,100,99614,100,100101,100,99535,100,100116,100,99520,100,100118,100,99391,100,100182,100,99362,100,100184,100,99310,100,100197,100,99186,100
2019-06-28 09:59:10.000000000,99919,222,99765,322,99978,222,99675,222,100047,222,99618,222,100064,222,99614,222,100101,100,99535,100,100116,100,99520,100,100118,100,99391,100,100182,100,99362,100,100184,100,99310,100,100197,100,99186,100
2019-06-28 09:59:20.000000000,99919,343,99765,443,99978,343,99675,343,100047,100,99618,100,100064,100,99614,100,100101,100,99535,100,100116,100,99520,100,100118,100,99391,100,100182,100,99362,100,100184,100,99310,100,100197,100,99186,100
2019-06-28 09:59:23.872453892,99919,343,99765,443,99978,343,99675,343,100047,100,99618,100,100064,100,99614,100,100101,100,99535,100,100116,100,99520,100,100118,100,99362,100,100182,100,99310,100,100184,100,99186,100,100197,100,98917,100
2019-06-28 09:59:30.000000000,99919,586,99765,686,99978,100,99675,100,100047,100,99618,100,100064,100,99614,100,100101,100,99535,100,100116,100,99520,100,100118,100,99362,100,100182,100,99310,100,100184,100,99186,100,100197,100,98917,100
2019-06-28 09:59:32.333656771,99919,586,99765,686,99978,100,99675,100,100047,100,99618,100,100064,100,99614,100,100101,100,99535,100,100116,100,99520,100,100118,100,99362,100,100182,100,99310,100,100184,100,99186,100,100197,100,98917,100
2019-06-28 09:59:38.282547929,99919,586,99765,686,99978,100,99675,100,100047,100,99618,100,100064,100,99614,100,100101,100,99535,100,100116,100,99520,100,100118,100,99362,100,100182,100,99310,100,100184,100,99186,100,100197,100,98917,100
2019-06-28 09:59:40.000000000,99919,197,99765,297,99978,197,99675,197,100047,197,99618,197,100064,197,99614,197,100101,197,99535,197,100116,100,99520,100,100118,100,99362,100,100182,100,99310,100,100184,100,99186,100,100197,100,98917,100
2019-06-28 09:59:44.451472050,99919,97,99765,297,99978,197,99675,197,100047,197,99618,197,100064,197,99614,197,100101,197,99535,197,100116,100,99362,100,100118,100,99310,100,100182,100,99186,100,100184,100,98917,100,100197,100,,
2019-06-28 09:59:50.000000000,99978,265,99765,365,100047,260,99675,260,100064,260,99618,260,100101,100,99614,100,100116,100,99535,100,100118,100,99362,100,100182,100,99310,100,100184,100,99186,100,100197,100,98917,100,100269,100,,
2019-06-28 10:00:00.000000000,99978,586,99765,686,100047,100,99675,100,100064,100,99618,100,100101,100,99614,100,100116,100,99535,100,100118,100,99362,100,100182,100,99310,100,100184,100,99186,100,100197,100,98917,100,100269,100,,
2019-06-28 10:00:10.000000000,99978,197,99765,297,100047,197,99675,197,100064,197,99618,197,100101,197,99614,197,100116,197,99535,197,100118,100,99362,100,100182,100,99310,100,100184,100,99186,100,100197,100,98917,100,100269,100,,
2019-06-28 10:00:12.134343493,99978,197,99919,100,100047,197,99765,297,100064,197,99675,197,100101,197,99618,197,100116,197,99614,197,100118,100,99535,197,100182,100,99362,100,100184,100,99310,100,100197,100,99186,100,100269,100,98917,100
2019-06-28 10:00:20.000000000,99978,343,99919,343,100047,343,99765,443,100064,100,99675,100,100101,100,99618,100,100116,100,99614,100,100118,100,99535,100,100182,100,99362,100,100184,100,99310,100,100197,100,99186,100,100269,100,98917,100
2019-06-28 10:00:30.000000000,99978,222,99919,222,100047,222,99765,322,100064,222,99675,222,100101,222,99618,222,100116,100,99614,100,100118,100,99535,100,100182,100,99362,100,100184,100,99310,100,100197,100,99186,100,100269,100,98917,100
2019-06-28 10:00:39.257441924,99978,222,99919,222,100047,222,99765,322,100064,222,99675,222,100101,222,99618,222,100116,100,99614,100,100118,100,99362,100,100182,100,99310,100,100184,100,99186,100,100197,100,98917,100,100269,100,,
2019-06-28 10:00:40.000000000,99978,343,99919,343,100047,343,99765,443,100064,100,99675,100,100101,100,99618,100,100116,100,99614,100,100118,100,99362,100,100182,100,99310,100,100184,100,99186,100,100197,100,98917,100,100269,100,,
2019-06-28 10:00:50.000000000,99978,265,99919,265,100047,260,99765,360,100064,260,99675,260,100101,100,99618,100,100116,100,99614,100,100118,100,99362,100,100182,100,99310,100,100184,100,99186,100,100197,100,98917,100,100269,100,,
2019-06-28 10:01:00.000000000,99978,343,99919,343,100047,343,99765,443,100064,100,99675,100,100101,100,99618,100,100116,100,99614,100,100118,100,99362,100,100182,100,99310,100,100184,100,99186,100,100197,100,98917,100,100269,100,,
2019-06-28 10:01:10.000000000,99978,197,99919,197,100047,197,99765,297,100064,197,99675,197,100101,197,99618,197,100116,197,99614,197,100118,100,99362,100,100182,100,99310,100,100184,100,99186,100,100197,100,98917,100,100269,100,,
2019-06-28 10:01:18.809863890,99978,97,99919,197,100047,197,99765,297,100064,197,99675,197,100101,197,99618,197,100116,197,99614,197,100118,100,99362,100,100182,100,99310,100,100184,100,99186,100,100197,100,98917,100,100269,100,,
2019-06-28 10:01:20.000000000,100047,586,99919,586,100064,100,99765,200,100101,100,99675,100,100116,100,99618,100,100118,100,99614,100,100182,100,99362,100,100184,100,99310,100,100197,100,99186,100,100269,100,98917,100,100367,100,,
2019-06-28 10:01:30.000000000,100047,586,99919,586,100064,100,99765,200,100101,100,99675,100,100116,100,99618,100,100118,100,99614,100,100182,100,99362,100,100184,100,99310,100,100197,100,99186,100,100269,100,98917,100,100367,100,,
2019-06-28 10:01:30.528081995,100047,486,99919,586,100064,100,99765,200,100101,100,99675,100,100116,100,99618,100,100118,100,99614,100,100182,100,99362,100,100184,100,99310,100,100197,100,99186,100,100269,100,98917,100,100367,100,,
2019-06-28 10:01:40.000000000,100064,265,99919,265,100101,260,99765,360,100116,260,99675,260,100118,100,99618,100,100182,100,99614,100,100184,100,99362,100,100197,100,99310,100,100269,100,99186,100,100367,100,98917,100,100649,100,,
2019-06-28 10:01:50.000000000,100064,343,99919,343,100101,343,99765,443,100116,100,99675,100,100118,100,99618,100,100182,100,99614,100,100184,100,99362,100,100197,100,99310,100,100269,100,99186,100,100367,100,98917,100,100649,100,,
2019-06-28 10:02:00.000000000,100064,222,99919,222,100101,222,99765,322,100116,222,99675,222,100118,222,99618,222,100182,100,99614,100,100184,100,99362,100,100197,100,99310,100,100269,100,99186,100,100367,100,98917,100,100649,100,,
2019-06-28 10:02:10.000000000,100064,265,99919,265,100101,260,99765,360,100116,260,99675,260,100118,100,99618,100,100182,100,99614,100,100184,100,99362,100,100197,100,99310,100,100269,100,99186,100,100367,100,98917,100,100649,100,,
2019-06-28 10:02:18.271417771,100064,265,99919,265,100101,260,99765,360,100116,260,99675,260,100118,100,99618,100,100182,100,99614,100,100184,100,99362,100,100197,100,99310,100,100269,100,99186,100,100367,100,98917,100,100649,100,,
2019-06-28 10:02:20.000000000,100064,197,99919,197,100101,197,99765,297,100116,197,99675,197,100118,197,99618,197,100182,197,99614,197,100184,100,99362,100,100197,100,99310,100,100269,100,99186,100,100367,100,98917,100,100649,100,,
2019-06-28 10:02:30.000000000,100064,343,99919,343,100101,343,99765,443,100116,100,99675,100,100118,100,99618,100,100182,100,99614,100,100184,100,99362,100,100197,100,99310,100,100269,100,99186,100,100367,100,98917,100,100649,100,,
2019-06-28 10:02:40.000000000,100064,265,99919,265,100101,260,99765,360,100116,260,99675,260,100118,100,99618,100,100182,100,99614,100,100184,100,99362,100,100197,100,99310,100,100269,100,99186,100,100367,100,98917,100,100649,100,,
2019-06-28 10:02:41.008513424,100064,265,99919,265,100101,260,99765,360,100116,260,99675,260,100118,100,99618,100,100182,100,99614,100,100184,100,99362,100,100197,100,99310,100,100269,100,99186,100,100367,100,98917,100,100649,100,,
2019-06-28 10:02:50.000000000,100064,222,99919,222,100101,222,99765,322,100116,222,99675,222,100118,222,99618,222,100182,100,99614,100,100184,100,99362,100,100197,100,99310,100,100269,100,99186,100,100367,100,98917,100,100649,100,,
2019-06-28 10:02:54.235853726,100064,222,99919,222,100101,122,99765,322,100116,222,99675,222,100118,222,99618,222,100182,100,99614,100,100184,100,99362,100,100197,100,99310,100,100269,100,99186,100,100367,100,98917,100,100649,100,,
2019-06-28 10:03:00.000000000,100064,586,99919,586,100116,100,99765,200,100118,100,99675,100,100182,100,99618,100,100184,100,99614,100,100197,100,99362,100,100269,100,99310,100,100367,100,99186,100,100649,100,98917,100,100740,100,,
2019-06-28 10:03:10.000000000,100064,265,99919,265,100116,260,99765,360,100118,260,99675,260,100182,100,99618,100,100184,100,99614,100,100197,100,99362,100,100269,100,99310,100,100367,100,99186,100,100649,100,98917,100,100740,100,,
2019-06-28 10:03:20.000000000,100064,197,99919,197,100116,197,99765,297,100118,197,99675,197,100182,197,99618,197,100184,197,99614,197,100197,100,99362,100,100269,100,99310,100,100367,100,99186,100,100649,100,98917,100,100740,100,,
2019-06-28 10:03:30.000000000,100064,586,99919,586,100116,100,99765,200,100118,100,99675,100,100182,100,99618,100,100184,100,99614,100,100197,100,99362,100,100269,100,99310,100,100367,100,99186,100,100649,100,98917,100,100740,100,,
2019-06-28 10:03:34.526389855,100064,586,99919,586,100116,100,99765,200,100118,100,99675,100,100182,100,99618,100,100184,100,99614,100,100197,100,99362,100,100269,100,99186,100,100367,100,98917,100,100649,100,,,100740,100,,
2019-06-28 10:03:40.000000000,100064,222,99919,222,100116,222,99765,322,100118,222,99675,222,100182,222,99618,222,100184,100,99614,100,100197,100,99362,100,100269,100,99186,100,100367,100,98917,100,100649,100,,,100740,100,,
2019-06-28 10:03:50.000000000,100064,197,99919,197,100116,197,99765,297,100118,197,99675,197,100182,197,99618,197,100184,197,99614,197,100197,100,99362,100,100269,100,99186,100,100367,100,98917,100,100649,100,,,100740,100,,
2019-06-28 10:03:59.350251807,100064,197,99978,100,100116,197,99919,197,100118,197,99765,297,100182,197,99675,197,100184,197,99618,197,100197,100,99614,197,100269,100,99362,100,100367,100,99186,100,100649,100,98917,100,100740,100,,
2019-06-28 10:04:00.000000000,100064,222,99978,222,100116,222,99919,222,100118,222,99765,322,100182,222,99675,222,100184,100,99618,100,100197,100,99614,100,100269,100,99362,100,100367,100,99186,100,100649,100,98917,100,100740,100,,
2019-06-28 10:04:01.709370191,100064,222,99978,222,100116,222,99919,222,100118,222,99765,322,100182,222,99675,222,100184,100,99618,100,100197,100,99614,100,100269,100,99362,100,100367,100,99186,100,100649,100,98917,100,100740,100,,
2019-06-28 10:04:10.000000000,100064,265,99978,265,100116,260,99919,260,100118,260,99765,360,100182,100,99675,100,100184,100,99618,100,100197,100,99614,100,100269,100,99362,100,100367,100,99186,100,100649,100,98917,100,100740,100,,
2019-06-28 10:04:16.644575499,100064,265,99978,265,100116,260,99919,260,100118,260,99765,360,100182,100,99675,100,100184,100,99618,100,100197,100,99614,100,100269,100,99362,100,100367,100,99186,100,100649,100,98917,100,100740,100,,
2019-06-28 10:04:20.000000000,100064,586,99978,586,100116,100,99919,100,100118,100,99765,200,100182,100,99675,100,100184,100,99618,100,100197,100,99614,100,100269,100,99362,100,100367,100,99186,100,100649,100,98917,100,100740,100,,
2019-06-28 10:04:30.000000000,100064,586,99978,586,100116,100,99919,100,100118,100,99765,200,100182,100,99675,100,100184,100,99618,100,100197,100,99614,100,100269,100,99362,100,100367,100,99186,100,100649,100,98917,100,100740,100,,
2019-06-28 10:04:40.000000000,100064,197,99978,197,100116,197,99919,197,100118,197,99765,297,100182,197,99675,197,100184,197,99618,197,100197,100,99614,100,100269,100,99362,100,100367,100,99186,100,100649,100,98917,100,100740,100,,
2019-06-28 10:04:50.000000000,100064,586,99978,586,100116,100,99919,100,100118,100,99765,200,100182,100,99675,100,100184,100,99618,100,100197,100,99614,100,100269,100,99362,100,100367,100,99186,100,100649,100,98917,100,100740,100,,
2019-06-28 10:05:00.000000000,100064,197,99978,197,100116,197,99919,197,100118,197,99765,297,100182,197,99675,197,100184,197,99618,197,100197,100,99614,100,100269,100,99362,100,100367,100,99186,100,100649,100,98917,100,100740,100,,
2019-06-28 10:05:02.462452466,100064,97,99978,197,100116,197,99919,197,100118,197,99765,297,100182,97,99675,197,100184,197,99618,197,100197,100,99614,100,100269,100,99362,100,100367,100,99186,100,100649,100,98917,100,100740,100,,
2019-06-28 10:05:10.000000000,100116,586,99978,586,100118,100,99919,100,100184,100,99765,200,100197,100,99675,100,100269,100,99618,100,100367,100,99614,100,100649,100,99362,100,100740,100,99186,100,100765,100,98917,100,100871,100,,
2019-06-28 10:05:20.000000000,100116,343,99978,343,100118,343,99919,343,100184,100,99765,200,100197,100,99675,100,100269,100,99618,100,100367,100,99614,100,100649,100,99362,100,100740,100,99186,100,100765,100,98917,100,100871,100,,
2019-06-28 10:05:20.728698926,100116,343,99978,343,100118,343,99919,343,100184,100,99765,200,100197,100,99675,100,100269,100,99618,100,100367,100,99614,100,100649,100,99362,100,100740,100,99186,100,100765,100,98917,100,100871,100,,
2019-06-28 10:05:30.000000000,100116,265,99978,265,100118,260,99919,260,100184,260,99765,360,100197,100,99675,100,100269,100,99618,100,100367,100,99614,100,100649,100,99362,100,100740,100,99186,100,100765,100,98917,100,100871,100,,
2019-06-28 10:05:31.971834269,100116,265,99978,265,100118,260,99919,260,100184,260,99765,360,100197,100,99675,100,100269,100,99618,100,100367,100,99614,100,100649,100,99362,100,100740,100,99186,100,100765,100,98917,100,100871,100,,
2019-06-28 10:05:35.212595565,100116,265,100047,100,100118,260,99978,265,100184,260,99919,260,100197,100,99765,360,100269,100,99675,100,100367,100,99618,100,100649,100,99614,100,100740,100,99362,100,100765,100,99186,100,100871,100,98917,100
2019-06-28 10:05:40.000000000,100116,222,100047,222,100118,222,99978,222,100184,222,99919,222,100197,222,99765,322,100269,100,99675,100,100367,100,99618,100,100649,100,99614,100,100740,100,99362,100,100765,100,99186,100,100871,100,98917,100
2019-06-28 10:05:47.237818770,100116,122,100047,222,100118,222,99978,222,100184,222,99919,222,100197,222,99765,322,100269,100,99675,100,100367,100,99618,100,100649,100,99614,100,100740,100,99362,100,100765,100,99186,100,100871,100,98917,100
2019-06-28 10:05:50.000000000,100118,222,100047,222,100184,222,99978,222,100197,222,99919,222,100269,222,99765,322,100367,100,99675,100,100649,100,99618,100,100740,100,99614,100,100765,100,99362,100,100871,100,99186,100,100882,100,98917,100
2019-06-28 10:05:51.643629191,100118,122,100047,222,100184,222,99978,222,100197,222,99919,222,100269,222,99765,322,100367,100,99675,100,100649,100,99618,100,100740,100,99614,100,100871,100,99362,100,100882,100,99186,100,100932,100,98917,100
2019-06-28 10:06:00.000000000,100184,265,100047,265,100197,260,99978,260,100269,260,99919,260,100367,100,99765,200,100649,100,99675,100,100740,100,99618,100,100871,100,99614,100,100882,100,99362,100,100932,100,99186,100,101012,100,98917,100
2019-06-28 10:06:01.688442801,100184,265,100116,100,100197,260,100047,265,100269,260,99978,260,100367,100,99919,260,100649,100,99765,200,100740,100,99675,100,100871,100,99618,100,100882,100,99614,100,100932,100,99362,100,101012,100,99186,100
2019-06-28 10:06:08.107222389,100184,265,100116,100,100197,260,100047,265,100269,260,99978,260,100367,100,99919,260,100649,100,99765,200,100871,100,99675,100,100882,100,99618,100,100932,100,99614,100,101012,100,99362,100,101015,100,99186,100
2019-06-28 10:06:10.000000000,100184,197,100116,197,100197,197,100047,197,100269,197,99978,197,100367,197,99919,197,100649,197,99765,297,100871,100,99675,100,100882,100,99618,100,100932,100,99614,100,101012,100,99362,100,101015,100,99186,100
2019-06-28 10:06:20.000000000,100184,343,100116,343,100197,343,100047,343,100269,100,99978,100,100367,100,99919,100,100649,100,99765,200,100871,100,99675,100,100882,100,99618,100,100932,100,99614,100,101012,100,99362,100,101015,100,99186,100
2019-06-28 10:06:20.817977050,100184,343,100116,343,100197,343,100047,343,100269,100,99978,100,100367,100,99919,100,100649,100,99765,200,100871,100,99675,100,100882,100,99618,100,100932,100,99614,100,100996,100,99186,100,101012,100,98917,100
2019-06-28 10:06:22.894634421,100184,343,100116,343,100197,343,100047,243,100269,100,99978,100,100367,100,99919,100,100649,100,99765,200,100871,100,99675,100,100882,100,99618,100,100932,100,99614,100,100996,100,99186,100,101012,100,98917,100
2019-06-28 10:06:30.000000000,100184,265,100116,265,100197,260,99978,260,100269,260,99919,260,100367,100,99765,200,100649,100,99675,100,100871,100,99618,100,100882,100,99614,100,100932,100,99186,100,100996,100,98917,100,101012,100,,
2019-06-28 10:06:39.984924945,100184,165,100116,265,100197,260,99978,260,100269,160,99919,260,100367,100,99765,200,100649,100,99675,100,100871,100,99618,100,100882,100,99614,100,100932,100,99186,100,100996,100,98917,100,101012,100,,
2019-06-28 10:06:40.000000000,100197,222,100116,222,100367,222,99978,222,100649,222,99919,222,100871,222,99765,322,100882,100,99675,100,100932,100,99618,100,100996,100,99614,100,101012,100,99186,100,101015,100,98917,100,101072,100,,
2019-06-28 10:06:48.363638972,100197,222,100118,100,100367,222,100116,222,100649,222,99978,222,100871,222,99919,222,100882,100,99765,322,100932,100,99675,100,100996,100,99618,100,101012,100,99614,100,101015,100,99186,100,101072,100,98917,100
2019-06-28 10:06:50.000000000,100197,197,100118,197,100367,197,100116,197,100649,197,99978,197,100871,197,99919,197,100882,197,99765,297,100932,100,99675,100,100996,100,99618,100,101012,100,99614,100,101015,100,99186,100,101072,100,98917,100
2019-06-28 10:06:54.858693076,100197,97,100118,197,100367,197,100116,197,100649,197,99978,197,100871,197,99919,197,100882,197,99765,297,100932,100,99675,100,100996,100,99618,100,101012,100,99614,100,101015,100,99186,100,101072,100,98917,100
2019-06-28 10:07:00.000000000,100367,586,100118,586,100649,100,100116,100,100871,100,99978,100,100882,100,99919,100,100932,100,99765,200,100996,100,99675,100,101012,100,99618,100,101015,100,99614,100,101072,100,99186,100,101136,100,98917,100
2019-06-28 10:07:10.000000000,100367,222,100118,222,100649,222,100116,222,100871,222,99978,222,100882,222,99919,222,100932,100,99765,200,100996,100,99675,100,101012,100,99618,100,101015,100,99614,100,101072,100,99186,100,101136,100,98917,100
2019-06-28 10:07:20.000000000,100367,197,100118,197,100649,197,100116,197,100871,197,99978,197,100882,197,99919,197,100932,197,99765,297,100996,100,99675,100,101012,100,99618,100,101015,100,99614,100,101072,100,99186,100,101136,100,98917,100
2019-06-28 10:07:29.555932163,100367,197,100118,197,100649,197,100116,197,100871,197,99978,197,100882,197,99919,197,100889,100,99765,297,100932,197,99675,100,100996,100,99614,100,101012,100,99186,100,101015,100,98917,100,101072,100,,
2019-06-28 10:07:30.000000000,100367,343,100118,343,100649,343,100116,343,100871,100,99978,100,100882,100,99919,100,100889,100,99765,200,100932,100,99675,100,100996,100,99614,100,101012,100,99186,100,101015,100,98917,100,101072,100,,
2019-06-28 10:07:36.839187580,100367,243,100118,343,100649,343,100116,343,100871,100,99978,100,100882,100,99919,100,100889,100,99765,200,100932,100,99675,100,100996,100,99614,100,101012,100,99186,100,101072,100,98917,100,101136,100,,
2019-06-28 10:07:40.000000000,100649,586,100118,586,100871,100,100116,100,100882,100,99978,100,100889,100,99919,100,100932,100,99765,200,100996,100,99675,100,101012,100,99614,100,101072,100,99186,100,101136,100,98917,100,101172,100,,
2019-06-28 10:07:40.362528660,100649,586,100118,586,100831,100,100116,100,100871,100,99978,100,100882,100,99919,100,100932,100,99765,200,100996,100,99675,100,101012,100,99614,100,101072,100,99186,100,101136,100,98917,100,101172,100,,
2019-06-28 10:07:50.000000000,100649,222,100118,222,100831,222,100116,222,100871,222,99978,222,100882,222,99919,222,100932,100,99765,200,100996,100,99675,100,101012,100,99614,100,101072,100,99186,100,101136,100,98917,100,101172,100,,
2019-06-28 10:08:00.000000000,100649,222,100118,222,100831,222,100116,222,100871,222,99978,222,100882,222,99919,222,100932,100,99765,200,100996,100,99675,100,101012,100,99614,100,101072,100,99186,100,101136,100,98917,100,101172,100,,
2019-06-28 10:08:02.304205396,100649,222,100507,100,100831,222,100118,222,100871,222,100116,222,100882,222,99978,222,100932,100,99919,222,100996,100,99765,200,101012,100,99675,100,101072,100,99614,100,101136,100,99186,100,101172,100,98917,100
2019-06-28 10:08:10.000000000,100649,222,100507,222,100831,222,100118,222,100871,222,100116,222,100882,222,99978,222,100932,100,99919,100,100996,100,99765,200,101012,100,99675,100,101072,100,99614,100,101136,100,99186,100,101172,100,98917,100
2019-06-28 10:08:18.584845791,100649,122,100507,222,100683,100,100118,222,100831,222,100116,222,100871,222,99978,222,100882,222,99919,100,100932,100,99765,200,100996,100,99675,100,101012,100,99614,100,101072,100,99186,100,101136,100,98917,100
2019-06-28 10:08:20.000000000,100683,586,100507,586,100831,100,100118,100,100871,100,100116,100,100882,100,99978,100,100932,100,99919,100,100996,100,99765,200,101012,100,99675,100,101072,100,99614,100,101136,100,99186,100,101172,100,98917,100
2019-06-28 10:08:30.000000000,100683,222,100507,222,100831,222,100118,222,100871,222,100116,222,100882,222,99978,222,100932,100,99919,100,100996,100,99765,200,101012,100,99675,100,101072,100,99614,100,101136,100,99186,100,101172,100,98917,100
2019-06-28 10:08:31.939620171,100683,222,100507,122,100831,222,100118,222,100871,222,100116,222,100882,222,99978,222,100932,100,99919,100,100996,100,99765,200,101012,100,99675,100,101072,100,99614,100,101136,100,99186,100,101172,100,98917,100
2019-06-28 10:08:40.000000000,100683,197,100118,197,100831,197,100116,197,100871,197,99978,197,100882,197,99919,197,100932,197,99765,297,100996,100,99675,100,101012,100,99614,100,101072,100,99186,100,101136,100,98917,100,101172,100,,
2019-06-28 10:08:40.777656366,100507,100,100118,197,100683,197,100116,197,100831,197,99978,197,100871,197,99919,197,100882,197,99765,297,100932,197,99675,100,100996,100,99614,100,101012,100,99186,100,101072,100,98917,100,101136,100,,
2019-06-28 10:08:50.000000000,100507,197,100118,197,100683,197,100116,197,100831,197,99978,197,100871,197,99919,197,100882,197,99765,297,100932,100,99675,100,100996,100,99614,100,101012,100,99186,100,101072,100,98917,100,101136,100,,
2019-06-28 10:08:58.722161977,100472,100,100118,197,100507,197,100116,197,100683,197,99978,197,100831,197,99919,197,100871,197,99765,297,100882,197,99675,100,100932,100,99614,100,100996,100,98917,100,101012,100,,,101072,100,,
2019-06-28 10:09:00.000000000,100472,343,100118,343,100507,343,100116,343,100683,100,99978,100,100831,100,99919,100,100871,100,99765,200,100882,100,99675,100,100932,100,99614,100,100996,100,98917,100,101012,100,,,101072,100,,
2019-06-28 10:09:01.631078525,100472,343,100118,343,100497,100,100116,343,100507,343,99978,100,100683,100,99919,100,100831,100,99765,200,100871,100,99675,100,100882,100,99614,100,100932,100,98917,100,100996,100,,,101012,100,,
2019-06-28 10:09:05.128272217,100472,343,100118,343,100497,100,100116,343,100507,243,99978,100,100683,100,99919,100,100831,100,99765,200,100871,100,99675,100,100882,100,99614,100,100932,100,98917,100,100996,100,,,101012,100,,
