,ask_price_1,ask_size_1,bid_price_1,bid_size_1,ask_price_2,ask_size_2,bid_price_2,bid_size_2,ask_price_3,ask_size_3,bid_price_3,bid_size_3,ask_price_4,ask_size_4,bid_price_4,bid_size_4,ask_price_5,ask_size_5,bid_price_5,bid_size_5,ask_price_6,ask_size_6,bid_price_6,bid_size_6,ask_price_7,ask_size_7,bid_price_7,bid_size_7,ask_price_8,ask_size_8,bid_price_8,bid_size_8,ask_price_9,ask_size_9,bid_price_9,bid_size_9,ask_price_10,ask_size_10,bid_price_10,bid_size_10
2019-06-28 09:30:00.000000000,,,100013,100,,,,,,,,,,,,,,,,,,,,,,,,,,,,,,,,,,,,
2019-06-28 09:30:00.000000003,100043,100,100013,100,,,,,,,,,,,,,,,,,,,,,,,,,,,,,,,,,,,,
2019-06-28 09:30:00.000000004,100043,100,100013,100,100179,100,,,,,,,,,,,,,,,,,,,,,,,,,,,,,,,,,,
2019-06-28 09:30:00.000000006,100043,100,100013,100,100179,100,99952,100,,,,,,,,,,,,,,,,,,,,,,,,,,,,,,,,
2019-06-28 09:30:00.000000007,100043,100,99953,100,100108,100,99952,100,100179,100,,,,,,,,,,,,,,,,,,,,,,,,,,,,,,
2019-06-28 09:30:00.000000009,100043,100,99953,100,100082,100,99952,100,100108,100,,,100179,100,,,,,,,,,,,,,,,,,,,,,,,,,,
2019-06-28 09:30:00.000000011,100012,100,99953,100,100043,100,99952,100,100082,100,99942,100,100108,100,,,100179,100,,,,,,,,,,,,,,,,,,,,,,
2019-06-28 09:30:00.000000012,100004,100,99953,100,100012,100,99952,100,100043,100,99942,100,100082,100,,,100108,100,,,100179,100,,,,,,,,,,,,,,,,,,
2019-06-28 09:30:00.000000013,100012,100,99953,100,100043,100,99952,100,100082,100,99942,100,100108,100,,,100179,100,,,,,,,,,,,,,,,,,,,,,,
2019-06-28 09:30:00.000000015,100011,100,99953,100,100012,100,99952,100,100043,100,99942,100,100072,100,,,100082,100,,,100108,100,,,100179,100,,,,,,,,,,,,,,
2019-06-28 09:30:00.000000016,100012,100,99953,100,100043,100,99952,100,100072,100,99942,100,100082,100,,,100108,100,,,100179,100,,,,,,,,,,,,,,,,,,
2019-06-28 09:30:00.000000017,100012,100,99953,100,100014,100,99952,100,100043,100,99942,100,100072,100,,,100082,100,,,100108,100,,,100112,100,,,100179,100,,,,,,,,,,
2019-06-28 09:30:00.000000018,100012,100,99953,100,100014,100,99952,100,100043,100,99942,100,100072,100,,,100082,100,,,100097,100,,,100108,100,,,100112,100,,,100179,100,,,,,,
2019-06-28 09:30:00.000000020,100012,100,99953,100,100014,100,99952,100,100043,100,99942,100,100049,100,,,100072,100,,,100082,100,,,100097,100,,,100108,100,,,100112,100,,,100179,100,,
2019-06-28 09:30:00.000000021,100012,100,99953,100,100014,100,99952,100,100043,100,99942,100,100049,100,,,100060,100,,,100072,100,,,100082,100,,,100097,100,,,100108,100,,,100112,100,,
2019-06-28 09:30:00.000000025,100012,100,100004,100,100014,100,99953,100,100043,100,99952,100,100049,100,99942,100,100060,100,99922,100,100072,100,,,100082,100,,,100097,100,,,100108,100,,,100112,100,,
2019-06-28 09:30:00.000000028,100012,100,100004,100,100014,100,99953,100,100043,100,99952,100,100049,100,99942,100,100060,100,99922,100,100072,100,,,100082,100,,,100097,100,,,100108,100,,,100112,100,,
2019-06-28 09:30:00.000000030,100012,100,100004,100,100014,100,99953,100,100043,100,99952,100,100049,100,99942,100,100060,100,99922,100,100072,100,,,100082,100,,,100097,100,,,100103,100,,,100108,100,,
2019-06-28 09:30:00.000000031,100011,100,100004,100,100012,100,99953,100,100014,100,99952,100,100043,100,99942,100,100049,100,99922,100,100060,100,,,100072,100,,,100079,100,,,100082,100,,,100097,100,,
2019-06-28 09:30:00.000000032,100011,100,100004,100,100012,100,99953,100,100014,100,99952,100,100043,100,99942,100,100049,100,99924,100,100060,100,99922,100,100072,100,,,100079,100,,,100082,100,,,100097,100,,
2019-06-28 09:30:00.000000033,100011,200,100004,100,100012,100,99953,100,100014,100,99952,100,100043,100,99942,100,100049,100,99924,100,100060,100,99922,100,100072,100,,,100079,100,,,100082,100,,,100097,100,,
2019-06-28 09:30:00.000000034,100011,200,100004,100,100012,100,99957,100,100014,100,99953,100,100043,100,99952,100,100049,100,99942,100,100060,100,99924,100,100072,100,99922,100,100079,100,,,100082,100,,,100097,100,,
2019-06-28 09:30:00.000000035,100011,200,100004,100,100012,100,99957,100,100014,100,99953,100,100025,100,99952,100,100043,100,99942,100,100049,100,99924,100,100060,100,99922,100,100072,100,,,100079,100,,,100082,100,,
2019-06-28 09:30:00.000000039,100011,200,100004,200,100012,100,99957,100,100014,100,99953,100,100025,100,99952,100,100043,100,99942,100,100049,100,99924,100,100060,100,99922,100,100072,100,,,100079,100,,,100082,100,,
2019-06-28 09:30:00.000000040,100011,200,100004,200,100012,100,99957,100,100014,100,99953,100,100025,100,99952,100,100043,100,99942,100,100049,100,99924,100,100060,100,99922,100,100062,100,,,100072,100,,,100079,100,,
2019-06-28 09:30:00.000000041,100011,200,100004,300,100012,100,99957,100,100014,100,99953,100,100025,100,99952,100,100043,100,99942,100,100049,100,99924,100,100060,100,99922,100,100062,100,,,100072,100,,,100079,100,,
2019-06-28 09:30:00.000000046,100011,200,100004,300,100012,100,99957,100,100014,100,99953,100,100025,100,99952,100,100043,100,99942,100,100049,100,99924,100,100060,100,99922,100,100062,100,99876,100,100072,100,,,100079,100,,
2019-06-28 09:30:00.000000047,100011,200,100004,300,100012,100,99957,100,100014,100,99953,100,100025,100,99952,100,100043,100,99942,100,100049,100,99924,100,100060,100,99922,100,100062,100,99894,100,100072,100,99876,100,100079,100,,
2019-06-28 09:30:00.000000048,100011,200,100004,300,100012,100,99957,100,100014,100,99953,100,100025,100,99952,100,100043,100,99942,100,100049,100,99924,100,100060,100,99922,100,100062,100,99894,100,100072,100,99876,100,100079,100,,
2019-06-28 09:30:00.000000049,100011,200,100004,300,100012,100,99957,100,100014,100,99953,100,100018,100,99952,100,100025,100,99942,100,100043,100,99924,100,100049,100,99922,100,100060,100,99894,100,100062,100,99876,100,100072,100,,
2019-06-28 09:30:00.000000050,100011,200,100004,300,100012,100,99957,100,100014,100,99953,100,100018,100,99952,100,100025,100,99942,100,100043,100,99924,100,100049,100,99922,100,100060,100,99894,100,100062,100,99876,100,100072,100,,
2019-06-28 09:30:00.000000054,100011,200,100004,300,100012,100,99957,100,100014,100,99953,100,100018,100,99952,100,100025,100,99942,100,100043,100,99924,100,100049,200,99922,100,100060,100,99894,100,100062,100,99876,100,100072,100,,
2019-06-28 09:30:00.000000056,100011,200,100004,300,100012,100,99957,100,100014,100,99953,100,100018,100,99952,100,100025,100,99942,100,100043,100,99924,100,100049,200,99922,100,100060,100,99894,100,100062,100,99886,100,100072,100,99876,100
2019-06-28 09:30:00.000000060,100011,300,100004,300,100012,100,99957,100,100014,100,99953,100,100018,100,99952,100,100025,100,99942,100,100043,100,99924,100,100049,200,99922,100,100060,100,99894,100,100062,100,99886,100,100072,100,99876,100
2019-06-28 09:30:00.000000061,100011,300,100004,300,100012,100,99957,100,100014,100,99953,100,100018,100,99952,100,100025,100,99942,100,100034,100,99924,100,100043,100,99922,100,100049,200,99900,100,100060,100,99894,100,100062,100,99886,100
2019-06-28 09:30:00.000000062,100011,300,100004,400,100012,100,99957,100,100014,100,99953,100,100018,100,99952,100,100025,100,99942,100,100034,100,99924,100,100043,100,99922,100,100049,200,99900,100,100060,100,99894,100,100062,100,99886,100
2019-06-28 09:30:00.000000063,100011,300,100004,400,100012,100,99957,100,100014,100,99953,100,100018,100,99952,100,100025,100,99942,100,100034,100,99924,100,100043,100,99922,100,100049,200,99900,100,100060,100,99894,100,100062,100,99886,100
2019-06-28 09:30:00.000000065,100011,300,100004,400,100012,100,99957,100,100014,100,99953,100,100018,100,99952,100,100025,100,99942,100,100034,100,99924,100,100043,100,99922,100,100049,200,99900,100,100060,100,99897,100,100062,100,99894,100
2019-06-28 09:30:00.000000068,100011,300,100004,400,100012,100,99957,100,100014,100,99953,100,100018,100,99952,100,100025,100,99942,100,100034,100,99924,100,100043,100,99922,100,100049,200,99901,100,100060,100,99900,100,100062,100,99897,100
2019-06-28 09:30:00.000000070,100011,300,100004,400,100012,100,99957,100,100014,100,99953,100,100018,100,99952,100,100025,100,99942,100,100034,100,99924,100,100043,100,99922,100,100049,200,99921,100,100060,100,99901,100,100062,100,99900,100
2019-06-28 09:30:00.000000071,100011,300,100004,300,100012,100,99957,100,100014,100,99953,100,100018,100,99952,100,100025,100,99942,100,100034,100,99924,100,100043,100,99922,100,100049,200,99921,100,100060,100,99901,100,100062,100,99900,100
2019-06-28 09:30:00.000000075,100011,300,100004,200,100012,100,99957,100,100014,100,99953,100,100018,100,99952,100,100025,100,99942,100,100034,100,99924,100,100043,100,99922,100,100049,200,99921,100,100052,100,99901,100,100060,100,99900,100
2019-06-28 09:30:00.000000080,100011,300,100004,200,100012,100,99957,100,100014,100,99953,100,100018,100,99952,100,100025,100,99942,100,100034,100,99924,100,100043,100,99922,100,100049,200,99921,100,100052,100,99901,100,100060,100,99900,100
2019-06-28 09:30:00.000000081,100011,300,100004,200,100012,100,99957,100,100014,100,99953,100,100018,100,99952,100,100025,100,99942,100,100034,100,99924,100,100043,100,99922,100,100049,200,99921,100,100052,100,99901,100,100060,100,99900,100
2019-06-28 09:30:00.000000082,100011,300,100004,200,100012,100,99957,100,100014,100,99953,100,100018,100,99952,100,100025,100,99942,100,100034,100,99924,100,100043,100,99922,100,100049,200,99921,100,100052,100,99901,100,100060,100,99900,100
2019-06-28 09:30:00.000000086,100011,300,100004,100,100012,100,99957,100,100014,100,99953,100,100018,100,99952,100,100025,100,99942,100,100034,100,99924,100,100043,100,99922,100,100049,200,99921,100,100052,100,99901,100,100060,100,99900,100
2019-06-28 09:30:00.000000088,100011,300,99957,100,100012,100,99953,100,100014,100,99952,100,100018,100,99942,100,100025,100,99924,100,100034,100,99922,100,100043,100,99921,100,100049,200,99901,100,100052,100,99900,100,100060,100,99897,100
2019-06-28 09:30:00.000000089,100011,300,99957,100,100012,100,99953,100,100014,100,99952,100,100018,100,99942,100,100025,100,99924,100,100034,100,99922,100,100043,100,99921,100,100049,200,99901,100,100052,100,99900,100,100060,100,99897,100
2019-06-28 09:30:00.000000090,100011,300,99969,100,100012,100,99957,100,100014,100,99953,100,100018,100,99952,100,100025,100,99942,100,100034,100,99924,100,100043,100,99922,100,100049,200,99921,100,100052,100,99901,100,100060,100,99900,100
2019-06-28 09:30:00.000000096,100011,300,99969,100,100012,100,99957,100,100014,100,99953,100,100018,100,99952,100,100025,100,99942,100,100034,100,99924,100,100043,200,99922,100,100049,200,99921,100,100052,100,99901,100,100060,100,99900,100
2019-06-28 09:30:00.000000097,100011,300,99969,100,100012,100,99957,100,100014,100,99953,100,100018,100,99952,100,100025,100,99942,100,100034,100,99924,100,100042,100,99922,100,100043,200,99921,100,100049,200,99901,100,100052,100,99900,100
2019-06-28 09:30:00.000000099,100011,300,99969,100,100012,100,99957,100,100014,100,99953,100,100018,100,99952,100,100025,100,99942,100,100034,100,99924,100,100042,100,99922,100,100043,200,99921,100,100049,200,99901,100,100052,100,99900,100
2019-06-28 09:30:01.664686779,100004,100,99969,100,100011,300,99957,100,100012,100,99953,100,100014,100,99952,100,100018,100,99942,100,100025,100,99924,100,100034,100,99922,100,100042,100,99921,100,100043,200,99901,100,100049,200,99900,100
2019-06-28 09:30:10.000000000,100004,170,99969,170,100011,370,99957,170,100012,170,99953,170,100014,170,99952,170,100018,170,99942,170,100025,100,99924,100,100034,100,99922,100,100042,100,99921,100,100043,200,99901,100,100049,200,99900,100
2019-06-28 09:30:20.000000000,100004,188,99969,188,100011,388,99957,188,100012,188,99953,188,100014,188,99952,188,100018,100,99942,100,100025,100,99924,100,100034,100,99922,100,100042,100,99921,100,100043,200,99901,100,100049,200,99900,100
2019-06-28 09:30:22.071383529,100004,288,99969,188,100011,388,99957,188,100012,188,99953,188,100014,188,99952,188,100018,100,99942,100,100025,100,99924,100,100034,100,99922,100,100042,100,99921,100,100043,200,99901,100,100049,200,99900,100
2019-06-28 09:30:30.000000000,100004,270,99969,170,100011,370,99957,170,100012,170,99953,170,100014,170,99952,170,100018,170,99942,170,100025,100,99924,100,100034,100,99922,100,100042,100,99921,100,100043,200,99901,100,100049,200,99900,100
2019-06-28 09:30:31.129100702,100004,370,99969,170,100011,270,99957,170,100012,170,99953,170,100014,170,99952,170,100018,170,99942,170,100025,100,99924,100,100034,100,99922,100,100042,100,99921,100,100043,200,99901,100,100049,200,99900,100
2019-06-28 09:30:39.256923615,100004,370,99975,100,100011,270,99969,170,100012,170,99957,170,100014,170,99953,170,100018,170,99952,170,100025,100,99942,170,100034,100,99924,100,100042,100,99922,100,100043,200,99921,100,100049,200,99901,100
2019-06-28 09:30:40.000000000,100004,388,99975,188,100011,288,99969,188,100012,188,99957,188,100014,188,99953,188,100018,100,99952,100,100025,100,99942,100,100034,100,99924,100,100042,100,99922,100,100043,200,99921,100,100049,200,99901,100
2019-06-28 09:30:47.254864085,99983,100,99975,188,100004,388,99969,188,100011,288,99957,188,100012,188,99953,188,100014,188,99952,100,100018,100,99942,100,100025,100,99924,100,100034,100,99922,100,100042,100,99921,100,100043,200,99901,100
2019-06-28 09:30:50.000000000,99983,170,99975,170,100004,370,99969,170,100011,270,99957,170,100012,170,99953,170,100014,170,99952,170,100018,100,99942,100,100025,100,99924,100,100034,100,99922,100,100042,100,99921,100,100043,200,99901,100
2019-06-28 09:31:00.000000000,99983,188,99975,188,100004,388,99969,188,100011,288,99957,188,100012,188,99953,188,100014,100,99952,100,100018,100,99942,100,100025,100,99924,100,100034,100,99922,100,100042,100,99921,100,100043,200,99901,100
2019-06-28 09:31:00.852514677,99983,188,99975,88,100004,388,99969,188,100011,288,99957,188,100012,188,99953,188,100014,100,99952,100,100018,100,99942,100,100025,100,99924,100,100034,100,99922,100,100042,100,99921,100,100043,200,99901,100
2019-06-28 09:31:01.555236410,99975,12,99969,188,99983,188,99957,188,100004,388,99953,188,100011,288,99952,100,100012,188,99942,100,100014,100,99924,100,100018,100,99922,100,100025,100,99921,100,100034,100,99901,100,100042,100,99900,100
2019-06-28 09:31:10.000000000,99975,187,99969,275,99983,275,99957,275,100004,300,99953,100,100011,200,99952,100,100012,100,99942,100,100014,100,99924,100,100018,100,99922,100,100025,100,99921,100,100034,100,99901,100,100042,100,99900,100
2019-06-28 09:31:15.417725665,99975,187,99969,275,99983,275,99957,275,100004,300,99953,100,100011,200,99952,100,100012,100,99942,100,100014,100,99924,100,100018,100,99922,100,100025,100,99921,100,100034,100,99901,100,100042,100,99900,100
2019-06-28 09:31:17.942288402,99975,187,99969,275,99983,275,99957,275,100004,300,99953,100,100011,200,99952,100,100012,100,99942,100,100014,100,99924,100,100018,100,99922,100,100025,100,99921,100,100034,100,99901,100,100042,100,99900,100
2019-06-28 09:31:20.000000000,99975,131,99969,219,99983,216,99957,216,100004,416,99953,216,100011,200,99952,100,100012,100,99942,100,100014,100,99924,100,100018,100,99922,100,100025,100,99921,100,100034,100,99901,100,100042,100,99900,100
2019-06-28 09:31:23.660139316,99975,131,99969,219,99983,216,99957,216,100004,416,99953,216,100011,200,99952,100,100012,100,99942,100,100014,100,99924,100,100018,100,99922,100,100025,100,99921,100,100034,100,99901,100,100042,100,99900,100
2019-06-28 09:31:30.000000000,99975,362,99969,450,99983,100,99957,100,100004,300,99953,100,100011,200,99952,100,100012,100,99942,100,100014,100,99924,100,100018,100,99922,100,100025,100,99921,100,100034,100,99901,100,100042,100,99900,100
2019-06-28 09:31:35.379736271,99975,362,99969,450,99983,100,99957,100,100004,300,99953,100,100011,200,99952,100,100012,100,99942,100,100014,100,99924,100,100018,100,99922,100,100034,100,99921,100,100042,100,99901,100,100043,200,99900,100
2019-06-28 09:31:40.000000000,99975,100,99969,188,99983,188,99957,188,100004,388,99953,188,100011,288,99952,188,100012,100,99942,100,100014,100,99924,100,100018,100,99922,100,100034,100,99921,100,100042,100,99901,100,100043,200,99900,100
2019-06-28 09:31:44.871987025,99975,100,99969,188,99983,88,99957,188,100004,388,99953,188,100011,288,99952,188,100012,100,99942,100,100014,100,99924,100,100018,100,99922,100,100034,100,99921,100,100042,100,99901,100,100043,200,99900,100
2019-06-28 09:31:50.000000000,99975,131,99969,219,100004,416,99957,216,100011,316,99953,216,100012,100,99952,100,100014,100,99942,100,100018,100,99924,100,100034,100,99922,100,100042,100,99921,100,100043,200,99901,100,100049,200,99900,100
2019-06-28 09:31:55.249690884,99975,131,99969,119,100004,416,99957,216,100011,316,99953,216,100012,100,99952,100,100014,100,99942,100,100018,100,99924,100,100034,100,99922,100,100042,100,99921,100,100043,200,99901,100,100049,200,99900,100
2019-06-28 09:31:59.180158657,99975,131,99969,19,100004,416,99957,216,100011,316,99953,216,100012,100,99952,100,100014,100,99942,100,100018,100,99924,100,100034,100,99922,100,100042,100,99921,100,100043,200,99901,100,100049,200,99900,100
2019-06-28 09:32:00.000000000,99975,100,99957,188,100004,388,99953,188,100011,288,99952,188,100012,188,99942,188,100014,100,99924,100,100018,100,99922,100,100034,100,99921,100,100042,100,99901,100,100043,200,99900,100,100049,200,99897,100
2019-06-28 09:32:10.000000000,99975,362,99957,450,100004,300,99953,100,100011,200,99952,100,100012,100,99942,100,100014,100,99924,100,100018,100,99922,100,100034,100,99921,100,100042,100,99901,100,100043,200,99900,100,100049,200,99897,100
2019-06-28 09:32:20.000000000,99975,82,99957,170,100004,370,99953,170,100011,270,99952,170,100012,170,99942,170,100014,170,99924,170,100018,100,99922,100,100034,100,99921,100,100042,100,99901,100,100043,200,99900,100,100049,200,99897,100
2019-06-28 09:32:21.491844577,99975,82,99957,170,100004,370,99953,170,100011,270,99952,170,100012,170,99942,170,100014,170,99924,170,100034,100,99922,100,100042,100,99921,100,100043,200,99902,100,100049,200,99901,100,100052,100,99900,100
2019-06-28 09:32:30.000000000,99975,82,99957,170,100004,370,99953,170,100011,270,99952,170,100012,170,99942,170,100014,170,99924,170,100034,100,99922,100,100042,100,99921,100,100043,200,99902,100,100049,200,99901,100,100052,100,99900,100
2019-06-28 09:32:32.437691920,99975,82,99957,170,100004,370,99953,170,100011,270,99952,170,100012,170,99942,170,100014,170,99924,170,100034,100,99922,100,100042,100,99921,100,100043,200,99902,100,100049,200,99901,100,100052,100,99900,100
2019-06-28 09:32:40.000000000,99975,100,99957,188,100004,388,99953,188,100011,288,99952,188,100012,188,99942,188,100014,100,99924,100,100034,100,99922,100,100042,100,99921,100,100043,200,99902,100,100049,200,99901,100,100052,100,99900,100
2019-06-28 09:32:43.662816007,99975,100,99957,188,100004,388,99953,188,100009,100,99952,188,100011,288,99942,188,100012,188,99924,100,100034,100,99922,100,100042,100,99921,100,100043,200,99902,100,100049,200,99901,100,100052,100,99900,100
2019-06-28 09:32:50.000000000,99975,362,99957,450,100004,300,99953,100,100009,100,99952,100,100011,200,99942,100,100012,100,99924,100,100034,100,99922,100,100042,100,99921,100,100043,200,99902,100,100049,200,99901,100,100052,100,99900,100
2019-06-28 09:32:58.328418848,99975,362,99970,100,100004,300,99957,450,100009,100,99953,100,100011,200,99952,100,100012,100,99942,100,100034,100,99924,100,100042,100,99922,100,100043,200,99921,100,100049,200,99902,100,100052,100,99901,100
2019-06-28 09:33:00.000000000,99975,100,99970,188,100004,388,99957,188,100009,188,99953,188,100011,288,99952,188,100012,100,99942,100,100034,100,99924,100,100042,100,99922,100,100043,200,99921,100,100049,200,99902,100,100052,100,99901,100
2019-06-28 09:33:10.000000000,99975,362,99970,450,100004,300,99957,100,100009,100,99953,100,100011,200,99952,100,100012,100,99942,100,100034,100,99924,100,100042,100,99922,100,100043,200,99921,100,100049,200,99902,100,100052,100,99901,100
2019-06-28 09:33:20.000000000,99975,187,99970,275,100004,475,99957,275,100009,100,99953,100,100011,200,99952,100,100012,100,99942,100,100034,100,99924,100,100042,100,99922,100,100043,200,99921,100,100049,200,99902,100,100052,100,99901,100
2019-06-28 09:33:30.000000000,99975,100,99970,188,100004,388,99957,188,100009,188,99953,188,100011,288,99952,188,100012,100,99942,100,100034,100,99924,100,100042,100,99922,100,100043,200,99921,100,100049,200,99902,100,100052,100,99901,100
2019-06-28 09:33:33.305804377,100004,388,99970,188,100009,188,99957,188,100011,288,99953,188,100012,100,99952,188,100034,100,99942,100,100042,100,99924,100,100043,100,99922,100,100049,200,99921,100,100052,100,99902,100,100060,100,99901,100
2019-06-28 09:33:40.000000000,100004,388,99970,188,100009,188,99957,188,100011,288,99953,188,100012,188,99952,188,100034,100,99942,100,100042,100,99924,100,100043,100,99922,100,100049,200,99921,100,100052,100,99902,100,100060,100,99901,100
2019-06-28 09:33:40.628739033,100004,388,99970,188,100009,188,99957,188,100011,288,99953,188,100012,188,99952,188,100034,100,99942,100,100042,100,99924,100,100043,100,99922,100,100049,200,99921,100,100052,100,99902,100,100060,100,99901,100
2019-06-28 09:33:46.362757459,100004,388,99970,188,100009,188,99957,188,100011,288,99953,188,100012,188,99952,188,100034,100,99942,100,100043,100,99924,100,100049,200,99922,100,100052,100,99921,100,100060,100,99902,100,100062,100,99901,100
2019-06-28 09:33:50.000000000,100004,475,99970,275,100009,275,99957,275,100011,200,99953,100,100012,100,99952,100,100034,100,99942,100,100043,100,99924,100,100049,200,99922,100,100052,100,99921,100,100060,100,99902,100,100062,100,99901,100
2019-06-28 09:34:00.000000000,100004,370,99970,170,100009,170,99957,170,100011,270,99953,170,100012,170,99952,170,100034,170,99942,170,100043,100,99924,100,100049,200,99922,100,100052,100,99921,100,100060,100,99902,100,100062,100,99901,100
2019-06-28 09:34:09.170457322,100004,370,99970,170,100009,170,99957,170,100011,270,99953,170,100012,170,99952,170,100034,170,99942,170,100043,100,99924,100,100049,200,99922,100,100052,100,99921,100,100060,100,99902,100,100062,100,99901,100
2019-06-28 09:34:10.000000000,100004,419,99970,219,100009,216,99957,216,100011,316,99953,216,100012,100,99952,100,100034,100,99942,100,100043,100,99924,100,100049,200,99922,100,100052,100,99921,100,100060,100,99902,100,100062,100,99901,100
2019-06-28 09:34:20.000000000,100004,419,99970,219,100009,216,99957,216,100011,316,99953,216,100012,100,99952,100,100034,100,99942,100,100043,100,99924,100,100049,200,99922,100,100052,100,99921,100,100060,100,99902,100,100062,100,99901,100
2019-06-28 09:34:22.096926475,99974,100,99970,219,100004,419,99957,216,100009,216,99953,116,100011,316,99952,100,100012,100,99942,100,100034,100,99924,100,100043,100,99922,100,100049,200,99921,100,100052,100,99902,100,100060,100,99901,100
2019-06-28 09:34:30.000000000,99974,219,99970,219,100004,416,99957,216,100009,216,99952,216,100011,200,99942,100,100012,100,99924,100,100034,100,99922,100,100043,100,99921,100,100049,200,99902,100,100052,100,99901,100,100060,100,99900,100
2019-06-28 09:34:40.000000000,99974,450,99970,450,100004,300,99957,100,100009,100,99952,100,100011,200,99942,100,100012,100,99924,100,100034,100,99922,100,100043,100,99921,100,100049,200,99902,100,100052,100,99901,100,100060,100,99900,100
2019-06-28 09:34:50.000000000,99974,219,99970,219,100004,416,99957,216,100009,216,99952,216,100011,200,99942,100,100012,100,99924,100,100034,100,99922,100,100043,100,99921,100,100049,200,99902,100,100052,100,99901,100,100060,100,99900,100
2019-06-28 09:34:52.295746125,99974,219,99970,119,100004,416,99957,216,100009,216,99952,216,100011,200,99942,100,100012,100,99924,100,100034,100,99922,100,100043,100,99921,100,100049,100,99902,100,100052,100,99901,100,100060,100,99900,100
2019-06-28 09:34:52.869111223,99973,100,99970,119,99974,219,99957,216,100004,416,99952,216,100009,216,99942,100,100011,200,99924,100,100012,100,99922,100,100034,100,99921,100,100043,100,99902,100,100049,100,99901,100,100052,100,99900,100
2019-06-28 09:35:00.000000000,99973,275,99957,275,99974,275,99952,275,100004,300,99942,100,100009,100,99924,100,100011,200,99922,100,100012,100,99921,100,100034,100,99902,100,100043,100,99901,100,100049,100,99900,100,100052,100,99897,100
2019-06-28 09:35:10.000000000,99973,170,99957,170,99974,170,99952,170,100004,370,99942,170,100009,170,99924,170,100011,270,99922,170,100012,100,99921,100,100034,100,99902,100,100043,100,99901,100,100049,100,99900,100,100052,100,99897,100
2019-06-28 09:35:14.849289949,99973,170,99957,70,99974,170,99952,170,100004,370,99942,170,100009,170,99924,170,100011,270,99922,170,100012,100,99902,100,100034,100,99901,100,100043,100,99900,100,100049,100,99897,100,100052,100,99886,100
2019-06-28 09:35:18.471015617,99957,30,99952,170,99973,170,99942,170,99974,170,99924,170,100004,370,99922,170,100009,170,99902,100,100011,270,99901,100,100012,100,99900,100,100034,100,99897,100,100043,100,99886,100,100049,100,99821,100
2019-06-28 09:35:20.000000000,99957,100,99952,170,99973,170,99942,170,99974,170,99924,170,100004,370,99922,170,100009,170,99902,170,100011,200,99901,100,100012,100,99900,100,100034,100,99897,100,100043,100,99886,100,100049,100,99821,100
2019-06-28 09:35:30.000000000,99957,149,99952,219,99973,216,99942,216,99974,216,99924,216,100004,300,99922,100,100009,100,99902,100,100011,200,99901,100,100012,100,99900,100,100034,100,99897,100,100043,100,99886,100,100049,100,99821,100
2019-06-28 09:35:39.273183924,99957,149,99952,119,99973,216,99942,216,99974,216,99924,216,100004,300,99922,100,100009,100,99902,100,100011,200,99901,100,100012,100,99900,100,100034,100,99897,100,100043,100,99886,100,100049,100,99821,100
2019-06-28 09:35:40.000000000,99957,205,99942,275,99973,275,99924,275,99974,100,99922,100,100004,300,99902,100,100009,100,99901,100,100011,200,99900,100,100012,100,99897,100,100034,100,99886,100,100043,100,99821,100,100049,100,99724,100
2019-06-28 09:35:41.500320533,99957,205,99942,175,99973,275,99924,275,99974,100,99922,100,100004,300,99902,100,100009,100,99901,100,100011,200,99900,100,100012,100,99897,100,100034,100,99886,100,100043,100,99821,100,100049,100,99724,100
2019-06-28 09:35:50.000000000,99957,118,99924,188,99973,188,99922,188,99974,188,99902,188,100004,388,99901,188,100009,100,99900,100,100011,200,99897,100,100012,100,99886,100,100034,100,99821,100,100043,100,99724,100,100049,100,99610,100
2019-06-28 09:35:56.735140727,99957,88,99924,188,99973,188,99922,188,99974,188,99902,188,100004,388,99901,188,100009,100,99900,100,100011,200,99897,100,100012,100,99886,100,100034,100,99821,100,100043,100,99724,100,100049,100,99610,100
2019-06-28 09:36:00.000000000,99973,170,99924,170,99974,170,99922,170,100004,370,99902,170,100009,170,99901,170,100011,270,99900,170,100012,100,99897,100,100034,100,99886,100,100043,100,99821,100,100049,100,99724,100,100052,100,99610,100
2019-06-28 09:36:10.000000000,99973,188,99924,188,99974,188,99922,188,100004,388,99902,188,100009,188,99901,188,100011,200,99900,100,100012,100,99897,100,100034,100,99886,100,100043,100,99821,100,100049,100,99724,100,100052,100,99610,100
2019-06-28 09:36:11.278454359,99952,100,99924,188,99973,188,99922,188,99974,188,99902,188,100004,388,99901,188,100009,188,99900,100,100011,200,99897,100,100012,100,99886,100,100034,100,99821,100,100043,100,99724,100,100049,100,99610,100
2019-06-28 09:36:20.000000000,99952,170,99924,170,99973,170,99922,170,99974,170,99902,170,100004,370,99901,170,100009,170,99900,170,100011,200,99897,100,100012,100,99886,100,100034,100,99821,100,100043,100,99724,100,100049,100,99610,100
2019-06-28 09:36:23.952828375,99952,170,99924,170,99973,170,99922,170,99974,170,99902,170,100004,370,99901,70,100009,170,99900,170,100011,200,99897,100,100012,100,99886,100,100034,100,99821,100,100043,100,99724,100,100049,100,99610,100
2019-06-28 09:36:30.000000000,99952,188,99924,188,99973,188,99922,188,99974,188,99902,188,100004,388,99900,188,100009,100,99897,100,100011,200,99886,100,100012,100,99821,100,100034,100,99724,100,100043,100,99610,100,100049,100,99510,100
2019-06-28 09:36:40.000000000,99952,188,99924,188,99973,188,99922,188,99974,188,99902,188,100004,388,99900,188,100009,100,99897,100,100011,200,99886,100,100012,100,99821,100,100034,100,99724,100,100043,100,99610,100,100049,100,99510,100
2019-06-28 09:36:50.000000000,99952,275,99924,275,99973,275,99922,275,99974,100,99902,100,100004,300,99900,100,100009,100,99897,100,100011,200,99886,100,100012,100,99821,100,100034,100,99724,100,100043,100,99610,100,100049,100,99510,100
2019-06-28 09:37:00.000000000,99952,219,99924,219,99973,216,99922,216,99974,216,99902,216,100004,300,99900,100,100009,100,99897,100,100011,200,99886,100,100012,100,99821,100,100034,100,99724,100,100043,100,99610,100,100049,100,99510,100
2019-06-28 09:37:10.000000000,99952,188,99924,188,99973,188,99922,188,99974,188,99902,188,100004,388,99900,188,100009,100,99897,100,100011,200,99886,100,100012,100,99821,100,100034,100,99724,100,100043,100,99610,100,100049,100,99510,100
2019-06-28 09:37:20.000000000,99952,188,99924,188,99973,188,99922,188,99974,188,99902,188,100004,388,99900,188,100009,100,99897,100,100011,200,99886,100,100012,100,99821,100,100034,100,99724,100,100043,100,99610,100,100049,100,99510,100
2019-06-28 09:37:26.810115460,99952,188,99924,88,99973,188,99922,188,99974,188,99902,188,100004,388,99900,188,100009,100,99897,100,100011,200,99886,100,100012,100,99821,100,100034,100,99724,100,100043,100,99610,100,100049,100,99510,100
2019-06-28 09:37:30.000000000,99952,188,99922,188,99973,188,99902,188,99974,188,99900,188,100004,388,99897,188,100009,100,99886,100,100011,200,99821,100,100012,100,99724,100,100034,100,99610,100,100043,100,99510,100,100049,100,99486,100
2019-06-28 09:37:31.235694176,99952,188,99922,188,99973,188,99902,188,99974,188,99900,188,100004,388,99897,188,100009,100,99886,100,100011,200,99821,100,100012,100,99724,100,100034,100,99610,100,100043,100,99510,100,100049,100,99486,100
2019-06-28 09:37:34.119976208,99952,188,99922,188,99973,188,99902,188,99974,188,99900,188,100004,388,99897,188,100009,100,99886,100,100011,200,99821,100,100012,100,99724,100,100034,100,99610,100,100043,100,99510,100,100049,100,99486,100
2019-06-28 09:37:40.000000000,99952,275,99922,275,99973,275,99902,275,99974,100,99900,100,100004,300,99897,100,100009,100,99886,100,100011,200,99821,100,100012,100,99724,100,100034,100,99610,100,100043,100,99510,100,100049,100,99486,100
2019-06-28 09:37:50.000000000,99952,170,99922,170,99973,170,99902,170,99974,170,99900,170,100004,370,99897,170,100009,170,99886,170,100011,200,99821,100,100012,100,99724,100,100034,100,99610,100,100043,100,99510,100,100049,100,99486,100
2019-06-28 09:38:00.000000000,99952,188,99922,188,99973,188,99902,188,99974,188,99900,188,100004,388,99897,188,100009,100,99886,100,100011,200,99821,100,100012,100,99724,100,100034,100,99610,100,100043,100,99510,100,100049,100,99486,100
2019-06-28 09:38:05.587542897,99952,188,99922,188,99973,188,99902,188,99974,188,99900,188,100004,388,99897,188,100009,100,99886,100,100011,200,99821,100,100012,100,99724,100,100034,100,99610,100,100043,100,99510,100,100049,100,99486,100
2019-06-28 09:38:10.000000000,99952,188,99922,188,99973,188,99902,188,99974,188,99900,188,100004,388,99897,188,100009,100,99886,100,100011,200,99821,100,100012,100,99724,100,100034,100,99610,100,100043,100,99510,100,100049,100,99486,100
2019-06-28 09:38:20.000000000,99952,219,99922,219,99973,216,99902,216,99974,216,99900,216,100004,300,99897,100,100009,100,99886,100,100011,200,99821,100,100012,100,99724,100,100034,100,99610,100,100043,100,99510,100,100049,100,99486,100
2019-06-28 09:38:30.000000000,99952,275,99922,275,99973,275,99902,275,99974,100,99900,100,100004,300,99897,100,100009,100,99886,100,100011,200,99821,100,100012,100,99724,100,100034,100,99610,100,100043,100,99510,100,100049,100,99486,100
2019-06-28 09:38:30.133790852,99952,275,99922,175,99973,275,99902,275,99974,100,99900,100,100004,300,99897,100,100009,100,99886,100,100011,200,99724,100,100012,100,99610,100,100034,100,99510,100,100043,100,99486,100,100049,100,99417,100
2019-06-28 09:38:34.009844596,99924,100,99922,175,99952,275,99902,275,99973,275,99900,100,100004,300,99897,100,100009,100,99886,100,100011,200,99724,100,100012,100,99610,100,100034,100,99510,100,100043,100,99486,100,100049,100,99417,100
2019-06-28 09:38:34.246092734,99924,100,99922,175,99952,275,99902,275,99973,275,99900,100,100004,300,99897,100,100009,100,99886,100,100011,200,99724,100,100012,100,99610,100,100034,100,99510,100,100043,100,99486,100,100049,100,99417,100
2019-06-28 09:38:40.000000000,99924,170,99902,170,99952,170,99900,170,99973,170,99897,170,100004,370,99886,170,100009,170,99724,170,100011,200,99610,100,100012,100,99510,100,100034,100,99486,100,100043,100,99417,100,100049,100,99367,100
2019-06-28 09:38:50.000000000,99924,275,99902,275,99952,275,99900,275,99973,100,99897,100,100004,300,99886,100,100009,100,99724,100,100011,200,99610,100,100012,100,99510,100,100034,100,99486,100,100043,100,99417,100,100049,100,99367,100
2019-06-28 09:38:53.482081811,99924,275,99902,275,99952,275,99900,275,99973,100,99897,100,100004,300,99886,100,100009,100,99724,100,100011,200,99610,100,100012,100,99528,100,100034,100,99510,100,100043,100,99486,100,100049,100,99417,100
2019-06-28 09:39:00.000000000,99924,188,99902,188,99952,188,99900,188,99973,188,99897,188,100004,388,99886,188,100009,100,99724,100,100011,200,99610,100,100012,100,99528,100,100034,100,99510,100,100043,100,99486,100,100049,100,99417,100
2019-06-28 09:39:10.000000000,99924,188,99902,188,99952,188,99900,188,99973,188,99897,188,100004,388,99886,188,100009,100,99724,100,100011,200,99610,100,100012,100,99528,100,100034,100,99510,100,100043,100,99486,100,100049,100,99417,100
2019-06-28 09:39:20.000000000,99924,450,99902,450,99952,100,99900,100,99973,100,99897,100,100004,300,99886,100,100009,100,99724,100,100011,200,99610,100,100012,100,99528,100,100034,100,99510,100,100043,100,99486,100,100049,100,99417,100
2019-06-28 09:39:29.251380188,99924,450,99902,350,99952,100,99900,100,99973,100,99897,100,100004,300,99724,100,100009,100,99610,100,100011,200,99528,100,100012,100,99510,100,100034,100,99486,100,100043,100,99417,100,100049,100,99367,100
2019-06-28 09:39:30.000000000,99924,219,99900,219,99952,216,99897,216,99973,216,99724,216,100004,300,99610,100,100009,100,99528,100,100011,200,99510,100,100012,100,99486,100,100034,100,99417,100,100043,100,99367,100,100049,100,99118,100
2019-06-28 09:39:40.000000000,99924,450,99900,450,99952,100,99897,100,99973,100,99724,100,100004,300,99610,100,100009,100,99528,100,100011,200,99510,100,100012,100,99486,100,100034,100,99417,100,100043,100,99367,100,100049,100,99118,100
2019-06-28 09:39:46.708367979,99922,100,99900,450,99924,450,99897,100,99952,100,99724,100,99973,100,99610,100,100004,300,99528,100,100009,100,99510,100,100011,200,99486,100,100012,100,99417,100,100034,100,99367,100,100043,100,99118,100
2019-06-28 09:39:50.000000000,99922,170,99900,170,99924,170,99897,170,99952,170,99724,170,99973,170,99610,170,100004,370,99528,170,100009,100,99510,100,100011,200,99486,100,100012,100,99417,100,100034,100,99367,100,100043,100,99118,100
2019-06-28 09:40:00.000000000,99922,450,99900,450,99924,100,99897,100,99952,100,99724,100,99973,100,99610,100,100004,300,99528,100,100009,100,99510,100,100011,200,99486,100,100012,100,99417,100,100034,100,99367,100,100043,100,99118,100
2019-06-28 09:40:10.000000000,99922,188,99900,188,99924,188,99897,188,99952,188,99724,188,99973,188,99610,188,100004,300,99528,100,100009,100,99510,100,100011,200,99486,100,100012,100,99417,100,100034,100,99367,100,100043,100,99118,100
2019-06-28 09:40:20.000000000,99922,188,99900,188,99924,188,99897,188,99952,188,99724,188,99973,188,99610,188,100004,300,99528,100,100009,100,99510,100,100011,200,99486,100,100012,100,99417,100,100034,100,99367,100,100043,100,99118,100
2019-06-28 09:40:30.000000000,99922,450,99900,450,99924,100,99897,100,99952,100,99724,100,99973,100,99610,100,100004,300,99528,100,100009,100,99510,100,100011,200,99486,100,100012,100,99417,100,100034,100,99367,100,100043,100,99118,100
2019-06-28 09:40:35.127198459,99922,450,99900,250,99924,100,99897,100,99952,100,99724,100,99973,100,99610,100,100004,300,99528,100,100009,100,99510,100,100011,200,99486,100,100012,100,99417,100,100034,100,99367,100,100043,100,99118,100
2019-06-28 09:40:40.000000000,99922,170,99897,170,99924,170,99724,170,99952,170,99610,170,99973,170,99528,170,100004,370,99510,170,100009,100,99486,100,100011,200,99417,100,100012,100,99367,100,100034,100,99118,100,100043,100,99082,100
2019-06-28 09:40:44.666643733,99902,100,99897,170,99922,170,99724,170,99924,170,99610,170,99952,170,99528,170,99973,170,99510,170,100004,370,99486,100,100009,100,99417,100,100011,200,99367,100,100012,100,99118,100,100034,100,99082,100
2019-06-28 09:40:50.000000000,99902,219,99897,219,99922,216,99724,216,99924,216,99610,216,99952,100,99528,100,99973,100,99510,100,100004,300,99486,100,100009,100,99417,100,100011,200,99367,100,100012,100,99118,100,100034,100,99082,100
2019-06-28 09:40:58.325317045,99902,119,99897,219,99922,216,99724,216,99924,216,99610,216,99952,100,99528,100,99973,100,99510,100,100004,300,99486,100,100009,100,99417,100,100011,200,99367,100,100012,100,99118,100,100034,100,99082,100
2019-06-28 09:41:00.000000000,99922,219,99897,219,99924,216,99724,216,99952,216,99610,216,99973,100,99528,100,100004,300,99510,100,100009,100,99486,100,100011,200,99417,100,100012,100,99367,100,100034,100,99118,100,100043,100,99082,100
2019-06-28 09:41:03.575757817,99922,119,99897,219,99924,216,99724,216,99952,216,99610,216,99973,100,99528,100,100004,300,99510,100,100009,100,99486,100,100011,200,99417,100,100012,100,99367,100,100034,100,99118,100,100043,100,99082,100
2019-06-28 09:41:10.000000000,99924,219,99897,219,99952,216,99724,216,99973,216,99610,216,100004,300,99528,100,100009,100,99510,100,100011,200,99486,100,100012,100,99417,100,100034,100,99367,100,100043,100,99118,100,100049,100,99082,100
2019-06-28 09:41:20.000000000,99924,188,99897,188,99952,188,99724,188,99973,188,99610,188,100004,388,99528,188,100009,100,99510,100,100011,200,99486,100,100012,100,99417,100,100034,100,99367,100,100043,100,99118,100,100049,100,99082,100
2019-06-28 09:41:20.834660026,99924,188,99897,188,99952,188,99724,288,99973,188,99610,188,100004,388,99528,188,100009,100,99510,100,100011,200,99486,100,100012,100,99417,100,100034,100,99367,100,100043,100,99118,100,100049,100,99082,100
2019-06-28 09:41:30.000000000,99924,450,99897,450,99952,100,99724,200,99973,100,99610,100,100004,300,99528,100,100009,100,99510,100,100011,200,99486,100,100012,100,99417,100,100034,100,99367,100,100043,100,99118,100,100049,100,99082,100
2019-06-28 09:41:40.000000000,99924,219,99897,219,99952,216,99724,316,99973,216,99610,216,100004,300,99528,100,100009,100,99510,100,100011,200,99486,100,100012,100,99417,100,100034,100,99367,100,100043,100,99118,100,100049,100,99082,100
2019-06-28 09:41:46.490480762,99916,100,99897,219,99924,219,99724,316,99952,216,99610,216,99973,216,99528,100,100004,300,99510,100,100009,100,99486,100,100011,200,99417,100,100012,100,99367,100,100034,100,99082,100,100043,100,,
2019-06-28 09:41:50.000000000,99916,450,99897,450,99924,100,99724,200,99952,100,99610,100,99973,100,99528,100,100004,300,99510,100,100009,100,99486,100,100011,200,99417,100,100012,100,99367,100,100034,100,99082,100,100043,100,,
2019-06-28 09:41:56.242187712,99916,450,99897,350,99924,100,99724,200,99952,100,99610,100,99973,100,99528,100,100004,300,99510,100,100009,100,99486,100,100011,200,99417,100,100012,100,99367,100,100034,100,99082,100,100043,100,,
2019-06-28 09:41:59.608927959,99916,450,99897,350,99924,100,99724,200,99952,100,99610,100,99973,100,99528,100,100004,300,99510,100,100009,100,99486,100,100011,100,99417,100,100012,100,99367,100,100034,100,99082,100,100043,100,,
2019-06-28 09:42:00.000000000,99916,170,99724,270,99924,170,99610,170,99952,170,99528,170,99973,170,99510,170,100004,370,99486,170,100009,100,99417,100,100011,100,99367,100,100012,100,99082,100,100034,100,,,100043,100,,
2019-06-28 09:42:10.000000000,99916,450,99724,550,99924,100,99610,100,99952,100,99528,100,99973,100,99510,100,100004,300,99486,100,100009,100,99417,100,100011,100,99367,100,100012,100,99082,100,100034,100,,,100043,100,,
2019-06-28 09:42:18.019139594,99916,350,99724,550,99924,100,99610,100,99952,100,99528,100,99973,100,99510,100,100004,300,99486,100,100009,100,99417,100,100011,100,99367,100,100012,100,,,100034,100,,,100043,100,,
2019-06-28 09:42:18.082788160,99916,250,99724,550,99924,100,99610,100,99952,100,99528,100,99973,100,99510,100,100004,300,99486,100,100009,100,99417,100,100011,100,99367,100,100012,100,,,100034,100,,,100043,100,,
2019-06-28 09:42:20.000000000,99924,170,99724,270,99952,170,99610,170,99973,170,99528,170,100004,370,99510,170,100009,170,99486,170,100011,100,99417,100,100012,100,99367,100,100034,100,,,100043,100,,,100049,100,,
2019-06-28 09:42:26.337032978,99924,170,99724,270,99952,170,99610,170,99973,170,99528,170,100004,370,99510,170,100009,170,99486,170,100011,100,99417,100,100012,100,99367,100,100034,100,,,100043,100,,,100049,100,,
2019-06-28 09:42:30.000000000,99924,275,99724,375,99952,275,99610,275,99973,100,99528,100,100004,300,99510,100,100009,100,99486,100,100011,100,99417,100,100012,100,99367,100,100034,100,,,100043,100,,,100049,100,,
2019-06-28 09:42:40.000000000,99924,170,99724,270,99952,170,99610,170,99973,170,99528,170,100004,370,99510,170,100009,170,99486,170,100011,100,99417,100,100012,100,99367,100,100034,100,,,100043,100,,,100049,100,,
2019-06-28 09:42:50.000000000,99924,219,99724,319,99952,216,99610,216,99973,216,99528,216,100004,300,99510,100,100009,100,99486,100,100011,100,99417,100,100012,100,99367,100,100034,100,,,100043,100,,,100049,100,,
2019-06-28 09:42:50.447812895,99924,219,99724,319,99952,216,99610,216,99973,216,99528,216,100004,300,99510,100,100009,100,99486,100,100011,100,99417,100,100012,100,99367,100,100034,100,,,100043,100,,,100049,100,,
2019-06-28 09:42:54.308622325,99924,119,99724,319,99952,216,99610,216,99973,216,99528,216,100004,300,99510,100,100009,100,99486,100,100011,100,99417,100,100034,100,99367,100,100043,100,,,100049,100,,,100060,100,,
2019-06-28 09:43:00.000000000,99952,219,99724,319,99973,216,99610,216,100004,416,99528,216,100009,100,99510,100,100011,100,99486,100,100034,100,99417,100,100043,100,99367,100,100049,100,,,100060,100,,,100072,100,,
2019-06-28 09:43:10.000000000,99952,188,99724,288,99973,188,99610,188,100004,388,99528,188,100009,188,99510,188,100011,100,99486,100,100034,100,99417,100,100043,100,99367,100,100049,100,,,100060,100,,,100072,100,,
2019-06-28 09:43:11.816070895,99952,88,99724,288,99973,188,99610,188,100004,388,99528,188,100009,188,99510,188,100011,100,99486,100,100034,100,99417,100,100043,100,99367,100,100060,100,,,100072,100,,,100079,100,,
2019-06-28 09:43:20.000000000,99973,188,99724,288,100004,388,99610,188,100009,188,99528,188,100011,188,99510,188,100034,100,99486,100,100043,100,99417,100,100060,100,99367,100,100072,100,,,100079,100,,,100088,100,,
2019-06-28 09:43:22.108150271,99973,88,99724,188,100004,388,99610,188,100009,188,99528,188,100011,188,99510,188,100034,100,99486,100,100043,100,99417,100,100060,100,99367,100,100072,100,,,100079,100,,,100088,100,,
2019-06-28 09:43:30.000000000,100004,370,99724,170,100009,170,99610,170,100011,170,99528,170,100034,170,99510,170,100043,170,99486,170,100060,100,99417,100,100072,100,99367,100,100079,100,,,100088,100,,,100097,100,,
2019-06-28 09:43:32.379744777,100004,270,99724,170,100009,170,99610,170,100011,170,99528,170,100034,170,99510,170,100043,170,99486,170,100060,100,99417,100,100072,100,99367,100,100079,100,,,100088,100,,,100097,100,,
2019-06-28 09:43:40.000000000,100004,270,99724,170,100009,170,99610,170,100011,170,99528,170,100034,170,99510,170,100043,170,99486,170,100060,100,99417,100,100072,100,99367,100,100079,100,,,100088,100,,,100097,100,,
2019-06-28 09:43:50.000000000,100004,319,99724,219,100009,216,99610,216,100011,216,99528,216,100034,100,99510,100,100043,100,99486,100,100060,100,99417,100,100072,100,99367,100,100079,100,,,100088,100,,,100097,100,,
2019-06-28 09:44:00.000000000,100004,270,99724,170,100009,170,99610,170,100011,170,99528,170,100034,170,99510,170,100043,170,99486,170,100060,100,99417,100,100072,100,99367,100,100079,100,,,100088,100,,,100097,100,,
2019-06-28 09:44:08.234865785,100004,270,99724,70,100009,170,99610,170,100011,170,99528,170,100034,170,99510,170,100043,170,99486,170,100060,100,99417,100,100072,100,99367,100,100079,100,,,100088,100,,,100097,100,,
2019-06-28 09:44:10.000000000,100004,270,99610,170,100009,170,99528,170,100011,170,99510,170,100034,170,99486,170,100043,170,99417,170,100060,100,99367,100,100072,100,,,100079,100,,,100088,100,,,100097,100,,
2019-06-28 09:44:18.633081835,99639,100,99610,170,100004,270,99528,170,100009,170,99510,170,100011,170,99486,170,100034,170,99417,170,100043,170,99367,100,100060,100,,,100072,100,,,100079,100,,,100088,100,,
2019-06-28 09:44:20.000000000,99639,170,99610,170,100004,270,99528,170,100009,170,99510,170,100011,170,99486,170,100034,170,99417,170,100043,100,99367,100,100060,100,,,100072,100,,,100079,100,,,100088,100,,
2019-06-28 09:44:30.000000000,99639,275,99610,275,100004,375,99528,275,100009,100,99510,100,100011,100,99486,100,100034,100,99417,100,100043,100,99367,100,100060,100,,,100072,100,,,100079,100,,,100088,100,,
2019-06-28 09:44:35.311773641,99639,275,99610,275,100003,100,99528,275,100004,375,99510,100,100009,100,99486,100,100011,100,99417,100,100034,100,99367,100,100043,100,,,100060,100,,,100072,100,,,100079,100,,
2019-06-28 09:44:35.996771950,99639,275,99610,275,100003,100,99528,275,100004,375,99510,100,100009,100,99486,100,100011,100,99417,100,100034,100,99374,100,100043,100,99367,100,100060,100,,,100072,100,,,100079,100,,
2019-06-28 09:44:40.000000000,99639,450,99610,450,100003,100,99528,100,100004,200,99510,100,100009,100,99486,100,100011,100,99417,100,100034,100,99374,100,100043,100,99367,100,100060,100,,,100072,100,,,100079,100,,
2019-06-28 09:44:50.000000000,99639,219,99610,219,100003,216,99528,216,100004,316,99510,216,100009,100,99486,100,100011,100,99417,100,100034,100,99374,100,100043,100,99367,100,100060,100,,,100072,100,,,100079,100,,
2019-06-28 09:44:59.913185768,99639,219,99610,119,100003,216,99528,216,100004,316,99510,216,100009,100,99486,100,100011,100,99417,100,100034,100,99374,100,100043,100,99367,100,100060,100,,,100072,100,,,100079,100,,
2019-06-28 09:45:00.000000000,99639,170,99528,170,100003,170,99510,170,100004,270,99486,170,100009,170,99417,170,100011,170,99374,170,100034,100,99367,100,100043,100,,,100060,100,,,100072,100,,,100079,100,,
2019-06-28 09:45:10.000000000,99639,450,99528,450,100003,100,99510,100,100004,200,99486,100,100009,100,99417,100,100011,100,99374,100,100034,100,99367,100,100043,100,,,100060,100,,,100072,100,,,100079,100,,
2019-06-28 09:45:20.000000000,99639,170,99528,170,100003,170,99510,170,100004,270,99486,170,100009,170,99417,170,100011,170,99374,170,100034,100,99367,100,100043,100,,,100060,100,,,100072,100,,,100079,100,,
2019-06-28 09:45:21.958641181,99639,170,99528,170,100003,170,99510,70,100004,270,99486,170,100009,170,99417,170,100011,170,99374,170,100034,100,99367,100,100043,100,99224,100,100060,100,,,100072,100,,,100079,100,,
2019-06-28 09:45:23.768567024,99639,170,99528,70,100003,170,99510,70,100004,270,99486,170,100009,170,99417,170,100011,170,99374,170,100034,100,99367,100,100043,100,99224,100,100060,100,,,100072,100,,,100079,100,,
2019-06-28 09:45:30.000000000,99639,219,99486,219,100003,216,99417,216,100004,316,99374,216,100009,100,99367,100,100011,100,99224,100,100034,100,,,100043,100,,,100060,100,,,100072,100,,,100079,100,,
2019-06-28 09:45:40.000000000,99639,188,99486,188,100003,188,99417,188,100004,288,99374,188,100009,188,99367,188,100011,100,99224,100,100034,100,,,100043,100,,,100060,100,,,100072,100,,,100079,100,,
2019-06-28 09:45:50.000000000,99639,170,99486,170,100003,170,99417,170,100004,270,99374,170,100009,170,99367,170,100011,170,99224,170,100034,100,,,100043,100,,,100060,100,,,100072,100,,,100079,100,,
2019-06-28 09:45:55.768569901,99639,170,99486,170,99905,100,99417,170,100003,170,99374,170,100004,270,99367,170,100009,170,99224,170,100011,170,,,100034,100,,,100043,100,,,100060,100,,,100072,100,,
2019-06-28 09:46:00.000000000,99639,275,99486,275,99905,275,99417,275,100003,100,99374,100,100004,200,99367,100,100009,100,99224,100,100011,100,,,100034,100,,,100043,100,,,100060,100,,,100072,100,,
2019-06-28 09:46:10.000000000,99639,219,99486,219,99905,216,99417,216,100003,216,99374,216,100004,200,99367,100,100009,100,99224,100,100011,100,,,100034,100,,,100043,100,,,100060,100,,,100072,100,,
2019-06-28 09:46:20.000000000,99639,170,99486,170,99905,170,99417,170,100003,170,99374,170,100004,270,99367,170,100009,170,99224,170,100011,100,,,100034,100,,,100043,100,,,100060,100,,,100072,100,,
2019-06-28 09:46:21.263670986,99639,170,99486,70,99905,170,99417,170,100003,170,99374,170,100004,270,99367,170,100009,170,99224,170,100011,100,,,100034,100,,,100043,100,,,100060,100,,,100072,100,,
2019-06-28 09:46:30.000000000,99639,188,99417,188,99905,188,99374,188,100003,188,99367,188,100004,288,99224,188,100009,100,,,100011,100,,,100034,100,,,100043,100,,,100060,100,,,100072,100,,
2019-06-28 09:46:40.000000000,99639,275,99417,275,99905,275,99374,275,100003,100,99367,100,100004,200,99224,100,100009,100,,,100011,100,,,100034,100,,,100043,100,,,100060,100,,,100072,100,,
2019-06-28 09:46:50.000000000,99639,275,99417,275,99905,275,99374,275,100003,100,99367,100,100004,200,99224,100,100009,100,,,100011,100,,,100034,100,,,100043,100,,,100060,100,,,100072,100,,
2019-06-28 09:47:00.000000000,99639,275,99417,275,99905,275,99374,275,100003,100,99367,100,100004,200,99224,100,100009,100,,,100011,100,,,100034,100,,,100043,100,,,100060,100,,,100072,100,,
2019-06-28 09:47:05.668685510,99639,275,99417,175,99905,275,99374,275,100003,100,99367,100,100004,200,99224,100,100009,100,,,100011,100,,,100034,100,,,100043,100,,,100060,100,,,100072,100,,
2019-06-28 09:47:10.000000000,99639,450,99374,450,99905,100,99367,100,100003,100,99224,100,100004,200,,,100009,100,,,100011,100,,,100034,100,,,100043,100,,,100060,100,,,100072,100,,
2019-06-28 09:47:20.000000000,99639,450,99374,450,99905,100,99367,100,100003,100,99224,100,100004,200,,,100009,100,,,100011,100,,,100034,100,,,100043,100,,,100060,100,,,100072,100,,
2019-06-28 09:47:27.682364372,99639,450,99374,450,99905,100,99367,100,100003,100,98203,100,100004,200,,,100009,100,,,100011,100,,,100034,100,,,100043,100,,,100060,100,,,100072,100,,
2019-06-28 09:47:30.000000000,99639,188,99374,188,99905,188,99367,188,100003,188,98203,188,100004,288,98202,88,100009,100,,,100011,100,,,100034,100,,,100043,100,,,100060,100,,,100072,100,,
2019-06-28 09:47:40.000000000,99639,275,99374,275,99905,275,99367,275,100003,100,98203,100,100004,200,,,100009,100,,,100011,100,,,100034,100,,,100043,100,,,100060,100,,,100072,100,,
2019-06-28 09:47:50.000000000,99639,450,99374,450,99905,100,99367,100,100003,100,98203,100,100004,200,,,100009,100,,,100011,100,,,100034,100,,,100043,100,,,100060,100,,,100072,100,,
2019-06-28 09:48:00.000000000,99639,188,99374,188,99905,188,99367,188,100003,188,98203,188,100004,288,98202,88,100009,100,,,100011,100,,,100034,100,,,100043,100,,,100060,100,,,100072,100,,
2019-06-28 09:48:07.146351794,99639,188,99374,88,99905,188,99367,188,100003,188,98203,188,100004,288,98202,88,100009,100,,,100011,100,,,100034,100,,,100043,100,,,100060,100,,,100072,100,,
2019-06-28 09:48:10.000000000,99639,275,99367,275,99905,275,98203,275,100003,100,,,100004,200,,,100009,100,,,100011,100,,,100034,100,,,100043,100,,,100060,100,,,100072,100,,
2019-06-28 09:48:20.000000000,99639,170,99367,170,99905,170,98203,170,100003,170,98202,70,100004,270,,,100009,170,,,100011,100,,,100034,100,,,100043,100,,,100060,100,,,100072,100,,
2019-06-28 09:48:27.849578349,99639,170,99367,170,99905,170,98203,170,100003,170,98202,70,100004,270,97866,100,100009,170,,,100011,100,,,100034,100,,,100043,100,,,100060,100,,,100072,100,,
2019-06-28 09:48:30.000000000,99639,219,99367,219,99905,216,98203,216,100003,216,97866,216,100004,200,,,100009,100,,,100011,100,,,100034,100,,,100043,100,,,100060,100,,,100072,100,,
2019-06-28 09:48:32.625131293,99639,219,99367,219,99905,216,98203,216,100003,216,97866,216,100004,200,97797,100,100009,100,,,100011,100,,,100034,100,,,100043,100,,,100060,100,,,100072,100,,
2019-06-28 09:48:40.000000000,99639,275,99367,275,99905,275,98203,275,100003,100,97866,100,100004,200,97797,100,100009,100,,,100011,100,,,100034,100,,,100043,100,,,100060,100,,,100072,100,,
2019-06-28 09:48:44.060544875,99639,275,99367,175,99905,275,98203,275,100003,100,97866,100,100004,200,97797,100,100009,100,,,100011,100,,,100034,100,,,100043,100,,,100060,100,,,100072,100,,
2019-06-28 09:48:50.000000000,99639,275,98203,275,99905,275,97866,275,100003,100,97797,100,100004,200,,,100009,100,,,100011,100,,,100034,100,,,100043,100,,,100060,100,,,100072,100,,
2019-06-28 09:49:00.000000000,99639,450,98203,450,99905,100,97866,100,100003,100,97797,100,100004,200,,,100009,100,,,100011,100,,,100034,100,,,100043,100,,,100060,100,,,100072,100,,
2019-06-28 09:49:04.521262736,98213,100,98203,450,99639,450,97866,100,99905,100,97797,100,100003,100,,,100004,200,,,100009,100,,,100011,100,,,100034,100,,,100043,100,,,100060,100,,
2019-06-28 09:49:10.000000000,98213,170,98203,170,99639,170,97866,170,99905,170,97797,170,100003,170,97796,70,100004,270,,,100009,100,,,100011,100,,,100034,100,,,100043,100,,,100060,100,,
2019-06-28 09:49:20.000000000,98213,188,98203,188,99639,188,97866,188,99905,188,97797,188,100003,188,97796,88,100004,200,,,100009,100,,,100011,100,,,100034,100,,,100043,100,,,100060,100,,
2019-06-28 09:49:25.574440552,98213,188,98203,188,99639,188,97866,188,99905,188,97797,188,100003,188,97796,88,100004,100,,,100009,100,,,100011,100,,,100034,100,,,100043,100,,,100060,100,,
2019-06-28 09:49:30.000000000,98213,450,98203,450,99639,100,97866,100,99905,100,97797,100,100003,100,,,100004,100,,,100009,100,,,100011,100,,,100034,100,,,100043,100,,,100060,100,,
2019-06-28 09:49:40.000000000,98213,219,98203,219,99639,216,97866,216,99905,216,97797,216,100003,100,,,100004,100,,,100009,100,,,100011,100,,,100034,100,,,100043,100,,,100060,100,,
2019-06-28 09:49:50.000000000,98213,170,98203,170,99639,170,97866,170,99905,170,97797,170,100003,170,97796,70,100004,170,,,100009,100,,,100011,100,,,100034,100,,,100043,100,,,100060,100,,
2019-06-28 09:49:59.221784036,98213,170,98203,170,98356,100,97866,170,99639,70,97797,170,99905,170,97796,70,100003,170,,,100004,170,,,100009,100,,,100011,100,,,100034,100,,,100043,100,,
2019-06-28 09:50:00.000000000,98213,275,98203,275,98356,275,97866,275,99905,100,97797,100,100003,100,,,100004,100,,,100009,100,,,100011,100,,,100034,100,,,100043,100,,,100060,100,,
2019-06-28 09:50:07.491978794,98213,275,98203,275,98356,275,97866,275,99374,100,97797,100,99905,100,,,100003,100,,,100004,100,,,100009,100,,,100011,100,,,100034,100,,,100043,100,,
2019-06-28 09:50:08.195298527,98213,275,98203,275,98356,275,97866,275,98384,100,97797,100,99374,100,,,99905,100,,,100003,100,,,100004,100,,,100009,100,,,100011,100,,,100034,100,,
2019-06-28 09:50:10.000000000,98213,170,98203,170,98356,170,97866,170,98384,170,97797,170,99374,170,97796,70,99905,170,,,100003,100,,,100004,100,,,100009,100,,,100011,100,,,100034,100,,
2019-06-28 09:50:13.374161231,98213,70,98203,170,98356,170,97866,170,98384,170,97797,170,99374,170,97796,70,99905,170,,,100003,100,,,100004,100,,,100009,100,,,100011,100,,,100034,100,,
2019-06-28 09:50:14.844195298,98213,70,98203,170,98356,170,97866,170,98384,170,97797,170,98485,100,97796,70,99374,170,,,99905,170,,,100003,100,,,100004,100,,,100009,100,,,100011,100,,
2019-06-28 09:50:20.000000000,98356,188,98203,188,98384,188,97866,188,98485,188,97797,188,99374,188,97796,88,99905,100,,,100003,100,,,100004,100,,,100009,100,,,100011,100,,,100034,100,,
2019-06-28 09:50:30.000000000,98356,275,98203,275,98384,275,97866,275,98485,100,97797,100,99374,100,,,99905,100,,,100003,100,,,100004,100,,,100009,100,,,100011,100,,,100034,100,,
2019-06-28 09:50:30.396914258,98356,275,98203,275,98384,275,97866,275,98436,100,97797,100,98485,100,,,99374,100,,,99905,100,,,100003,100,,,100004,100,,,100009,100,,,100011,100,,
2019-06-28 09:50:38.768397326,98356,275,98203,275,98384,275,97866,275,98436,100,97797,100,98485,100,,,99367,100,,,99374,100,,,99905,100,,,100003,100,,,100004,100,,,100009,100,,
2019-06-28 09:50:40.000000000,98356,170,98203,170,98384,170,97866,170,98436,170,97797,170,98485,170,97796,70,99367,170,,,99374,100,,,99905,100,,,100003,100,,,100004,100,,,100009,100,,
2019-06-28 09:50:49.224054331,98208,100,98203,170,98356,170,97866,170,98384,170,97797,170,98436,170,97796,70,98485,170,,,99367,170,,,99374,100,,,99905,100,,,100003,100,,,100004,100,,
2019-06-28 09:50:50.000000000,98208,450,98203,450,98356,100,97866,100,98384,100,97797,100,98436,100,,,98485,100,,,99367,100,,,99374,100,,,99905,100,,,100003,100,,,100004,100,,
2019-06-28 09:51:00.000000000,98208,188,98203,188,98356,188,97866,188,98384,188,97797,188,98436,188,97796,88,98485,100,,,99367,100,,,99374,100,,,99905,100,,,100003,100,,,100004,100,,
2019-06-28 09:51:10.000000000,98208,188,98203,188,98356,188,97866,188,98384,188,97797,188,98436,188,97796,88,98485,100,,,99367,100,,,99374,100,,,99905,100,,,100003,100,,,100004,100,,
2019-06-28 09:51:20.000000000,98208,275,98203,275,98356,275,97866,275,98384,100,97797,100,98436,100,,,98485,100,,,99367,100,,,99374,100,,,99905,100,,,100003,100,,,100004,100,,
2019-06-28 09:51:30.000000000,98208,450,98203,450,98356,100,97866,100,98384,100,97797,100,98436,100,,,98485,100,,,99367,100,,,99374,100,,,99905,100,,,100003,100,,,100004,100,,
2019-06-28 09:51:40.000000000,98208,219,98203,219,98356,216,97866,216,98384,216,97797,216,98436,100,,,98485,100,,,99367,100,,,99374,100,,,99905,100,,,100003,100,,,100004,100,,
2019-06-28 09:51:44.272460748,98208,219,98203,219,98356,216,97866,216,98384,216,97797,216,98485,100,97547,100,99367,100,,,99374,100,,,99905,100,,,100003,100,,,100004,100,,,100009,100,,
2019-06-28 09:51:50.000000000,98208,188,98203,188,98356,188,97866,188,98384,188,97797,188,98485,188,97547,188,99367,100,,,99374,100,,,99905,100,,,100003,100,,,100004,100,,,100009,100,,
2019-06-28 09:52:00.000000000,98208,450,98203,450,98356,100,97866,100,98384,100,97797,100,98485,100,97547,100,99367,100,,,99374,100,,,99905,100,,,100003,100,,,100004,100,,,100009,100,,
2019-06-28 09:52:10.000000000,98208,170,98203,170,98356,170,97866,170,98384,170,97797,170,98485,170,97547,170,99367,170,97546,70,99374,100,,,99905,100,,,100003,100,,,100004,100,,,100009,100,,
2019-06-28 09:52:17.246207552,98208,170,98203,170,98356,170,98031,100,98384,170,97866,170,98485,170,97797,170,99367,170,97547,170,99374,100,97546,70,99905,100,,,100003,100,,,100004,100,,,100009,100,,
2019-06-28 09:52:20.000000000,98208,219,98203,219,98356,216,98031,216,98384,216,97866,216,98485,100,97797,100,99367,100,97547,100,99374,100,,,99905,100,,,100003,100,,,100004,100,,,100009,100,,
2019-06-28 09:52:30.000000000,98208,450,98203,450,98356,100,98031,100,98384,100,97866,100,98485,100,97797,100,99367,100,97547,100,99374,100,,,99905,100,,,100003,100,,,100004,100,,,100009,100,,
2019-06-28 09:52:40.000000000,98208,188,98203,188,98356,188,98031,188,98384,188,97866,188,98485,188,97797,188,99367,100,97547,100,99374,100,,,99905,100,,,100003,100,,,100004,100,,,100009,100,,
2019-06-28 09:52:50.000000000,98208,188,98203,188,98356,188,98031,188,98384,188,97866,188,98485,188,97797,188,99367,100,97547,100,99374,100,,,99905,100,,,100003,100,,,100004,100,,,100009,100,,
2019-06-28 09:53:00.000000000,98208,450,98203,450,98356,100,98031,100,98384,100,97866,100,98485,100,97797,100,99367,100,97547,100,99374,100,,,99905,100,,,100003,100,,,100004,100,,,100009,100,,
2019-06-28 09:53:01.582597733,98208,450,98203,450,98290,100,98031,100,98356,100,97866,100,98384,100,97547,100,98485,100,,,99367,100,,,99374,100,,,99905,100,,,100003,100,,,100004,100,,
2019-06-28 09:53:10.000000000,98208,219,98203,219,98290,216,98031,216,98356,216,97866,216,98384,100,97547,100,98485,100,,,99367,100,,,99374,100,,,99905,100,,,100003,100,,,100004,100,,
2019-06-28 09:53:11.394327461,98208,119,98203,219,98290,116,98031,216,98356,216,97866,216,98384,100,97547,100,98485,100,,,99367,100,,,99374,100,,,99905,100,,,100003,100,,,100004,100,,
2019-06-28 09:53:12.706509440,98208,119,98203,219,98290,116,98031,216,98356,216,97866,216,98384,100,97547,100,98485,100,,,99367,100,,,99905,100,,,100003,100,,,100004,100,,,100009,100,,
2019-06-28 09:53:20.000000000,98356,219,98203,219,98384,216,98031,216,98485,216,97866,216,99367,100,97547,100,99905,100,,,100003,100,,,100004,100,,,100009,100,,,100011,100,,,100072,100,,
2019-06-28 09:53:22.054424390,98356,219,98203,219,98384,216,98198,100,98485,216,98031,216,99367,100,97866,216,99905,100,97547,100,100003,100,,,100004,100,,,100009,100,,,100011,100,,,100072,100,,
2019-06-28 09:53:24.224785982,98356,219,98203,219,98384,216,98198,100,98485,216,98031,216,98507,100,97866,216,99367,100,97547,100,99905,100,,,100003,100,,,100004,100,,,100009,100,,,100011,100,,
2019-06-28 09:53:29.403411151,98356,219,98203,219,98384,216,98198,200,98485,216,98031,216,98507,100,97866,216,99367,100,97547,100,100003,100,,,100004,100,,,100009,100,,,100011,100,,,100072,100,,
2019-06-28 09:53:30.000000000,98356,170,98203,170,98384,170,98198,270,98485,170,98031,170,98507,170,97866,170,99367,170,97547,170,100003,100,,,100004,100,,,100009,100,,,100011,100,,,100072,100,,
2019-06-28 09:53:37.802171200,98207,100,98203,170,98356,170,98198,270,98384,170,98031,170,98485,170,97866,170,98507,170,97547,170,99367,170,,,100003,100,,,100004,100,,,100009,100,,,100011,100,,
2019-06-28 09:53:39.487246693,98207,100,98203,170,98356,170,98198,270,98384,170,98177,100,98485,170,98031,170,98507,170,97866,170,99367,170,97547,170,100003,100,,,100004,100,,,100009,100,,,100011,100,,
2019-06-28 09:53:40.000000000,98207,188,98203,188,98356,188,98198,288,98384,188,98177,188,98485,188,98031,188,98507,100,97866,100,99367,100,97547,100,100003,100,,,100004,100,,,100009,100,,,100011,100,,
2019-06-28 09:53:50.000000000,98207,188,98203,188,98356,188,98198,288,98384,188,98177,188,98485,188,98031,188,98507,100,97866,100,99367,100,97547,100,100003,100,,,100004,100,,,100009,100,,,100011,100,,
2019-06-28 09:54:00.000000000,98207,188,98203,188,98356,188,98198,288,98384,188,98177,188,98485,188,98031,188,98507,100,97866,100,99367,100,97547,100,100003,100,,,100004,100,,,100009,100,,,100011,100,,
2019-06-28 09:54:00.127857472,98207,88,98203,188,98356,188,98198,288,98384,188,98177,188,98485,188,98031,188,98507,100,97866,100,99367,100,,,100003,100,,,100004,100,,,100009,100,,,100011,100,,
2019-06-28 09:54:06.419564256,98356,188,98207,12,98384,188,98203,188,98485,188,98198,288,98507,100,98177,188,99367,100,98031,188,100003,100,97866,100,100004,100,,,100009,100,,,100011,100,,,100072,100,,
2019-06-28 09:54:07.448664676,98356,188,98207,12,98384,188,98203,188,98485,188,98198,288,98507,100,98177,188,98678,100,98031,188,99367,100,97866,100,100003,100,,,100004,100,,,100009,100,,,100011,100,,
2019-06-28 09:54:10.000000000,98356,188,98207,100,98384,188,98203,188,98485,188,98198,288,98507,188,98177,188,98678,100,98031,100,99367,100,97866,100,100003,100,,,100004,100,,,100009,100,,,100011,100,,
2019-06-28 09:54:10.270598294,98356,188,98207,200,98384,188,98203,188,98485,188,98198,288,98507,188,98177,188,98678,100,98031,100,99367,100,97866,100,100003,100,,,100004,100,,,100009,100,,,100011,100,,
2019-06-28 09:54:20.000000000,98356,170,98207,182,98384,170,98203,170,98485,170,98198,270,98507,170,98177,170,98678,170,98031,170,99367,100,97866,100,100003,100,,,100004,100,,,100009,100,,,100011,100,,
2019-06-28 09:54:30.000000000,98356,219,98207,231,98384,216,98203,216,98485,216,98198,316,98507,100,98177,100,98678,100,98031,100,99367,100,97866,100,100003,100,,,100004,100,,,100009,100,,,100011,100,,
2019-06-28 09:54:40.000000000,98356,219,98207,231,98384,216,98203,216,98485,216,98198,316,98507,100,98177,100,98678,100,98031,100,99367,100,97866,100,100003,100,,,100004,100,,,100009,100,,,100011,100,,
2019-06-28 09:54:50.000000000,98356,188,98207,200,98384,188,98203,188,98485,188,98198,288,98507,188,98177,188,98678,100,98031,100,99367,100,97866,100,100003,100,,,100004,100,,,100009,100,,,100011,100,,
2019-06-28 09:55:00.000000000,98356,275,98207,287,98384,275,98203,275,98485,100,98198,200,98507,100,98177,100,98678,100,98031,100,99367,100,97866,100,100003,100,,,100004,100,,,100009,100,,,100011,100,,
2019-06-28 09:55:07.387859395,98356,275,98207,287,98384,275,98203,275,98485,100,98198,200,98507,100,98177,100,98678,100,98031,100,99367,100,97866,100,100003,100,97503,100,100004,100,,,100009,100,,,100011,100,,
2019-06-28 09:55:10.000000000,98356,170,98207,182,98384,170,98203,170,98485,170,98198,270,98507,170,98177,170,98678,170,98031,170,99367,100,97866,100,100003,100,97503,100,100004,100,,,100009,100,,,100011,100,,
2019-06-28 09:55:20.000000000,98356,450,98207,462,98384,100,98203,100,98485,100,98198,200,98507,100,98177,100,98678,100,98031,100,99367,100,97866,100,100003,100,97503,100,100004,100,,,100009,100,,,100011,100,,
2019-06-28 09:55:26.341249494,98356,450,98207,362,98384,100,98203,100,98485,100,98198,200,98507,100,98177,100,98678,100,98031,100,99367,100,97866,100,100003,100,97503,100,100004,100,,,100009,100,,,100011,100,,
2019-06-28 09:55:29.709942338,98356,450,98207,362,98384,100,98203,100,98485,100,98198,200,98507,100,98177,100,98678,100,98031,100,99367,100,97866,100,100003,100,97590,100,100004,100,97503,100,100009,100,,,100011,100,,
2019-06-28 09:55:30.000000000,98356,450,98207,362,98384,100,98203,100,98485,100,98198,200,98507,100,98177,100,98678,100,98031,100,99367,100,97866,100,100003,100,97590,100,100004,100,97503,100,100009,100,,,100011,100,,
2019-06-28 09:55:40.000000000,98356,450,98207,362,98384,100,98203,100,98485,100,98198,200,98507,100,98177,100,98678,100,98031,100,99367,100,97866,100,100003,100,97590,100,100004,100,97503,100,100009,100,,,100011,100,,
2019-06-28 09:55:43.265601016,98356,450,98207,362,98384,100,98203,100,98485,100,98198,200,98507,100,98177,100,98678,100,98031,100,99367,100,97866,100,100003,100,97590,100,100004,100,97581,100,100009,100,97503,100,100011,100,,
2019-06-28 09:55:50.000000000,98356,275,98207,187,98384,275,98203,275,98485,100,98198,200,98507,100,98177,100,98678,100,98031,100,99367,100,97866,100,100003,100,97590,100,100004,100,97581,100,100009,100,97503,100,100011,100,,
2019-06-28 09:55:53.951621629,98356,275,98207,187,98384,275,98203,275,98485,100,98198,200,98507,100,98177,100,98678,100,98031,100,99367,100,97866,100,100003,100,97716,100,100004,100,97590,100,100009,100,97581,100,100011,100,97503,100
2019-06-28 09:56:00.000000000,98356,219,98207,131,98384,216,98203,216,98485,216,98198,316,98507,100,98177,100,98678,100,98031,100,99367,100,97866,100,100003,100,97716,100,100004,100,97590,100,100009,100,97581,100,100011,100,97503,100
2019-06-28 09:56:01.452816929,98356,219,98207,131,98384,216,98203,216,98485,216,98198,316,98507,100,98177,100,98678,100,98031,100,99367,100,97985,100,100003,100,97866,100,100004,100,97716,100,100009,100,97590,100,100011,100,97503,100
2019-06-28 09:56:10.000000000,98356,219,98207,131,98384,216,98203,216,98485,216,98198,316,98507,100,98177,100,98678,100,98031,100,99367,100,97985,100,100003,100,97866,100,100004,100,97716,100,100009,100,97590,100,100011,100,97503,100
2019-06-28 09:56:11.122165708,98356,219,98207,31,98384,216,98203,216,98485,216,98198,316,98507,100,98177,100,98678,100,98031,100,99367,100,97985,100,100003,100,97866,100,100004,100,97716,100,100009,100,97590,100,100011,100,97503,100
2019-06-28 09:56:20.000000000,98356,450,98203,450,98384,100,98198,200,98485,100,98177,100,98507,100,98031,100,98678,100,97985,100,99367,100,97866,100,100003,100,97716,100,100004,100,97590,100,100009,100,97503,100,100011,100,,
2019-06-28 09:56:30.000000000,98356,450,98203,450,98384,100,98198,200,98485,100,98177,100,98507,100,98031,100,98678,100,97985,100,99367,100,97866,100,100003,100,97716,100,100004,100,97590,100,100009,100,97503,100,100011,100,,
2019-06-28 09:56:40.000000000,98356,188,98203,188,98384,188,98198,288,98485,188,98177,188,98507,188,98031,188,98678,100,97985,100,99367,100,97866,100,100003,100,97716,100,100004,100,97590,100,100009,100,97503,100,100011,100,,
2019-06-28 09:56:45.096586075,98356,188,98203,188,98384,188,98198,288,98485,188,98177,188,98507,188,98031,188,98678,100,97985,100,99367,100,97970,100,100003,100,97866,100,100004,100,97716,100,100009,100,97590,100,100011,100,97503,100
2019-06-28 09:56:50.000000000,98356,275,98203,275,98384,275,98198,375,98485,100,98177,100,98507,100,98031,100,98678,100,97985,100,99367,100,97970,100,100003,100,97866,100,100004,100,97716,100,100009,100,97590,100,100011,100,97503,100
2019-06-28 09:57:00.000000000,98356,188,98203,188,98384,188,98198,288,98485,188,98177,188,98507,188,98031,188,98678,100,97985,100,99367,100,97970,100,100003,100,97866,100,100004,100,97716,100,100009,100,97590,100,100011,100,97503,100
2019-06-28 09:57:10.000000000,98356,275,98203,275,98384,275,98198,375,98485,100,98177,100,98507,100,98031,100,98678,100,97985,100,99367,100,97970,100,100003,100,97866,100,100004,100,97716,100,100009,100,97590,100,100011,100,97503,100
2019-06-28 09:57:14.057816384,98356,275,98203,275,98384,275,98198,375,98485,100,98177,100,98507,100,98031,100,99367,100,97985,100,100003,100,97970,100,100004,100,97956,100,100009,100,97866,100,100011,100,97716,100,100072,100,97590,100
2019-06-28 09:57:16.484931000,98356,275,98203,175,98384,275,98198,375,98485,100,98177,100,98507,100,98031,100,99367,100,97985,100,100003,100,97970,100,100004,100,97956,100,100009,100,97866,100,100011,100,97716,100,100072,100,97590,100
2019-06-28 09:57:17.520826885,98356,275,98203,75,98384,275,98198,375,98485,100,98177,100,98507,100,98031,100,99367,100,97985,100,100003,100,97970,100,100004,100,97956,100,100009,100,97866,100,100011,100,97716,100,100072,100,97590,100
2019-06-28 09:57:20.000000000,98356,170,98198,270,98384,170,98177,170,98485,170,98031,170,98507,170,97985,170,99367,170,97970,170,100003,100,97956,100,100004,100,97866,100,100009,100,97716,100,100011,100,97590,100,100072,100,97503,100
2019-06-28 09:57:21.276907819,98356,170,98198,270,98384,170,98177,170,98485,170,98031,70,98507,170,97985,170,99367,170,97970,170,100003,100,97956,100,100004,100,97866,100,100009,100,97740,100,100011,100,97716,100,100072,100,97590,100
2019-06-28 09:57:25.840440210,98356,170,98198,270,98384,170,98177,170,98485,170,98031,70,98507,170,97985,170,99367,170,97970,170,100003,100,97956,100,100004,100,97866,100,100009,100,97754,100,100011,100,97740,100,100072,100,97590,100
2019-06-28 09:57:30.000000000,98356,275,98198,375,98384,275,98177,275,98485,100,97985,100,98507,100,97970,100,99367,100,97956,100,100003,100,97866,100,100004,100,97754,100,100009,100,97740,100,100011,100,97590,100,100072,100,97503,100
2019-06-28 09:57:40.000000000,98356,188,98198,288,98384,188,98177,188,98485,188,97985,188,98507,188,97970,188,99367,100,97956,100,100003,100,97866,100,100004,100,97754,100,100009,100,97740,100,100011,100,97590,100,100072,100,97503,100
2019-06-28 09:57:50.000000000,98356,450,98198,550,98384,100,98177,100,98485,100,97985,100,98507,100,97970,100,99367,100,97956,100,100003,100,97866,100,100004,100,97754,100,100009,100,97740,100,100011,100,97590,100,100072,100,97503,100
2019-06-28 09:58:00.000000000,98356,219,98198,319,98384,216,98177,216,98485,216,97985,216,98507,100,97970,100,99367,100,97956,100,100003,100,97866,100,100004,100,97754,100,100009,100,97740,100,100011,100,97590,100,100072,100,97503,100
2019-06-28 09:58:10.000000000,98356,450,98198,550,98384,100,98177,100,98485,100,97985,100,98507,100,97970,100,99367,100,97956,100,100003,100,97866,100,100004,100,97754,100,100009,100,97740,100,100011,100,97590,100,100072,100,97503,100
2019-06-28 09:58:20.000000000,98356,170,98198,270,98384,170,98177,170,98485,170,97985,170,98507,170,97970,170,99367,170,97956,170,100003,100,97866,100,100004,100,97754,100,100009,100,97740,100,100011,100,97590,100,100072,100,97503,100
2019-06-28 09:58:30.000000000,98356,170,98198,270,98384,170,98177,170,98485,170,97985,170,98507,170,97970,170,99367,170,97956,170,100003,100,97866,100,100004,100,97754,100,100009,100,97740,100,100011,100,97590,100,100072,100,97503,100
2019-06-28 09:58:40.000000000,98356,450,98198,550,98384,100,98177,100,98485,100,97985,100,98507,100,97970,100,99367,100,97956,100,100003,100,97866,100,100004,100,97754,100,100009,100,97740,100,100011,100,97590,100,100072,100,97503,100
2019-06-28 09:58:48.767964853,98356,350,98198,550,98384,100,98177,100,98485,100,97985,100,98507,100,97970,100,99367,100,97956,100,100003,100,97866,100,100004,100,97754,100,100009,100,97740,100,100011,100,97590,100,100072,100,97503,100
2019-06-28 09:58:50.000000000,98384,275,98198,375,98485,275,98177,275,98507,100,97985,100,99367,100,97970,100,100003,100,97956,100,100004,100,97866,100,100009,100,97754,100,100011,100,97740,100,100072,100,97590,100,100088,100,97503,100
2019-06-28 09:59:00.000000000,98384,188,98198,288,98485,188,98177,188,98507,188,97985,188,99367,188,97970,188,100003,100,97956,100,100004,100,97866,100,100009,100,97754,100,100011,100,97740,100,100072,100,97590,100,100088,100,97503,100
2019-06-28 09:59:10.000000000,98384,188,98198,288,98485,188,98177,188,98507,188,97985,188,99367,188,97970,188,100003,100,97956,100,100004,100,97866,100,100009,100,97754,100,100011,100,97740,100,100072,100,97590,100,100088,100,97503,100
2019-06-28 09:59:20.000000000,98384,219,98198,319,98485,216,98177,216,98507,216,97985,216,99367,100,97970,100,100003,100,97956,100,100004,100,97866,100,100009,100,97754,100,100011,100,97740,100,100072,100,97590,100,100088,100,97503,100
2019-06-28 09:59:21.350586593,98384,219,98198,319,98485,216,98177,216,98507,216,97985,216,100003,100,97970,100,100004,100,97956,100,100009,100,97866,100,100011,100,97754,100,100072,100,97740,100,100088,100,97590,100,100112,100,97503,100
2019-06-28 09:59:30.000000000,98384,450,98198,550,98485,100,98177,100,98507,100,97985,100,100003,100,97970,100,100004,100,97956,100,100009,100,97866,100,100011,100,97754,100,100072,100,97740,100,100088,100,97590,100,100112,100,97503,100
2019-06-28 09:59:39.058741097,98384,350,98198,550,98485,100,98177,100,98507,100,97985,100,100003,100,97970,100,100004,100,97956,100,100009,100,97866,100,100011,100,97754,100,100072,100,97740,100,100088,100,97590,100,100112,100,97503,100
2019-06-28 09:59:40.000000000,98485,450,98198,550,98507,100,98177,100,100003,100,97985,100,100004,100,97970,100,100009,100,97956,100,100011,100,97866,100,100072,100,97754,100,100088,100,97740,100,100112,100,97590,100,100186,100,97503,100
2019-06-28 09:59:47.090489337,98485,450,98198,550,98507,100,98177,100,98713,100,97985,100,100003,100,97970,100,100004,100,97956,100,100009,100,97866,100,100011,100,97754,100,100072,100,97740,100,100088,100,97590,100,100112,100,97503,100
2019-06-28 09:59:50.000000000,98485,275,98198,375,98507,275,98177,275,98713,100,97985,100,100003,100,97970,100,100004,100,97956,100,100009,100,97866,100,100011,100,97754,100,100072,100,97740,100,100088,100,97590,100,100112,100,97503,100
2019-06-28 10:00:00.000000000,98485,219,98198,319,98507,216,98177,216,98713,216,97985,216,100003,100,97970,100,100004,100,97956,100,100009,100,97866,100,100011,100,97754,100,100072,100,97740,100,100088,100,97590,100,100112,100,97503,100
2019-06-28 10:00:10.000000000,98485,188,98198,288,98507,188,98177,188,98713,188,97985,188,100003,188,97970,188,100004,100,97956,100,100009,100,97866,100,100011,100,97754,100,100072,100,97740,100,100088,100,97590,100,100112,100,97503,100
2019-06-28 10:00:20.000000000,98485,275,98198,375,98507,275,98177,275,98713,100,97985,100,100003,100,97970,100,100004,100,97956,100,100009,100,97866,100,100011,100,97754,100,100072,100,97740,100,100088,100,97590,100,100112,100,97503,100
2019-06-28 10:00:30.000000000,98485,275,98198,375,98507,275,98177,275,98713,100,97985,100,100003,100,97970,100,100004,100,97956,100,100009,100,97866,100,100011,100,97754,100,100072,100,97740,100,100088,100,97590,100,100112,100,97503,100
2019-06-28 10:00:37.551013031,98485,175,98198,375,98507,275,98177,275,98713,100,97985,100,100003,100,97970,100,100004,100,97956,100,100009,100,97866,100,100011,100,97754,100,100072,100,97740,100,100088,100,97590,100,100112,100,97503,100
2019-06-28 10:00:40.000000000,98507,219,98198,319,98713,216,98177,216,100003,216,97985,216,100004,100,97970,100,100009,100,97956,100,100011,100,97866,100,100072,100,97754,100,100088,100,97740,100,100112,100,97590,100,100186,100,97503,100
2019-06-28 10:00:41.886180792,98507,219,98384,100,98713,216,98198,319,100003,216,98177,216,100004,100,97985,216,100009,100,97970,100,100011,100,97956,100,100072,100,97866,100,100088,100,97754,100,100112,100,97740,100,100186,100,97590,100
2019-06-28 10:00:50.000000000,98507,450,98384,450,98713,100,98198,200,100003,100,98177,100,100004,100,97985,100,100009,100,97970,100,100011,100,97956,100,100072,100,97866,100,100088,100,97754,100,100112,100,97740,100,100186,100,97590,100
2019-06-28 10:00:52.587129616,98507,350,98384,450,98713,100,98198,200,100003,100,98177,100,100004,100,97985,100,100009,100,97970,100,100011,100,97956,100,100072,100,97866,100,100088,100,97754,100,100112,100,97740,100,100186,100,97590,100
2019-06-28 10:01:00.000000000,98713,188,98384,188,100003,188,98198,288,100004,188,98177,188,100009,188,97985,188,100011,100,97970,100,100072,100,97956,100,100088,100,97866,100,100112,100,97754,100,100186,100,97740,100,100530,100,97590,100
2019-06-28 10:01:00.541074589,98713,188,98690,100,100003,188,98384,188,100004,188,98198,288,100009,188,98177,188,100011,100,97985,188,100072,100,97970,100,100088,100,97956,100,100112,100,97866,100,100186,100,97754,100,100530,100,97740,100
2019-06-28 10:01:04.621947669,98713,188,98690,100,98722,100,98384,188,100003,188,98198,288,100004,188,98177,188,100009,188,97985,188,100011,100,97970,100,100072,100,97956,100,100088,100,97866,100,100112,100,97754,100,100186,100,97740,100
2019-06-28 10:01:10.000000000,98713,275,98690,275,98722,275,98384,275,100003,100,98198,200,100004,100,98177,100,100009,100,97985,100,100011,100,97970,100,100072,100,97956,100,100088,100,97866,100,100112,100,97754,100,100186,100,97740,100
2019-06-28 10:01:20.000000000,98713,188,98690,188,98722,188,98384,188,100003,188,98198,288,100004,188,98177,188,100009,100,97985,100,100011,100,97970,100,100072,100,97956,100,100088,100,97866,100,100112,100,97754,100,100186,100,97740,100
2019-06-28 10:01:22.914433565,98713,188,98690,188,98722,188,98485,100,100003,188,98384,188,100004,188,98198,288,100009,100,98177,188,100011,100,97985,100,100072,100,97970,100,100088,100,97956,100,100112,100,97866,100,100186,100,97754,100
2019-06-28 10:01:29.589278341,98713,188,98690,188,98722,188,98619,100,100003,188,98485,100,100004,188,98384,188,100009,100,98198,288,100011,100,98177,188,100072,100,97985,100,100088,100,97970,100,100112,100,97956,100,100186,100,97866,100
2019-06-28 10:01:30.000000000,98713,275,98690,275,98722,275,98619,275,100003,100,98485,100,100004,100,98384,100,100009,100,98198,200,100011,100,98177,100,100072,100,97985,100,100088,100,97970,100,100112,100,97956,100,100186,100,97866,100
2019-06-28 10:01:40.000000000,98713,219,98690,219,98722,216,98619,216,100003,216,98485,216,100004,100,98384,100,100009,100,98198,200,100011,100,98177,100,100072,100,97985,100,100088,100,97970,100,100112,100,97956,100,100186,100,97866,100
2019-06-28 10:01:41.185041871,98713,219,98690,219,98722,216,98619,216,98874,100,98485,216,100003,216,98384,100,100004,100,98198,200,100009,100,98177,100,100011,100,97985,100,100072,100,97970,100,100088,100,97956,100,100112,100,97866,100
2019-06-28 10:01:50.000000000,98713,170,98690,170,98722,170,98619,170,98874,170,98485,170,100003,170,98384,170,100004,170,98198,270,100009,100,98177,100,100011,100,97985,100,100072,100,97970,100,100088,100,97956,100,100112,100,97866,100
2019-06-28 10:01:59.681514745,98713,170,98690,170,98722,170,98619,170,98789,100,98485,170,98874,170,98384,170,100003,170,98198,270,100004,170,98177,100,100009,100,97985,100,100011,100,97970,100,100072,100,97956,100,100088,100,97866,100
2019-06-28 10:02:00.000000000,98713,450,98690,450,98722,100,98619,100,98789,100,98485,100,98874,100,98384,100,100003,100,98198,200,100004,100,98177,100,100009,100,97985,100,100011,100,97970,100,100072,100,97956,100,100088,100,97866,100
2019-06-28 10:02:10.000000000,98713,188,98690,188,98722,188,98619,188,98789,188,98485,188,98874,188,98384,188,100003,100,98198,200,100004,100,98177,100,100009,100,97985,100,100011,100,97970,100,100072,100,97956,100,100088,100,97866,100
2019-06-28 10:02:20.000000000,98713,188,98690,188,98722,188,98619,188,98789,188,98485,188,98874,188,98384,188,100003,100,98198,200,100004,100,98177,100,100009,100,97985,100,100011,100,97970,100,100072,100,97956,100,100088,100,97866,100
2019-06-28 10:02:30.000000000,98713,219,98690,219,98722,216,98619,216,98789,216,98485,216,98874,100,98384,100,100003,100,98198,200,100004,100,98177,100,100009,100,97985,100,100011,100,97970,100,100072,100,97956,100,100088,100,97866,100
2019-06-28 10:02:40.000000000,98713,450,98690,450,98722,100,98619,100,98789,100,98485,100,98874,100,98384,100,100003,100,98198,200,100004,100,98177,100,100009,100,97985,100,100011,100,97970,100,100072,100,97956,100,100088,100,97866,100
2019-06-28 10:02:40.242576227,98713,450,98690,350,98722,100,98619,100,98789,100,98485,100,98874,100,98384,100,100003,100,98198,200,100004,100,98177,100,100009,100,97985,100,100011,100,97970,100,100072,100,97956,100,100088,100,97866,100
2019-06-28 10:02:50.000000000,98713,219,98619,219,98722,216,98485,216,98789,216,98384,216,98874,100,98198,200,100003,100,98177,100,100004,100,97985,100,100009,100,97970,100,100011,100,97956,100,100072,100,97866,100,100088,100,97740,100
2019-06-28 10:02:52.293770812,98690,100,98619,219,98713,219,98485,216,98722,216,98384,216,98789,216,98198,200,98874,100,98177,100,100003,100,97985,100,100004,100,97970,100,100009,100,97956,100,100072,100,97866,100,100088,100,97740,100
2019-06-28 10:02:52.591795109,98690,100,98619,119,98713,219,98485,216,98722,216,98384,216,98789,216,98198,200,98874,100,98177,100,100003,100,97985,100,100004,100,97970,100,100009,100,97956,100,100072,100,97866,100,100088,100,97740,100
2019-06-28 10:02:56.300297603,98690,100,98619,119,98713,219,98485,216,98722,216,98392,100,98789,216,98384,216,98874,100,98198,200,100003,100,98177,100,100004,100,97985,100,100009,100,97970,100,100072,100,97956,100,100088,100,97866,100
2019-06-28 10:03:00.000000000,98690,219,98485,219,98713,216,98392,216,98722,216,98384,216,98789,100,98198,200,98874,100,98177,100,100003,100,97985,100,100004,100,97970,100,100009,100,97956,100,100072,100,97866,100,100088,100,97740,100
2019-06-28 10:03:05.928501858,98686,100,98485,219,98690,219,98392,216,98713,216,98384,216,98722,216,98198,200,98789,100,98177,100,98874,100,97985,100,100003,100,97970,100,100004,100,97956,100,100072,100,97866,100,100088,100,97740,100
2019-06-28 10:03:07.270315075,98686,100,98485,219,98690,219,98392,216,98713,216,98384,216,98722,216,98333,100,98789,100,98198,200,98874,100,98177,100,100003,100,97985,100,100004,100,97970,100,100072,100,97956,100,100088,100,97866,100
2019-06-28 10:03:09.696348075,98559,100,98485,219,98686,100,98392,216,98690,219,98384,216,98713,216,98333,100,98722,216,98198,100,98789,100,98177,100,98874,100,97985,100,100003,100,97970,100,100004,100,97956,100,100072,100,97866,100
2019-06-28 10:03:10.000000000,98559,219,98485,219,98686,216,98392,216,98690,216,98384,216,98713,100,98333,100,98722,100,98198,100,98789,100,98177,100,98874,100,97985,100,100003,100,97970,100,100004,100,97956,100,100072,100,97866,100
2019-06-28 10:03:20.000000000,98559,219,98485,219,98686,216,98392,216,98690,216,98384,216,98713,100,98333,100,98722,100,98198,100,98789,100,98177,100,98874,100,97985,100,100003,100,97970,100,100004,100,97956,100,100072,100,97866,100
2019-06-28 10:03:30.000000000,98559,219,98485,219,98686,216,98392,216,98690,216,98384,216,98713,100,98333,100,98722,100,98198,100,98789,100,98177,100,98874,100,97985,100,100003,100,97970,100,100004,100,97956,100,100072,100,97866,100
2019-06-28 10:03:39.326040513,98559,219,98485,219,98629,100,98392,216,98686,216,98384,216,98690,216,98333,100,98713,100,98198,100,98722,100,98177,100,98789,100,97985,100,98874,100,97970,100,100003,100,97956,100,100004,100,97740,100
2019-06-28 10:03:40.000000000,98559,188,98485,188,98629,188,98392,188,98686,188,98384,188,98690,188,98333,188,98713,100,98198,100,98722,100,98177,100,98789,100,97985,100,98874,100,97970,100,100003,100,97956,100,100004,100,97740,100
2019-06-28 10:03:48.829649141,98559,188,98485,188,98629,188,98392,188,98686,188,98384,188,98689,100,98333,188,98690,188,98198,100,98713,100,98177,100,98722,100,97985,100,98789,100,97970,100,98874,100,97956,100,100003,100,97740,100
2019-06-28 10:03:50.000000000,98559,188,98485,188,98629,188,98392,188,98686,188,98384,188,98689,188,98333,188,98690,100,98198,100,98713,100,98177,100,98722,100,97985,100,98789,100,97970,100,98874,100,97956,100,100003,100,97740,100
2019-06-28 10:04:00.000000000,98559,450,98485,450,98629,100,98392,100,98686,100,98384,100,98689,100,98333,100,98690,100,98198,100,98713,100,98177,100,98722,100,97985,100,98789,100,97970,100,98874,100,97956,100,100003,100,97740,100
2019-06-28 10:04:10.000000000,98559,170,98485,170,98629,170,98392,170,98686,170,98384,170,98689,170,98333,170,98690,170,98198,170,98713,100,98177,100,98722,100,97985,100,98789,100,97970,100,98874,100,97956,100,100003,100,97740,100
2019-06-28 10:04:20.000000000,98559,275,98485,275,98629,275,98392,275,98686,100,98384,100,98689,100,98333,100,98690,100,98198,100,98713,100,98177,100,98722,100,97985,100,98789,100,97970,100,98874,100,97956,100,100003,100,97740,100
2019-06-28 10:04:26.678719899,98559,275,98485,275,98629,275,98392,275,98686,100,98384,100,98689,100,98333,100,98690,100,98198,100,98713,100,97985,100,98722,100,97970,100,98789,100,97956,100,98874,100,97740,100,98948,100,97590,100
2019-06-28 10:04:30.000000000,98559,170,98485,170,98629,170,98392,170,98686,170,98384,170,98689,170,98333,170,98690,170,98198,170,98713,100,97985,100,98722,100,97970,100,98789,100,97956,100,98874,100,97740,100,98948,100,97590,100
2019-06-28 10:04:40.000000000,98559,275,98485,275,98629,275,98392,275,98686,100,98384,100,98689,100,98333,100,98690,100,98198,100,98713,100,97985,100,98722,100,97970,100,98789,100,97956,100,98874,100,97740,100,98948,100,97590,100
2019-06-28 10:04:50.000000000,98559,450,98485,450,98629,100,98392,100,98686,100,98384,100,98689,100,98333,100,98690,100,98198,100,98713,100,97985,100,98722,100,97970,100,98789,100,97956,100,98874,100,97740,100,98948,100,97590,100
2019-06-28 10:05:00.000000000,98559,188,98485,188,98629,188,98392,188,98686,188,98384,188,98689,188,98333,188,98690,100,98198,100,98713,100,97985,100,98722,100,97970,100,98789,100,97956,100,98874,100,97740,100,98948,100,97590,100
2019-06-28 10:05:10.000000000,98559,450,98485,450,98629,100,98392,100,98686,100,98384,100,98689,100,98333,100,98690,100,98198,100,98713,100,97985,100,98722,100,97970,100,98789,100,97956,100,98874,100,97740,100,98948,100,97590,100
2019-06-28 10:05:13.425474610,98559,450,98485,450,98629,100,98392,100,98686,100,98384,100,98689,100,98333,100,98690,100,98198,100,98713,100,97985,100,98722,100,97970,100,98789,100,97956,100,98874,100,97740,100,98948,100,97590,100
2019-06-28 10:05:20.000000000,98559,450,98485,450,98629,100,98392,100,98686,100,98384,100,98689,100,98333,100,98690,100,98198,100,98713,100,97985,100,98722,100,97970,100,98789,100,97956,100,98874,100,97740,100,98948,100,97590,100
2019-06-28 10:05:30.000000000,98559,170,98485,170,98629,170,98392,170,98686,170,98384,170,98689,170,98333,170,98690,170,98198,170,98713,100,97985,100,98722,100,97970,100,98789,100,97956,100,98874,100,97740,100,98948,100,97590,100
2019-06-28 10:05:32.834314504,98559,70,98485,170,98629,170,98392,170,98686,170,98384,170,98689,170,98333,170,98690,170,98198,170,98713,100,97985,100,98722,100,97970,100,98789,100,97956,100,98874,100,97740,100,98948,100,97590,100
2019-06-28 10:05:40.000000000,98629,188,98485,188,98686,188,98392,188,98689,188,98384,188,98690,188,98333,188,98713,100,98198,100,98722,100,97985,100,98789,100,97970,100,98874,100,97956,100,98948,100,97740,100,99433,100,97590,100
2019-06-28 10:05:40.002268193,98629,88,98485,188,98686,188,98392,188,98689,188,98384,188,98690,188,98333,188,98713,100,98198,100,98722,100,97985,100,98789,100,97970,100,98874,100,97956,100,98948,100,97740,100,99433,100,97590,100
2019-06-28 10:05:50.000000000,98686,188,98485,188,98689,188,98392,188,98690,188,98384,188,98713,188,98333,188,98722,100,98198,100,98789,100,97985,100,98874,100,97970,100,98948,100,97956,100,99433,100,97740,100,100003,100,97590,100
2019-06-28 10:06:00.000000000,98686,450,98485,450,98689,100,98392,100,98690,100,98384,100,98713,100,98333,100,98722,100,98198,100,98789,100,97985,100,98874,100,97970,100,98948,100,97956,100,99433,100,97740,100,100003,100,97590,100
2019-06-28 10:06:03.294608404,98686,450,98628,100,98689,100,98485,450,98690,100,98392,100,98713,100,98384,100,98722,100,98333,100,98789,100,98198,100,98874,100,97985,100,98948,100,97970,100,99433,100,97956,100,100003,100,97740,100
2019-06-28 10:06:06.410427496,98686,350,98628,100,98689,100,98485,450,98690,100,98392,100,98713,100,98384,100,98722,100,98333,100,98789,100,98198,100,98874,100,97985,100,98948,100,97970,100,99433,100,97956,100,100003,100,97740,100
2019-06-28 10:06:10.000000000,98689,275,98628,275,98690,275,98485,275,98713,100,98392,100,98722,100,98384,100,98789,100,98333,100,98874,100,98198,100,98948,100,97985,100,99433,100,97970,100,100003,100,97956,100,100004,100,97740,100
2019-06-28 10:06:20.000000000,98689,450,98628,450,98690,100,98485,100,98713,100,98392,100,98722,100,98384,100,98789,100,98333,100,98874,100,98198,100,98948,100,97985,100,99433,100,97970,100,100003,100,97956,100,100004,100,97740,100
2019-06-28 10:06:25.289838113,98689,450,98628,450,98690,100,98485,100,98713,100,98392,100,98722,100,98384,100,98789,100,98333,100,98874,100,98198,100,98981,100,97985,100,99433,100,97970,100,100003,100,97956,100,100004,100,97740,100
2019-06-28 10:06:30.000000000,98689,450,98628,450,98690,100,98485,100,98713,100,98392,100,98722,100,98384,100,98789,100,98333,100,98874,100,98198,100,98981,100,97985,100,99433,100,97970,100,100003,100,97956,100,100004,100,97740,100
2019-06-28 10:06:40.000000000,98689,450,98628,450,98690,100,98485,100,98713,100,98392,100,98722,100,98384,100,98789,100,98333,100,98874,100,98198,100,98981,100,97985,100,99433,100,97970,100,100003,100,97956,100,100004,100,97740,100
2019-06-28 10:06:41.350851417,98689,350,98628,450,98690,100,98485,100,98722,100,98392,100,98789,100,98384,100,98874,100,98333,100,98981,100,98198,100,99433,100,97985,100,100003,100,97970,100,100004,100,97956,100,100072,100,97740,100
2019-06-28 10:06:43.408320342,98689,250,98628,350,98690,100,98485,100,98722,100,98392,100,98789,100,98384,100,98874,100,98333,100,98981,100,98198,100,99433,100,97985,100,100003,100,97970,100,100004,100,97956,100,100072,100,97740,100
2019-06-28 10:06:49.766704099,98689,150,98628,350,98690,100,98485,100,98722,100,98392,100,98789,100,98384,100,98874,100,98333,100,98981,100,98198,100,99433,100,97985,100,100003,100,97970,100,100004,100,97956,100,100072,100,97740,100
2019-06-28 10:06:50.000000000,98690,275,98485,275,98722,275,98392,275,98789,100,98384,100,98874,100,98333,100,98981,100,98198,100,99433,100,97985,100,100003,100,97970,100,100004,100,97956,100,100072,100,97740,100,100088,100,97590,100
2019-06-28 10:07:00.000000000,98690,188,98485,188,98722,188,98392,188,98789,188,98384,188,98874,188,98333,188,98981,100,98198,100,99433,100,97985,100,100003,100,97970,100,100004,100,97956,100,100072,100,97740,100,100088,100,97590,100
2019-06-28 10:07:07.420990023,98690,88,98485,188,98722,188,98392,188,98789,188,98384,188,98874,188,98333,188,98981,100,98198,100,99433,100,97985,100,100003,100,97970,100,100004,100,97956,100,100088,100,97740,100,100112,100,97590,100
2019-06-28 10:07:10.000000000,98722,219,98485,219,98789,216,98392,216,98874,216,98384,216,98981,100,98333,100,99433,100,98198,100,100003,100,97985,100,100004,100,97970,100,100088,100,97956,100,100112,100,97740,100,100530,100,97590,100
2019-06-28 10:07:20.000000000,98722,275,98485,275,98789,275,98392,275,98874,100,98384,100,98981,100,98333,100,99433,100,98198,100,100003,100,97985,100,100004,100,97970,100,100088,100,97956,100,100112,100,97740,100,100530,100,97590,100
2019-06-28 10:07:27.611672258,98722,275,98485,275,98789,275,98392,275,98874,100,98384,100,98954,100,98333,100,98981,100,98198,100,99433,100,97985,100,100003,100,97970,100,100004,100,97956,100,100088,100,97740,100,100112,100,97590,100
2019-06-28 10:07:30.000000000,98722,450,98485,450,98789,100,98392,100,98874,100,98384,100,98954,100,98333,100,98981,100,98198,100,99433,100,97985,100,100003,100,97970,100,100004,100,97956,100,100088,100,97740,100,100112,100,97590,100
2019-06-28 10:07:40.000000000,98722,275,98485,275,98789,275,98392,275,98874,100,98384,100,98954,100,98333,100,98981,100,98198,100,99433,100,97985,100,100003,100,97970,100,100004,100,97956,100,100088,100,97740,100,100112,100,97590,100
2019-06-28 10:07:40.283377230,98722,275,98485,275,98789,275,98392,275,98874,100,98384,100,98878,100,98333,100,98954,100,98198,100,98981,100,97970,100,99433,100,97956,100,100003,100,97740,100,100004,100,97590,100,100088,100,,
2019-06-28 10:07:50.000000000,98722,170,98485,170,98789,170,98392,170,98874,170,98384,170,98878,170,98333,170,98954,170,98198,170,98981,100,97970,100,99433,100,97956,100,100003,100,97740,100,100004,100,97590,100,100088,100,,
2019-06-28 10:08:00.000000000,98722,170,98485,170,98789,170,98392,170,98874,170,98384,170,98878,170,98333,170,98954,170,98198,170,98981,100,97970,100,99433,100,97956,100,100003,100,97740,100,100004,100,97590,100,100088,100,,
2019-06-28 10:08:08.285983273,98789,170,98722,30,98874,170,98485,170,98878,170,98392,170,98954,170,98384,170,98981,100,98333,170,99433,100,98198,170,100003,100,97970,100,100004,100,97956,100,100088,100,97740,100,100112,100,97590,100
2019-06-28 10:08:10.000000000,98789,275,98722,205,98874,275,98485,275,98878,100,98392,100,98954,100,98384,100,98981,100,98333,100,99433,100,98198,100,100003,100,97970,100,100004,100,97956,100,100088,100,97740,100,100112,100,97590,100
2019-06-28 10:08:15.791565181,98789,275,98722,205,98874,275,98485,275,98878,100,98392,100,98954,100,98333,100,98981,100,98198,100,99433,100,97970,100,100003,100,97956,100,100004,100,97740,100,100088,100,97590,100,100112,100,,
2019-06-28 10:08:20.000000000,98789,188,98722,118,98874,188,98485,188,98878,188,98392,188,98954,188,98333,188,98981,100,98198,100,99433,100,97970,100,100003,100,97956,100,100004,100,97740,100,100088,100,97590,100,100112,100,,
2019-06-28 10:08:30.000000000,98789,170,98722,100,98874,170,98485,170,98878,170,98392,170,98954,170,98333,170,98981,170,98198,170,99433,100,97970,100,100003,100,97956,100,100004,100,97740,100,100088,100,97590,100,100112,100,,
2019-06-28 10:08:40.000000000,98789,170,98722,100,98874,170,98485,170,98878,170,98392,170,98954,170,98333,170,98981,170,98198,170,99433,100,97970,100,100003,100,97956,100,100004,100,97740,100,100088,100,97590,100,100112,100,,
2019-06-28 10:08:50.000000000,98789,170,98722,100,98874,170,98485,170,98878,170,98392,170,98954,170,98333,170,98981,170,98198,170,99433,100,97970,100,100003,100,97956,100,100004,100,97740,100,100088,100,97590,100,100112,100,,
2019-06-28 10:08:54.485195801,98789,170,98722,100,98874,170,98485,170,98878,170,98392,170,98954,170,98333,170,98981,170,98198,170,99433,100,97970,100,99640,100,97956,100,100003,100,97740,100,100004,100,97590,100,100088,100,,
2019-06-28 10:08:54.536509041,98789,170,98722,100,98874,170,98485,170,98878,170,98392,170,98954,170,98333,170,98981,170,98198,170,99433,100,97970,100,99640,100,97956,100,99732,100,97740,100,100003,100,97590,100,100004,100,,
2019-06-28 10:09:00.000000000,98789,170,98722,100,98874,170,98485,170,98878,170,98392,170,98954,170,98333,170,98981,170,98198,170,99433,100,97970,100,99640,100,97956,100,99732,100,97740,100,100003,100,97590,100,100004,100,,
2019-06-28 10:09:10.000000000,98789,188,98722,118,98874,188,98485,188,98878,188,98392,188,98954,188,98333,188,98981,100,98198,100,99433,100,97970,100,99640,100,97956,100,99732,100,97740,100,100003,100,97590,100,100004,100,,
2019-06-28 10:09:20.000000000,98789,188,98722,118,98874,188,98485,188,98878,188,98392,188,98954,188,98333,188,98981,100,98198,100,99433,100,97970,100,99640,100,97956,100,99732,100,97740,100,100003,100,97590,100,100004,100,,
2019-06-28 10:09:26.284410087,98789,188,98722,118,98874,188,98485,188,98878,188,98392,188,98954,188,98333,188,98981,100,98198,100,99433,100,97970,100,99640,100,97956,100,99732,100,97740,100,100004,100,97590,100,100088,100,,
2019-06-28 10:09:30.000000000,98789,170,98722,100,98874,170,98485,170,98878,170,98392,170,98954,170,98333,170,98981,170,98198,170,99433,100,97970,100,99640,100,97956,100,99732,100,97740,100,100004,100,97590,100,100088,100,,
2019-06-28 10:09:34.158362606,98789,70,98722,100,98874,170,98485,170,98878,170,98392,170,98954,170,98333,170,98981,170,98198,170,99433,100,97970,100,99640,100,97956,100,99732,100,97740,100,100004,100,97590,100,100088,100,,
2019-06-28 10:09:40.000000000,98874,170,98722,100,98878,170,98485,170,98954,170,98392,170,98981,170,98333,170,99433,170,98198,170,99640,100,97970,100,99732,100,97956,100,100004,100,97740,100,100088,100,97590,100,100112,100,,
2019-06-28 10:09:50.000000000,98874,188,98722,118,98878,188,98485,188,98954,188,98392,188,98981,188,98333,188,99433,100,98198,100,99640,100,97970,100,99732,100,97956,100,100004,100,97740,100,100088,100,97590,100,100112,100,,
2019-06-28 10:10:00.000000000,98874,450,98722,380,98878,100,98485,100,98954,100,98392,100,98981,100,98333,100,99433,100,98198,100,99640,100,97970,100,99732,100,97956,100,100004,100,97740,100,100088,100,97590,100,100112,100,,
2019-06-28 10:10:10.000000000,98874,170,98722,100,98878,170,98485,170,98954,170,98392,170,98981,170,98333,170,99433,170,98198,170,99640,100,97970,100,99732,100,97956,100,100004,100,97740,100,100088,100,97590,100,100112,100,,
2019-06-28 10:10:20.000000000,98874,219,98722,149,98878,216,98485,216,98954,216,98392,216,98981,100,98333,100,99433,100,98198,100,99640,100,97970,100,99732,100,97956,100,100004,100,97740,100,100088,100,97590,100,100112,100,,
2019-06-28 10:10:30.000000000,98874,275,98722,205,98878,275,98485,275,98954,100,98392,100,98981,100,98333,100,99433,100,98198,100,99640,100,97970,100,99732,100,97956,100,100004,100,97740,100,100088,100,97590,100,100112,100,,
2019-06-28 10:10:40.000000000,98874,450,98722,380,98878,100,98485,100,98954,100,98392,100,98981,100,98333,100,99433,100,98198,100,99640,100,97970,100,99732,100,97956,100,100004,100,97740,100,100088,100,97590,100,100112,100,,
2019-06-28 10:10:41.638751287,98874,450,98722,380,98878,100,98485,100,98954,100,98392,100,98981,100,98333,100,99433,100,97970,100,99640,100,97956,100,99732,100,97740,100,99810,100,97590,100,100004,100,,,100088,100,,
2019-06-28 10:10:50.000000000,98874,275,98722,205,98878,275,98485,275,98954,100,98392,100,98981,100,98333,100,99433,100,97970,100,99640,100,97956,100,99732,100,97740,100,99810,100,97590,100,100004,100,,,100088,100,,
2019-06-28 10:11:00.000000000,98874,188,98722,118,98878,188,98485,188,98954,188,98392,188,98981,188,98333,188,99433,100,97970,100,99640,100,97956,100,99732,100,97740,100,99810,100,97590,100,100004,100,,,100088,100,,
2019-06-28 10:11:10.000000000,98874,275,98722,205,98878,275,98485,275,98954,100,98392,100,98981,100,98333,100,99433,100,97970,100,99640,100,97956,100,99732,100,97740,100,99810,100,97590,100,100004,100,,,100088,100,,
2019-06-28 10:11:10.905090124,98874,175,98722,205,98878,275,98485,275,98954,100,98392,100,98981,100,98333,100,99433,100,97970,100,99640,100,97956,100,99732,100,97740,100,99810,100,97590,100,100004,100,,,100088,100,,
