,ask_price_1,ask_size_1,bid_price_1,bid_size_1,ask_price_2,ask_size_2,bid_price_2,bid_size_2,ask_price_3,ask_size_3,bid_price_3,bid_size_3,ask_price_4,ask_size_4,bid_price_4,bid_size_4,ask_price_5,ask_size_5,bid_price_5,bid_size_5,ask_price_6,ask_size_6,bid_price_6,bid_size_6,ask_price_7,ask_size_7,bid_price_7,bid_size_7,ask_price_8,ask_size_8,bid_price_8,bid_size_8,ask_price_9,ask_size_9,bid_price_9,bid_size_9,ask_price_10,ask_size_10,bid_price_10,bid_size_10
2019-06-28 09:30:00.000000002,100041,100,,,100095,100,,,,,,,,,,,,,,,,,,,,,,,,,,,,,,,,,,
2019-06-28 09:30:00.000000003,100041,100,99922,100,100095,100,,,,,,,,,,,,,,,,,,,,,,,,,,,,,,,,,,
2019-06-28 09:30:00.000000007,100041,100,99930,100,100095,100,99922,100,,,,,,,,,,,,,,,,,,,,,,,,,,,,,,,,
2019-06-28 09:30:00.000000008,100041,100,99967,100,100095,100,99935,100,,,99930,100,,,99922,100,,,,,,,,,,,,,,,,,,,,,,,,
2019-06-28 09:30:00.000000009,99969,100,99967,100,100041,100,99935,100,100095,100,99930,100,,,99922,100,,,,,,,,,,,,,,,,,,,,,,,,
2019-06-28 09:30:00.000000010,99969,100,99967,100,100015,100,99935,100,100041,100,99930,100,100095,100,99922,100,,,,,,,,,,,,,,,,,,,,,,,,
2019-06-28 09:30:00.000000011,100015,100,99967,100,100041,100,99935,100,100095,100,99930,100,,,99922,100,,,,,,,,,,,,,,,,,,,,,,,,
2019-06-28 09:30:00.000000012,100015,100,99967,100,100041,100,99935,100,100082,100,99930,100,100095,100,99922,100,,,,,,,,,,,,,,,,,,,,,,,,
2019-06-28 09:30:00.000000014,100015,100,99967,100,100041,100,99935,100,100082,100,99930,100,100095,100,99922,100,100114,100,,,,,,,,,,,,,,,,,,,,,,
2019-06-28 09:30:00.000000017,100015,100,99967,100,100041,100,99935,100,100082,100,99930,100,100095,100,99924,100,100114,100,99922,100,100181,100,,,,,,,,,,,,,,,,,,
2019-06-28 09:30:00.000000018,100015,100,99996,100,100041,100,99967,100,100082,100,99935,100,100095,100,99930,100,100114,100,99924,100,100181,100,99922,100,,,,,,,,,,,,,,,,
2019-06-28 09:30:00.000000019,100015,100,100012,100,100041,100,99996,100,100082,100,99967,100,100095,100,99935,100,100114,100,99930,100,100181,100,99924,100,,,99922,100,,,,,,,,,,,,
2019-06-28 09:30:00.000000020,100015,100,100012,100,100041,100,99996,100,100050,100,99967,100,100082,100,99935,100,100095,100,99930,100,100114,100,99924,100,100181,100,99922,100,,,,,,,,,,,,
2019-06-28 09:30:00.000000023,100012,100,99996,100,100015,100,99967,100,100041,100,99935,100,100050,100,99930,100,100082,100,99924,100,100095,100,99922,100,100114,100,,,100181,100,,,,,,,,,,
2019-06-28 09:30:00.000000024,100012,100,99996,100,100015,100,99967,100,100041,100,99935,100,100050,100,99930,100,100082,100,99924,100,100095,100,99922,100,100114,100,,,100159,100,,,100181,100,,,,,,
2019-06-28 09:30:00.000000025,100012,100,99996,100,100015,100,99967,100,100041,100,99944,100,100050,100,99935,100,100082,100,99930,100,100095,100,99924,100,100114,100,99922,100,100159,100,,,100181,100,,,,,,
2019-06-28 09:30:00.000000027,100012,100,99967,100,100015,100,99944,100,100041,100,99935,100,100050,100,99930,100,100082,100,99924,100,100095,100,99922,100,100114,100,,,100159,100,,,100181,100,,,,,,
2019-06-28 09:30:00.000000028,100012,100,99967,100,100015,100,99944,100,100041,100,99935,100,100050,100,99930,100,100082,100,99924,100,100095,100,99922,100,100114,100,99862,100,100159,100,,,100181,100,,,,,,
2019-06-28 09:30:00.000000030,100012,100,99967,100,100015,100,99944,100,100041,100,99935,100,100050,100,99930,100,100082,100,99924,100,100095,100,99922,100,100114,100,99908,100,100159,100,99862,100,100181,100,,,,,,
2019-06-28 09:30:00.000000031,100012,100,99967,100,100015,100,99944,100,100041,100,99938,100,100050,100,99935,100,100082,100,99930,100,100095,100,99924,100,100114,100,99922,100,100159,100,99908,100,100181,100,99862,100,,,,
2019-06-28 09:30:00.000000033,100012,100,99967,100,100015,100,99944,100,100041,100,99938,100,100050,100,99935,100,100075,100,99930,100,100082,100,99924,100,100095,100,99922,100,100114,100,99908,100,100129,100,99862,100,100159,100,,
2019-06-28 09:30:00.000000034,100011,100,99967,100,100012,100,99944,100,100015,100,99938,100,100041,100,99935,100,100050,100,99930,100,100075,100,99924,100,100082,100,99922,100,100095,100,99908,100,100114,100,99862,100,100129,100,,
2019-06-28 09:30:00.000000039,100011,200,99967,100,100012,100,99944,100,100015,100,99938,100,100041,100,99935,100,100050,100,99930,100,100075,100,99924,100,100082,100,99922,100,100095,100,99908,100,100114,100,99862,100,100129,100,,
2019-06-28 09:30:00.000000041,100011,200,99967,100,100012,100,99944,100,100015,100,99938,100,100041,100,99935,100,100050,100,99930,100,100075,100,99924,100,100082,100,99922,100,100095,100,99908,100,100114,100,99862,100,100129,100,,
2019-06-28 09:30:00.000000043,100011,100,99967,100,100012,100,99944,100,100015,100,99938,100,100041,100,99935,100,100050,100,99930,100,100075,100,99924,100,100082,100,99922,100,100095,100,99908,100,100114,100,99862,100,100124,100,,
2019-06-28 09:30:00.000000047,100011,100,99996,100,100012,100,99972,100,100015,100,99967,100,100041,100,99944,100,100050,100,99938,100,100075,100,99935,100,100082,100,99930,100,100095,100,99924,100,100114,100,99922,100,100124,100,99908,100
2019-06-28 09:30:00.000000049,100011,100,99996,100,100012,100,99972,100,100015,100,99967,100,100041,100,99944,100,100050,100,99938,100,100075,100,99935,100,100080,100,99930,100,100082,100,99924,100,100095,100,99923,100,100114,100,99922,100
2019-06-28 09:30:00.000000052,99997,100,99996,100,100011,100,99972,100,100012,100,99967,100,100015,100,99944,100,100041,100,99938,100,100050,100,99935,100,100075,100,99930,100,100080,100,99924,100,100082,100,99923,100,100095,100,99922,100
2019-06-28 09:30:00.000000053,99997,100,99996,200,100011,100,99972,100,100012,100,99967,100,100015,100,99944,100,100041,100,99938,100,100050,100,99935,100,100075,100,99930,100,100080,100,99924,100,100082,100,99923,100,100095,100,99922,100
2019-06-28 09:30:00.000000057,99997,100,99996,200,100011,100,99972,100,100012,100,99967,100,100015,100,99944,100,100017,100,99938,100,100041,100,99935,100,100050,100,99930,100,100075,100,99924,100,100080,100,99923,100,100082,100,99922,100
2019-06-28 09:30:00.000000058,99997,100,99996,200,100011,100,99972,100,100012,100,99967,100,100015,100,99944,100,100017,100,99938,100,100041,100,99935,100,100050,100,99930,100,100075,100,99924,200,100080,100,99923,100,100082,100,99922,100
2019-06-28 09:30:00.000000060,99997,100,99996,100,100011,100,99972,100,100012,100,99967,100,100015,100,99944,100,100017,100,99938,100,100041,100,99935,100,100050,100,99930,100,100075,100,99924,200,100080,100,99923,100,100082,100,99922,100
2019-06-28 09:30:00.000000063,99997,100,99996,100,100011,100,99972,100,100012,100,99967,100,100015,100,99944,100,100017,100,99938,100,100037,100,99935,100,100041,100,99930,100,100050,100,99924,200,100066,100,99923,100,100075,100,99922,100
2019-06-28 09:30:00.000000069,100011,100,99996,100,100012,100,99972,100,100015,100,99967,100,100017,100,99944,100,100037,100,99938,100,100041,100,99935,100,100050,100,99930,100,100066,100,99924,200,100075,100,99923,100,100080,100,99922,100
2019-06-28 09:30:00.000000071,100011,100,99996,100,100012,100,99972,100,100015,100,99967,100,100017,100,99944,100,100037,100,99938,100,100041,100,99935,100,100050,100,99930,100,100066,100,99924,200,100075,100,99923,100,100080,100,99922,100
2019-06-28 09:30:00.000000075,100011,100,99996,100,100012,100,99972,100,100015,100,99967,100,100017,100,99944,100,100037,100,99938,100,100041,100,99935,100,100050,100,99930,100,100066,100,99924,200,100075,100,99923,100,100080,100,99922,100
2019-06-28 09:30:00.000000076,100011,100,99996,100,100012,100,99972,100,100015,100,99967,100,100017,100,99945,100,100037,100,99944,100,100041,100,99938,100,100050,100,99935,100,100066,100,99930,100,100075,100,99924,200,100080,100,99923,100
2019-06-28 09:30:00.000000078,100011,100,99972,100,100012,100,99967,100,100015,100,99945,100,100017,100,99944,100,100037,100,99938,100,100041,100,99935,100,100050,100,99930,100,100066,100,99924,200,100075,100,99923,100,100080,100,99922,100
2019-06-28 09:30:00.000000081,100011,100,99989,100,100012,100,99972,100,100015,100,99967,100,100017,100,99945,100,100037,100,99944,100,100041,100,99938,100,100050,100,99935,100,100066,100,99930,100,100075,100,99924,200,100080,100,99923,100
2019-06-28 09:30:00.000000083,100011,100,99989,100,100012,100,99972,100,100015,100,99967,100,100017,100,99945,100,100037,100,99944,100,100041,100,99938,100,100050,100,99935,100,100066,100,99930,100,100075,100,99924,200,100080,100,99923,100
2019-06-28 09:30:00.000000084,100011,100,99989,100,100012,100,99972,100,100015,100,99967,100,100017,100,99945,100,100037,100,99944,100,100041,100,99938,100,100050,100,99935,100,100066,100,99930,100,100075,100,99924,200,100080,100,99923,100
2019-06-28 09:30:00.000000086,100011,100,99991,100,100012,100,99989,100,100015,100,99972,100,100017,100,99967,100,100037,100,99945,100,100041,100,99944,100,100050,100,99938,100,100066,100,99935,100,100075,100,99930,100,100080,100,99924,200
2019-06-28 09:30:00.000000089,100011,100,99991,100,100012,100,99989,100,100015,100,99972,100,100017,100,99967,100,100037,100,99945,100,100041,100,99944,100,100050,100,99938,100,100066,100,99935,100,100075,100,99930,100,100080,100,99924,200
2019-06-28 09:30:00.000000091,100011,100,99991,100,100012,100,99989,100,100015,100,99972,100,100017,100,99967,100,100037,100,99945,100,100041,100,99944,100,100050,100,99938,100,100066,100,99935,100,100075,100,99930,100,100080,100,99924,200
2019-06-28 09:30:00.000000093,100011,100,99991,100,100012,100,99989,100,100015,100,99972,100,100017,100,99967,100,100037,100,99945,100,100041,100,99944,100,100050,100,99938,100,100066,100,99935,100,100075,100,99930,100,100080,100,99924,200
2019-06-28 09:30:00.000000094,100011,100,99991,100,100012,100,99989,100,100015,100,99972,100,100017,100,99967,100,100037,100,99945,100,100041,100,99944,100,100050,100,99938,100,100066,100,99935,100,100075,100,99930,100,100080,100,99924,200
2019-06-28 09:30:00.000000095,100011,100,99996,100,100012,100,99991,100,100015,100,99989,100,100017,100,99972,100,100037,100,99967,100,100041,100,99945,100,100050,100,99944,100,100066,100,99938,100,100075,100,99935,100,100080,100,99930,100
2019-06-28 09:30:00.000000096,100011,100,99996,100,100012,100,99991,100,100015,100,99989,100,100017,100,99972,100,100037,100,99967,200,100041,100,99945,100,100050,100,99944,100,100066,100,99938,100,100075,100,99935,100,100080,100,99930,100
2019-06-28 09:30:00.000000097,100003,100,99996,100,100011,100,99991,100,100012,100,99989,100,100015,100,99972,100,100017,100,99967,200,100037,100,99945,100,100041,100,99944,100,100050,100,99938,100,100066,100,99935,100,100075,100,99930,100
2019-06-28 09:30:08.431021302,100003,100,99996,100,100011,100,99991,100,100012,200,99989,100,100015,100,99972,100,100017,100,99967,200,100037,100,99945,100,100041,100,99944,100,100050,100,99938,100,100066,100,99935,100,100075,100,99930,100
2019-06-28 09:30:10.000000000,100003,263,99996,263,100011,263,99991,263,100012,200,99989,100,100015,100,99972,100,100017,100,99967,200,100037,100,99945,100,100041,100,99944,100,100050,100,99938,100,100066,100,99935,100,100075,100,99930,100
2019-06-28 09:30:12.443749266,100003,263,99996,263,100011,263,99991,263,100012,200,99989,100,100015,100,99972,100,100017,100,99967,200,100037,100,99945,100,100041,100,99944,100,100050,100,99938,100,100066,100,99935,100,100075,100,99930,100
2019-06-28 09:30:13.789770122,100003,263,99996,263,100008,100,99991,263,100011,263,99989,100,100012,200,99972,100,100015,100,99967,200,100017,100,99945,100,100037,100,99944,100,100041,100,99938,100,100050,100,99935,100,100066,100,99930,100
2019-06-28 09:30:20.000000000,100003,211,99996,211,100008,208,99991,208,100011,208,99989,208,100012,200,99972,100,100015,100,99967,200,100017,100,99945,100,100037,100,99944,100,100041,100,99938,100,100050,100,99935,100,100066,100,99930,100
2019-06-28 09:30:24.530717666,100003,211,99996,211,100008,208,99991,208,100011,208,99989,208,100012,200,99972,100,100015,100,99967,200,100017,100,99945,100,100037,100,99944,100,100041,100,99938,100,100050,100,99935,100,100066,100,99930,100
2019-06-28 09:30:30.000000000,100003,211,99996,211,100008,208,99991,208,100011,208,99989,208,100012,200,99972,100,100015,100,99967,200,100017,100,99945,100,100037,100,99944,100,100041,100,99938,100,100050,100,99935,100,100066,100,99930,100
2019-06-28 09:30:40.000000000,100003,211,99996,211,100008,208,99991,208,100011,208,99989,208,100012,200,99972,100,100015,100,99967,200,100017,100,99945,100,100037,100,99944,100,100041,100,99938,100,100050,100,99935,100,100066,100,99930,100
2019-06-28 09:30:45.482079887,100003,211,99996,111,100008,208,99991,208,100011,208,99989,208,100012,200,99972,100,100015,100,99967,200,100017,100,99945,100,100037,100,99944,100,100041,100,99938,100,100050,100,99935,100,100066,100,99930,100
2019-06-28 09:30:50.000000000,100003,165,99991,165,100008,165,99989,165,100011,165,99972,165,100012,265,99967,265,100015,165,99945,165,100017,100,99944,100,100037,100,99938,100,100041,100,99935,100,100050,100,99930,100,100066,100,99929,100
2019-06-28 09:31:00.000000000,100003,426,99991,426,100008,100,99989,100,100011,100,99972,100,100012,200,99967,200,100015,100,99945,100,100017,100,99944,100,100037,100,99938,100,100041,100,99935,100,100050,100,99930,100,100066,100,99929,100
2019-06-28 09:31:00.442302589,100003,426,99991,326,100008,100,99989,100,100011,100,99972,100,100012,200,99967,200,100015,100,99945,100,100017,100,99938,100,100037,100,99935,100,100041,100,99930,100,100050,100,99929,100,100066,100,99923,100
2019-06-28 09:31:10.000000000,100003,165,99989,165,100008,165,99972,165,100011,165,99967,265,100012,265,99945,165,100015,165,99938,165,100017,100,99935,100,100037,100,99930,100,100041,100,99929,100,100050,100,99923,100,100066,100,99922,100
2019-06-28 09:31:11.079713077,100003,165,99989,165,100008,165,99972,165,100011,165,99967,265,100012,265,99945,165,100015,165,99938,165,100017,100,99935,100,100037,100,99930,100,100041,100,99929,100,100050,100,99923,100,100066,100,99922,100
2019-06-28 09:31:20.000000000,100003,182,99989,182,100008,182,99972,182,100011,182,99967,282,100012,282,99945,182,100015,100,99938,100,100017,100,99935,100,100037,100,99930,100,100041,100,99929,100,100050,100,99923,100,100066,100,99922,100
2019-06-28 09:31:30.000000000,100003,211,99989,211,100008,208,99972,208,100011,208,99967,308,100012,200,99945,100,100015,100,99938,100,100017,100,99935,100,100037,100,99930,100,100041,100,99929,100,100050,100,99923,100,100066,100,99922,100
2019-06-28 09:31:35.576959407,100003,211,99989,111,100008,208,99972,208,100011,208,99967,308,100012,200,99945,100,100015,100,99938,100,100017,100,99935,100,100037,100,99930,100,100041,100,99929,100,100050,100,99923,100,100066,100,99922,100
2019-06-28 09:31:36.173077940,100003,211,99989,111,100008,208,99972,208,100011,208,99967,308,100012,200,99945,100,100015,100,99938,100,100017,100,99935,100,100037,100,99930,100,100041,100,99929,100,100066,100,99923,100,100075,100,99922,100
2019-06-28 09:31:40.000000000,100003,211,99972,211,100008,208,99967,308,100011,208,99945,208,100012,200,99938,100,100015,100,99935,100,100017,100,99930,100,100037,100,99929,100,100041,100,99923,100,100066,100,99922,100,100075,100,99895,100
2019-06-28 09:31:50.000000000,100003,165,99972,165,100008,165,99967,265,100011,165,99945,165,100012,265,99938,165,100015,165,99935,165,100017,100,99930,100,100037,100,99929,100,100041,100,99923,100,100066,100,99922,100,100075,100,99895,100
2019-06-28 09:31:58.583491873,100003,165,99972,165,100008,165,99967,265,100011,165,99945,165,100012,265,99938,165,100015,165,99935,165,100017,100,99930,100,100037,100,99929,100,100041,100,99923,100,100066,100,99922,100,100075,100,99895,100
2019-06-28 09:32:00.000000000,100003,263,99972,263,100008,263,99967,363,100011,100,99945,100,100012,200,99938,100,100015,100,99935,100,100017,100,99930,100,100037,100,99929,100,100041,100,99923,100,100066,100,99922,100,100075,100,99895,100
2019-06-28 09:32:10.000000000,100003,426,99972,426,100008,100,99967,200,100011,100,99945,100,100012,200,99938,100,100015,100,99935,100,100017,100,99930,100,100037,100,99929,100,100041,100,99923,100,100066,100,99922,100,100075,100,99895,100
2019-06-28 09:32:20.000000000,100003,263,99972,263,100008,263,99967,363,100011,100,99945,100,100012,200,99938,100,100015,100,99935,100,100017,100,99930,100,100037,100,99929,100,100041,100,99923,100,100066,100,99922,100,100075,100,99895,100
2019-06-28 09:32:23.825525230,99991,100,99972,263,100003,263,99967,363,100008,263,99945,100,100011,100,99938,100,100012,200,99935,100,100015,100,99930,100,100017,100,99929,100,100037,100,99923,100,100041,100,99922,100,100066,100,99895,100
2019-06-28 09:32:30.000000000,99991,211,99972,211,100003,208,99967,308,100008,208,99945,208,100011,100,99938,100,100012,200,99935,100,100015,100,99930,100,100017,100,99929,100,100037,100,99923,100,100041,100,99922,100,100066,100,99895,100
2019-06-28 09:32:40.000000000,99991,165,99972,165,100003,165,99967,265,100008,165,99945,165,100011,165,99938,165,100012,265,99935,165,100015,100,99930,100,100017,100,99929,100,100037,100,99923,100,100041,100,99922,100,100066,100,99895,100
2019-06-28 09:32:50.000000000,99991,211,99972,211,100003,208,99967,308,100008,208,99945,208,100011,100,99938,100,100012,200,99935,100,100015,100,99930,100,100017,100,99929,100,100037,100,99923,100,100041,100,99922,100,100066,100,99895,100
2019-06-28 09:33:00.000000000,99991,165,99972,165,100003,165,99967,265,100008,165,99945,165,100011,165,99938,165,100012,265,99935,165,100015,100,99930,100,100017,100,99929,100,100037,100,99923,100,100041,100,99922,100,100066,100,99895,100
2019-06-28 09:33:05.967525718,99991,165,99972,165,100003,165,99967,265,100008,165,99945,165,100011,165,99938,165,100012,265,99935,165,100015,100,99930,100,100017,100,99929,100,100037,100,99923,100,100041,100,99922,100,100066,100,99895,100
2019-06-28 09:33:10.000000000,99991,426,99972,426,100003,100,99967,200,100008,100,99945,100,100011,100,99938,100,100012,200,99935,100,100015,100,99930,100,100017,100,99929,100,100037,100,99923,100,100041,100,99922,100,100066,100,99895,100
2019-06-28 09:33:20.000000000,99991,182,99972,182,100003,182,99967,282,100008,182,99945,182,100011,182,99938,182,100012,200,99935,100,100015,100,99930,100,100017,100,99929,100,100037,100,99923,100,100041,100,99922,100,100066,100,99895,100
2019-06-28 09:33:30.000000000,99991,182,99972,182,100003,182,99967,282,100008,182,99945,182,100011,182,99938,182,100012,200,99935,100,100015,100,99930,100,100017,100,99929,100,100037,100,99923,100,100041,100,99922,100,100066,100,99895,100
2019-06-28 09:33:31.117698468,99991,182,99972,82,100003,182,99967,282,100008,182,99945,182,100011,182,99938,182,100012,200,99935,100,100015,100,99930,100,100017,100,99929,100,100037,100,99923,100,100041,100,99922,100,100066,100,99895,100
2019-06-28 09:33:39.398255521,99972,18,99967,282,99991,182,99945,182,100003,182,99938,182,100008,182,99935,100,100011,182,99930,100,100012,200,99929,100,100015,100,99923,100,100017,100,99922,100,100037,100,99895,100,100041,100,99884,100
2019-06-28 09:33:40.000000000,99972,100,99967,282,99991,182,99945,182,100003,182,99938,182,100008,182,99935,182,100011,100,99930,100,100012,200,99929,100,100015,100,99923,100,100017,100,99922,100,100037,100,99895,100,100041,100,99884,100
2019-06-28 09:33:43.262924837,99972,100,99967,282,99991,182,99945,182,100003,182,99938,182,100008,182,99935,182,100011,100,99930,100,100012,200,99929,100,100015,100,99923,100,100017,100,99922,100,100037,100,99895,100,100041,100,99884,100
2019-06-28 09:33:50.000000000,99972,344,99967,526,99991,100,99945,100,100003,100,99938,100,100008,100,99935,100,100011,100,99930,100,100012,200,99929,100,100015,100,99923,100,100017,100,99922,100,100037,100,99895,100,100041,100,99884,100
2019-06-28 09:33:57.423328864,99972,344,99967,526,99991,100,99945,100,100003,100,99938,100,100008,100,99930,100,100011,100,99929,100,100012,200,99923,100,100015,100,99922,100,100017,100,99895,100,100037,100,99884,100,100041,100,99862,100
2019-06-28 09:34:00.000000000,99972,100,99967,282,99991,182,99945,182,100003,182,99938,182,100008,182,99930,182,100011,100,99929,100,100012,200,99923,100,100015,100,99922,100,100017,100,99895,100,100037,100,99884,100,100041,100,99862,100
2019-06-28 09:34:08.458006125,99972,100,99967,282,99991,182,99945,182,100003,182,99938,82,100008,182,99930,182,100011,100,99929,100,100012,200,99923,100,100015,100,99922,100,100017,100,99895,100,100037,100,99884,100,100041,100,99862,100
2019-06-28 09:34:10.000000000,99972,100,99967,282,99991,182,99945,182,100003,182,99930,182,100008,182,99929,182,100011,100,99923,100,100012,200,99922,100,100015,100,99895,100,100017,100,99884,100,100037,100,99862,100,100041,100,99465,100
2019-06-28 09:34:20.000000000,99972,100,99967,282,99991,182,99945,182,100003,182,99930,182,100008,182,99929,182,100011,100,99923,100,100012,200,99922,100,100015,100,99895,100,100017,100,99884,100,100037,100,99862,100,100041,100,99465,100
2019-06-28 09:34:23.437316958,99972,100,99967,282,99991,182,99945,182,100003,182,99930,182,100008,82,99929,182,100011,100,99923,100,100012,200,99922,100,100015,100,99895,100,100017,100,99884,100,100037,100,99862,100,100041,100,99465,100
2019-06-28 09:34:25.056536470,99972,100,99967,282,99991,182,99945,182,100003,182,99930,182,100008,82,99929,182,100011,100,99923,100,100012,200,99922,100,100015,100,99895,100,100017,100,99884,100,100037,100,99862,100,100041,100,99465,100
2019-06-28 09:34:30.000000000,99972,344,99967,526,99991,100,99945,100,100003,100,99930,100,100011,100,99929,100,100012,200,99923,100,100015,100,99922,100,100017,100,99895,100,100037,100,99884,100,100041,100,99862,100,100066,100,99465,100
2019-06-28 09:34:40.000000000,99972,83,99967,265,99991,165,99945,165,100003,165,99930,165,100011,165,99929,165,100012,265,99923,165,100015,100,99922,100,100017,100,99895,100,100037,100,99884,100,100041,100,99862,100,100066,100,99465,100
2019-06-28 09:34:48.588870921,99972,83,99967,65,99991,165,99945,165,100003,165,99930,165,100011,165,99929,165,100012,265,99923,165,100015,100,99922,100,100017,100,99895,100,100037,100,99884,100,100041,100,99862,100,100066,100,99465,100
2019-06-28 09:34:50.000000000,99972,344,99945,426,99991,100,99930,100,100003,100,99929,100,100011,100,99923,100,100012,200,99922,100,100015,100,99895,100,100017,100,99884,100,100037,100,99862,100,100041,100,99465,100,100066,100,98597,100
2019-06-28 09:35:00.000000000,99972,83,99945,165,99991,165,99930,165,100003,165,99929,165,100011,165,99923,165,100012,265,99922,165,100015,100,99895,100,100017,100,99884,100,100037,100,99862,100,100041,100,99465,100,100066,100,98597,100
2019-06-28 09:35:10.000000000,99972,129,99945,211,99991,208,99930,208,100003,208,99929,208,100011,100,99923,100,100012,200,99922,100,100015,100,99895,100,100017,100,99884,100,100037,100,99862,100,100041,100,99465,100,100066,100,98597,100
2019-06-28 09:35:10.893234027,99972,129,99945,211,99991,208,99930,208,100003,208,99929,208,100011,100,99923,100,100012,200,99922,100,100015,100,99895,100,100017,100,99884,100,100037,100,99862,100,100041,100,99465,100,100066,100,98987,100
2019-06-28 09:35:19.198429221,99972,129,99945,111,99991,208,99930,208,100003,208,99929,208,100011,100,99923,100,100012,200,99922,100,100015,100,99895,100,100017,100,99862,100,100037,100,99465,100,100041,100,98987,100,100066,100,98597,100
2019-06-28 09:35:20.000000000,99972,83,99930,165,99991,165,99929,165,100003,165,99923,165,100011,165,99922,165,100012,265,99895,165,100015,100,99862,100,100017,100,99465,100,100037,100,98987,100,100041,100,98597,100,100066,100,98566,100
2019-06-28 09:35:30.000000000,99972,344,99930,426,99991,100,99929,100,100003,100,99923,100,100011,100,99922,100,100012,200,99895,100,100015,100,99862,100,100017,100,99465,100,100037,100,98987,100,100041,100,98597,100,100066,100,98566,100
2019-06-28 09:35:40.000000000,99972,129,99930,211,99991,208,99929,208,100003,208,99923,208,100011,100,99922,100,100012,200,99895,100,100015,100,99862,100,100017,100,99465,100,100037,100,98987,100,100041,100,98597,100,100066,100,98566,100
2019-06-28 09:35:50.000000000,99972,344,99930,426,99991,100,99929,100,100003,100,99923,100,100011,100,99922,100,100012,200,99895,100,100015,100,99862,100,100017,100,99465,100,100037,100,98987,100,100041,100,98597,100,100066,100,98566,100
2019-06-28 09:35:51.358358947,99972,344,99930,326,99991,100,99929,100,100003,100,99923,100,100011,100,99922,100,100012,200,99895,100,100015,100,99862,100,100017,100,99465,100,100037,100,98987,100,100041,100,98597,100,100066,100,98566,100
2019-06-28 09:36:00.000000000,99972,129,99929,211,99991,208,99923,208,100003,208,99922,208,100011,100,99895,100,100012,200,99862,100,100015,100,99465,100,100017,100,98987,100,100037,100,98597,100,100041,100,98566,100,100066,100,98563,100
2019-06-28 09:36:02.341923609,99972,129,99929,211,99991,208,99923,208,100003,208,99922,208,100011,100,99895,100,100012,200,99862,100,100015,100,99465,100,100017,100,98987,100,100037,100,98853,100,100041,100,98597,100,100066,100,98566,100
2019-06-28 09:36:10.000000000,99972,83,99929,165,99991,165,99923,165,100003,165,99922,165,100011,165,99895,165,100012,265,99862,165,100015,100,99465,100,100017,100,98987,100,100037,100,98853,100,100041,100,98597,100,100066,100,98566,100
2019-06-28 09:36:13.153289414,99972,83,99929,165,99991,165,99923,165,100003,165,99922,165,100011,165,99895,165,100012,265,99862,165,100015,100,99465,100,100017,100,98987,100,100037,100,98853,100,100041,100,98852,100,100066,100,98597,100
2019-06-28 09:36:20.000000000,99972,181,99929,263,99991,263,99923,263,100003,100,99922,100,100011,100,99895,100,100012,200,99862,100,100015,100,99465,100,100017,100,98987,100,100037,100,98853,100,100041,100,98852,100,100066,100,98597,100
2019-06-28 09:36:23.327247989,99945,100,99929,263,99972,181,99923,263,99991,263,99922,100,100003,100,99895,100,100011,100,99862,100,100012,200,99465,100,100015,100,98987,100,100017,100,98853,100,100037,100,98852,100,100041,100,98597,100
2019-06-28 09:36:30.000000000,99945,211,99929,211,99972,126,99923,208,99991,208,99922,208,100003,100,99895,100,100011,100,99862,100,100012,200,99465,100,100015,100,98987,100,100017,100,98853,100,100037,100,98852,100,100041,100,98597,100
2019-06-28 09:36:31.273819639,99945,211,99929,111,99972,126,99923,208,99991,208,99922,208,100003,100,99895,100,100011,100,99862,100,100012,200,99465,100,100015,100,98987,100,100037,100,98853,100,100041,100,98852,100,100066,100,98597,100
2019-06-28 09:36:40.000000000,99945,182,99923,182,99972,100,99922,182,99991,182,99895,182,100003,182,99862,182,100011,100,99465,100,100012,200,98987,100,100015,100,98853,100,100037,100,98852,100,100041,100,98597,100,100066,100,98566,100
2019-06-28 09:36:43.861645250,99945,182,99923,182,99972,100,99922,82,99991,182,99895,182,100003,182,99862,182,100011,100,99465,100,100012,200,98987,100,100015,100,98936,100,100037,100,98853,100,100041,100,98852,100,100066,100,98597,100
2019-06-28 09:36:50.000000000,99945,211,99923,211,99972,126,99895,208,99991,208,99862,208,100003,100,99465,100,100011,100,98987,100,100012,200,98936,100,100015,100,98853,100,100037,100,98852,100,100041,100,98597,100,100066,100,98566,100
2019-06-28 09:36:59.967407483,99945,211,99923,211,99972,126,99895,208,99991,208,99862,208,100003,100,99465,100,100011,100,98987,100,100012,200,98936,100,100015,100,98853,100,100037,100,98852,100,100041,100,98785,100,100066,100,98597,100
2019-06-28 09:37:00.000000000,99945,182,99923,182,99972,100,99895,182,99991,182,99862,182,100003,182,99465,182,100011,100,98987,100,100012,200,98936,100,100015,100,98853,100,100037,100,98852,100,100041,100,98785,100,100066,100,98597,100
2019-06-28 09:37:02.820272467,99945,182,99923,82,99972,100,99895,182,99991,182,99862,182,100003,182,99465,182,100011,100,98987,100,100012,200,98936,100,100015,100,98852,100,100037,100,98785,100,100041,100,98597,100,100066,100,98566,100
2019-06-28 09:37:10.000000000,99945,165,99895,165,99972,83,99862,165,99991,165,99465,165,100003,165,98987,165,100011,165,98936,165,100012,200,98852,100,100015,100,98785,100,100037,100,98597,100,100041,100,98566,100,100066,100,98563,100
2019-06-28 09:37:14.956866736,99929,100,99895,165,99945,165,99862,165,99972,83,99465,165,99991,165,98987,165,100003,165,98936,165,100011,165,98852,100,100012,200,98785,100,100015,100,98597,100,100037,100,98566,100,100041,100,98563,100
2019-06-28 09:37:15.359429727,99929,100,99895,165,99945,165,99862,165,99972,83,99465,165,99991,165,98987,165,100003,165,98936,165,100011,165,98852,100,100012,200,98785,100,100015,100,98745,100,100037,100,98597,100,100041,100,98566,100
2019-06-28 09:37:20.000000000,99929,426,99895,426,99945,100,99862,100,99972,18,99465,100,99991,100,98987,100,100003,100,98936,100,100011,100,98852,100,100012,200,98785,100,100015,100,98745,100,100037,100,98597,100,100041,100,98566,100
2019-06-28 09:37:30.000000000,99929,165,99895,165,99945,165,99862,165,99972,83,99465,165,99991,165,98987,165,100003,165,98936,165,100011,100,98852,100,100012,200,98785,100,100015,100,98745,100,100037,100,98597,100,100041,100,98566,100
2019-06-28 09:37:40.000000000,99929,426,99895,426,99945,100,99862,100,99972,18,99465,100,99991,100,98987,100,100003,100,98936,100,100011,100,98852,100,100012,200,98785,100,100015,100,98745,100,100037,100,98597,100,100041,100,98566,100
2019-06-28 09:37:50.000000000,99929,426,99895,426,99945,100,99862,100,99972,18,99465,100,99991,100,98987,100,100003,100,98936,100,100011,100,98852,100,100012,200,98785,100,100015,100,98745,100,100037,100,98597,100,100041,100,98566,100
2019-06-28 09:38:00.000000000,99929,263,99895,263,99945,263,99862,263,99972,18,99465,100,99991,100,98987,100,100003,100,98936,100,100011,100,98852,100,100012,200,98785,100,100015,100,98745,100,100037,100,98597,100,100041,100,98566,100
2019-06-28 09:38:01.123321839,99929,263,99895,263,99945,263,99862,263,99972,18,99465,100,99991,100,98987,100,100003,100,98936,100,100011,100,98852,100,100012,200,98785,100,100015,100,98745,100,100037,100,98716,100,100041,100,98597,100
2019-06-28 09:38:04.420025685,99929,263,99895,163,99945,263,99862,263,99972,18,99465,100,99991,100,98987,100,100003,100,98936,100,100011,100,98852,100,100012,200,98785,100,100015,100,98745,100,100037,100,98716,100,100041,100,98597,100
2019-06-28 09:38:10.000000000,99929,426,99862,426,99945,100,99465,100,99972,18,98987,100,99991,100,98936,100,100003,100,98852,100,100011,100,98785,100,100012,200,98745,100,100015,100,98716,100,100037,100,98597,100,100041,100,98566,100
2019-06-28 09:38:10.091013609,99929,426,99862,326,99945,100,99465,100,99972,18,98987,100,99991,100,98936,100,100003,100,98852,100,100011,100,98785,100,100012,200,98745,100,100015,100,98716,100,100037,100,98597,100,100041,100,98566,100
2019-06-28 09:38:20.000000000,99929,426,99465,426,99945,100,98987,100,99972,18,98936,100,99991,100,98852,100,100003,100,98785,100,100011,100,98745,100,100012,200,98716,100,100015,100,98597,100,100037,100,98566,100,100041,100,98563,100
2019-06-28 09:38:21.666655831,99895,100,99465,426,99929,426,98987,100,99945,100,98936,100,99972,18,98852,100,99991,100,98785,100,100003,100,98745,100,100011,100,98716,100,100012,200,98597,100,100015,100,98566,100,100037,100,98563,100
2019-06-28 09:38:30.000000000,99895,165,99465,165,99929,165,98987,165,99945,165,98936,165,99972,83,98852,165,99991,165,98785,165,100003,100,98745,100,100011,100,98716,100,100012,200,98597,100,100015,100,98566,100,100037,100,98563,100
2019-06-28 09:38:40.000000000,99895,263,99465,263,99929,263,98987,263,99945,100,98936,100,99972,18,98852,100,99991,100,98785,100,100003,100,98745,100,100011,100,98716,100,100012,200,98597,100,100015,100,98566,100,100037,100,98563,100
2019-06-28 09:38:50.000000000,99895,211,99465,211,99929,208,98987,208,99945,208,98936,208,99972,18,98852,100,99991,100,98785,100,100003,100,98745,100,100011,100,98716,100,100012,200,98597,100,100015,100,98566,100,100037,100,98563,100
2019-06-28 09:39:00.000000000,99895,263,99465,263,99929,263,98987,263,99945,100,98936,100,99972,18,98852,100,99991,100,98785,100,100003,100,98745,100,100011,100,98716,100,100012,200,98597,100,100015,100,98566,100,100037,100,98563,100
2019-06-28 09:39:10.000000000,99895,165,99465,165,99929,165,98987,165,99945,165,98936,165,99972,83,98852,165,99991,165,98785,165,100003,100,98745,100,100011,100,98716,100,100012,200,98597,100,100015,100,98566,100,100037,100,98563,100
2019-06-28 09:39:16.141438447,99895,165,99465,165,99929,165,98987,165,99945,165,98936,165,99972,83,98852,165,99991,165,98785,165,100003,100,98745,100,100011,100,98716,100,100012,200,98597,100,100015,100,98566,100,100037,100,98563,100
2019-06-28 09:39:20.000000000,99895,263,99465,263,99929,263,98987,263,99945,100,98936,100,99972,18,98852,100,99991,100,98785,100,100003,100,98745,100,100011,100,98716,100,100012,200,98597,100,100015,100,98566,100,100037,100,98563,100
2019-06-28 09:39:21.824963265,99895,263,99465,263,99929,263,98987,263,99945,100,98936,100,99972,18,98852,100,99991,100,98785,100,100003,100,98745,100,100012,200,98716,100,100015,100,98597,100,100037,100,98566,100,100041,100,98563,100
2019-06-28 09:39:30.000000000,99895,426,99465,426,99929,100,98987,100,99945,100,98936,100,99972,18,98852,100,99991,100,98785,100,100003,100,98745,100,100012,200,98716,100,100015,100,98597,100,100037,100,98566,100,100041,100,98563,100
2019-06-28 09:39:40.000000000,99895,165,99465,165,99929,165,98987,165,99945,165,98936,165,99972,83,98852,165,99991,165,98785,165,100003,100,98745,100,100012,200,98716,100,100015,100,98597,100,100037,100,98566,100,100041,100,98563,100
2019-06-28 09:39:49.924530443,99895,265,99465,165,99929,165,98987,165,99945,165,98936,165,99972,83,98852,165,99991,165,98785,165,100003,100,98745,100,100012,200,98716,100,100015,100,98597,100,100037,100,98566,100,100041,100,98563,100
2019-06-28 09:39:50.000000000,99895,526,99465,426,99929,100,98987,100,99945,100,98936,100,99972,18,98852,100,99991,100,98785,100,100003,100,98745,100,100012,200,98716,100,100015,100,98597,100,100037,100,98566,100,100041,100,98563,100
2019-06-28 09:39:51.314506399,99895,526,99465,426,99929,100,98987,100,99945,100,98936,100,99972,18,98852,100,99991,100,98785,100,100003,100,98745,100,100012,200,98716,100,100015,100,98597,100,100037,100,98566,100,100041,100,98563,100
2019-06-28 09:39:59.186313631,99895,526,99465,426,99929,100,98987,100,99945,100,98936,100,99972,18,98852,100,99991,100,98785,100,100003,100,98745,100,100012,200,98716,100,100015,100,98699,100,100037,100,98597,100,100041,100,98566,100
2019-06-28 09:40:00.000000000,99895,282,99465,182,99929,182,98987,182,99945,182,98936,182,99972,100,98852,182,99991,100,98785,100,100003,100,98745,100,100012,200,98716,100,100015,100,98699,100,100037,100,98597,100,100041,100,98566,100
2019-06-28 09:40:06.085586433,99895,282,99465,182,99929,182,98987,182,99945,182,98936,182,99972,100,98852,82,99991,100,98785,100,100003,100,98745,100,100012,200,98716,100,100015,100,98699,100,100037,100,98602,100,100041,100,98597,100
2019-06-28 09:40:10.000000000,99895,526,99465,426,99929,100,98987,100,99945,100,98936,100,99972,18,98785,100,99991,100,98745,100,100003,100,98716,100,100012,200,98699,100,100015,100,98602,100,100037,100,98597,100,100041,100,98566,100
2019-06-28 09:40:15.112381743,99895,626,99465,426,99929,100,98987,100,99945,100,98936,100,99972,18,98785,100,99991,100,98745,100,100003,100,98716,100,100012,200,98699,100,100015,100,98602,100,100037,100,98597,100,100041,100,98566,100
2019-06-28 09:40:18.276131110,99895,626,99465,426,99929,100,98987,100,99945,100,98936,100,99972,18,98785,100,99991,100,98745,100,100003,100,98716,100,100012,200,98699,100,100015,100,98602,100,100037,100,98597,100,100041,100,98580,100
2019-06-28 09:40:20.000000000,99895,626,99465,426,99929,100,98987,100,99945,100,98936,100,99972,18,98785,100,99991,100,98745,100,100003,100,98716,100,100012,200,98699,100,100015,100,98602,100,100037,100,98597,100,100041,100,98580,100
2019-06-28 09:40:30.000000000,99895,365,99465,165,99929,165,98987,165,99945,165,98936,165,99972,83,98785,165,99991,165,98745,165,100003,100,98716,100,100012,200,98699,100,100015,100,98602,100,100037,100,98597,100,100041,100,98580,100
2019-06-28 09:40:35.325276778,99895,365,99465,165,99929,165,98987,165,99945,165,98936,165,99972,83,98785,165,99991,165,98745,165,100003,100,98716,100,100012,200,98711,100,100015,100,98699,100,100037,100,98602,100,100041,100,98597,100
2019-06-28 09:40:40.000000000,99895,365,99465,165,99929,165,98987,165,99945,165,98936,165,99972,83,98785,165,99991,165,98745,165,100003,100,98716,100,100012,200,98711,100,100015,100,98699,100,100037,100,98602,100,100041,100,98597,100
2019-06-28 09:40:42.700693007,99895,365,99465,165,99929,165,98987,165,99945,65,98936,165,99972,83,98785,165,99991,165,98745,165,100003,100,98716,100,100012,200,98711,100,100015,100,98699,100,100037,100,98602,100,100041,100,98597,100
2019-06-28 09:40:42.956704632,99895,365,99465,65,99929,165,98987,165,99945,65,98936,165,99972,83,98785,165,99991,165,98745,165,100003,100,98716,100,100012,200,98711,100,100015,100,98699,100,100037,100,98602,100,100041,100,98597,100
2019-06-28 09:40:50.000000000,99895,382,98987,182,99929,182,98936,182,99972,100,98785,182,99991,182,98745,182,100003,100,98716,100,100012,200,98711,100,100015,100,98699,100,100037,100,98602,100,100041,100,98597,100,100066,100,98580,100
2019-06-28 09:40:52.094314455,99895,382,98987,82,99929,182,98936,182,99972,100,98785,182,99991,182,98745,182,100003,100,98716,100,100012,200,98711,100,100015,100,98699,100,100037,100,98602,100,100041,100,98597,100,100066,100,98580,100
2019-06-28 09:41:00.000000000,99895,411,98936,211,99929,208,98785,208,99972,126,98745,208,99991,100,98716,100,100003,100,98711,100,100012,200,98699,100,100015,100,98602,100,100037,100,98597,100,100041,100,98580,100,100066,100,98566,100
2019-06-28 09:41:10.000000000,99895,365,98936,165,99929,165,98785,165,99972,83,98745,165,99991,165,98716,165,100003,165,98711,165,100012,200,98699,100,100015,100,98602,100,100037,100,98597,100,100041,100,98580,100,100066,100,98566,100
2019-06-28 09:41:10.190564065,99895,365,98936,65,99929,165,98785,165,99972,83,98745,165,99991,165,98716,165,100003,165,98711,165,100012,200,98699,100,100015,100,98602,100,100037,100,98597,100,100041,100,98580,100,100066,100,98566,100
2019-06-28 09:41:20.000000000,99895,365,98785,165,99929,165,98745,165,99972,83,98716,165,99991,165,98711,165,100003,165,98699,165,100012,200,98602,100,100015,100,98597,100,100037,100,98580,100,100041,100,98566,100,100066,100,98464,100
2019-06-28 09:41:30.000000000,99895,626,98785,426,99929,100,98745,100,99972,18,98716,100,99991,100,98711,100,100003,100,98699,100,100012,200,98602,100,100015,100,98597,100,100037,100,98580,100,100041,100,98566,100,100066,100,98464,100
2019-06-28 09:41:38.787747658,99895,626,98842,100,99929,100,98785,326,99972,18,98745,100,99991,100,98716,100,100003,100,98711,100,100012,200,98699,100,100015,100,98602,100,100037,100,98597,100,100041,100,98580,100,100066,100,98566,100
2019-06-28 09:41:40.000000000,99895,411,98842,211,99929,208,98745,208,99972,126,98716,208,99991,100,98711,100,100003,100,98699,100,100012,200,98602,100,100015,100,98597,100,100037,100,98580,100,100041,100,98566,100,100066,100,98464,100
2019-06-28 09:41:42.240285534,99895,411,98842,111,99929,208,98745,208,99972,126,98716,208,99991,100,98711,100,100003,100,98699,100,100012,200,98597,100,100015,100,98580,100,100037,100,98566,100,100041,100,98464,100,100066,100,98284,100
2019-06-28 09:41:50.000000000,99895,463,98745,263,99929,263,98716,263,99972,18,98711,100,99991,100,98699,100,100003,100,98597,100,100012,200,98580,100,100015,100,98566,100,100037,100,98464,100,100041,100,98284,100,100066,100,,
2019-06-28 09:41:51.387632865,98930,100,98745,263,99895,463,98716,263,99929,263,98711,100,99972,18,98699,100,99991,100,98597,100,100003,100,98580,100,100012,200,98566,100,100015,100,98284,100,100037,100,,,100041,100,,
2019-06-28 09:42:00.000000000,98930,211,98745,211,99895,408,98716,208,99929,208,98711,208,99972,18,98699,100,99991,100,98597,100,100003,100,98580,100,100012,200,98566,100,100015,100,98284,100,100037,100,,,100041,100,,
2019-06-28 09:42:03.724397253,98930,211,98745,211,99132,100,98716,208,99895,408,98711,208,99929,208,98699,100,99972,18,98597,100,99991,100,98580,100,100003,100,98566,100,100012,200,98284,100,100015,100,,,100037,100,,
2019-06-28 09:42:09.715076734,98930,211,98745,211,99132,100,98716,208,99895,408,98711,208,99929,208,98702,100,99972,18,98699,100,99991,100,98597,100,100003,100,98580,100,100012,200,98566,100,100015,100,98284,100,100037,100,,
2019-06-28 09:42:09.723125855,98930,211,98745,211,99132,100,98716,208,99895,408,98711,208,99929,208,98708,100,99972,18,98702,100,99991,100,98699,100,100003,100,98597,100,100012,100,98580,100,100015,100,98566,100,100037,100,98284,100
2019-06-28 09:42:10.000000000,98930,165,98745,165,99132,165,98716,165,99895,365,98711,165,99929,165,98708,165,99972,83,98702,165,99991,100,98699,100,100003,100,98597,100,100012,100,98580,100,100015,100,98566,100,100037,100,98284,100
2019-06-28 09:42:20.000000000,98930,211,98745,211,99132,208,98716,208,99895,408,98711,208,99929,100,98708,100,99972,18,98702,100,99991,100,98699,100,100003,100,98597,100,100012,100,98580,100,100015,100,98566,100,100037,100,98284,100
2019-06-28 09:42:21.084147973,98930,211,98745,211,98936,100,98716,208,99132,208,98711,208,99895,408,98708,100,99929,100,98702,100,99972,18,98699,100,99991,100,98597,100,100003,100,98580,100,100012,100,98566,100,100037,100,98284,100
2019-06-28 09:42:24.271009710,98930,211,98745,211,98936,100,98716,208,98941,100,98711,208,99132,208,98708,100,99895,408,98702,100,99929,100,98699,100,99972,18,98597,100,99991,100,98580,100,100003,100,98566,100,100012,100,98284,100
2019-06-28 09:42:27.061717697,98930,211,98745,211,98936,100,98716,208,98941,100,98711,208,99132,208,98708,100,99895,408,98702,100,99929,100,98699,100,99972,18,98597,100,99991,100,98580,100,100003,100,98568,100,100012,100,98566,100
2019-06-28 09:42:30.000000000,98930,263,98745,263,98936,263,98716,263,98941,100,98711,100,99132,100,98708,100,99895,300,98702,100,99929,100,98699,100,99972,18,98597,100,99991,100,98580,100,100003,100,98568,100,100012,100,98566,100
2019-06-28 09:42:30.925016705,98930,263,98745,263,98936,263,98716,263,98941,100,98711,100,99132,100,98708,100,99895,300,98702,100,99929,100,98699,100,99972,18,98597,100,99991,100,98580,100,100003,100,98568,100,100012,100,98566,100
2019-06-28 09:42:34.955689226,98930,263,98745,163,98936,263,98716,263,98941,100,98711,100,99132,100,98708,100,99895,300,98702,100,99929,100,98699,100,99972,18,98597,100,99991,100,98580,100,100003,100,98568,100,100012,100,98566,100
2019-06-28 09:42:40.000000000,98930,182,98716,182,98936,182,98711,182,98941,182,98708,182,99132,182,98702,182,99895,300,98699,100,99929,100,98597,100,99972,18,98580,100,99991,100,98568,100,100003,100,98566,100,100012,100,98470,100
2019-06-28 09:42:42.762196614,98930,182,98716,182,98936,182,98711,182,98941,182,98708,182,99132,182,98702,182,99895,300,98699,100,99929,100,98597,100,99972,18,98580,100,99991,100,98568,100,100003,100,98566,100,100012,100,98470,100
2019-06-28 09:42:50.000000000,98930,182,98716,182,98936,182,98711,182,98941,182,98708,182,99132,182,98702,182,99895,300,98699,100,99929,100,98597,100,99972,18,98580,100,99991,100,98568,100,100003,100,98566,100,100012,100,98470,100
2019-06-28 09:42:53.461676953,98727,100,98716,182,98930,182,98711,182,98936,182,98708,182,98941,182,98702,182,99132,182,98699,100,99895,300,98597,100,99929,100,98580,100,99972,18,98568,100,99991,100,98566,100,100003,100,98470,100
2019-06-28 09:42:53.485026117,98727,100,98716,182,98930,182,98711,182,98936,182,98708,182,98941,182,98702,182,99132,182,98699,100,99895,300,98597,100,99929,100,98580,100,99972,18,98568,100,99991,100,98566,100,100003,100,98481,100
2019-06-28 09:43:00.000000000,98727,426,98716,426,98930,100,98711,100,98936,100,98708,100,98941,100,98702,100,99132,100,98699,100,99895,300,98597,100,99929,100,98580,100,99972,18,98568,100,99991,100,98566,100,100003,100,98481,100
2019-06-28 09:43:05.269846561,98727,426,98716,326,98930,100,98711,100,98936,100,98708,100,98941,100,98702,100,99132,100,98699,100,99895,300,98597,100,99929,100,98580,100,99972,18,98568,100,99991,100,98566,100,100003,100,98481,100
2019-06-28 09:43:09.794387423,98727,426,98716,326,98930,100,98711,100,98936,100,98708,100,98941,100,98702,100,99132,100,98699,100,99895,300,98597,100,99929,100,98580,100,99972,18,98568,100,99991,100,98566,100,100003,100,98481,100
2019-06-28 09:43:10.000000000,98727,263,98711,263,98930,263,98708,263,98936,100,98702,100,98941,100,98699,100,99132,100,98597,100,99895,300,98580,100,99929,100,98568,100,99972,18,98566,100,99991,100,98481,100,100003,100,98470,100
2019-06-28 09:43:20.000000000,98727,165,98711,165,98930,165,98708,165,98936,165,98702,165,98941,165,98699,165,99132,165,98597,165,99895,300,98580,100,99929,100,98568,100,99972,18,98566,100,99991,100,98481,100,100003,100,98470,100
2019-06-28 09:43:25.538644049,98727,165,98711,165,98930,165,98708,165,98936,165,98702,165,98941,165,98699,165,99132,165,98676,100,99895,300,98597,165,99929,100,98580,100,99972,18,98568,100,99991,100,98566,100,100003,100,98481,100
2019-06-28 09:43:30.000000000,98727,426,98711,426,98930,100,98708,100,98936,100,98702,100,98941,100,98699,100,99132,100,98676,100,99895,300,98597,100,99929,100,98580,100,99972,18,98568,100,99991,100,98566,100,100003,100,98481,100
2019-06-28 09:43:40.000000000,98727,165,98711,165,98930,165,98708,165,98936,165,98702,165,98941,165,98699,165,99132,165,98676,165,99895,300,98597,100,99929,100,98580,100,99972,18,98568,100,99991,100,98566,100,100003,100,98481,100
2019-06-28 09:43:50.000000000,98727,426,98711,426,98930,100,98708,100,98936,100,98702,100,98941,100,98699,100,99132,100,98676,100,99895,300,98597,100,99929,100,98580,100,99972,18,98568,100,99991,100,98566,100,100003,100,98481,100
2019-06-28 09:43:54.429083510,98727,226,98711,426,98930,100,98708,100,98936,100,98702,100,98941,100,98699,100,99132,100,98676,100,99895,300,98597,100,99929,100,98580,100,99972,18,98568,100,99991,100,98566,100,100003,100,98481,100
2019-06-28 09:43:59.563177774,98727,226,98717,100,98930,100,98711,426,98936,100,98708,100,98941,100,98702,100,99132,100,98699,100,99895,200,98676,100,99929,100,98597,100,99972,18,98580,100,99991,100,98568,100,100003,100,98566,100
2019-06-28 09:44:00.000000000,98930,165,98717,165,98936,165,98711,165,98941,165,98708,165,99132,165,98702,165,99895,265,98699,165,99929,100,98676,100,99972,18,98597,100,99991,100,98580,100,100003,100,98568,100,100012,100,98566,100
2019-06-28 09:44:00.872813749,98930,165,98851,100,98936,165,98717,165,98941,165,98711,165,99132,165,98708,165,99895,265,98702,165,99929,100,98699,165,99972,18,98676,100,99991,100,98597,100,100003,100,98580,100,100012,100,98568,100
2019-06-28 09:44:01.010979086,98930,165,98851,100,98936,165,98717,165,98940,100,98711,165,98941,165,98708,165,99132,165,98702,165,99895,265,98699,165,99929,100,98676,100,99991,100,98597,100,100003,100,98580,100,100012,100,98568,100
2019-06-28 09:44:10.000000000,98930,165,98851,165,98936,165,98717,165,98940,165,98711,165,98941,165,98708,165,99132,165,98702,165,99895,200,98699,100,99929,100,98676,100,99991,100,98597,100,100003,100,98580,100,100012,100,98568,100
2019-06-28 09:44:10.607628935,98930,65,98851,165,98936,165,98717,165,98940,165,98711,165,98941,165,98708,165,99132,165,98702,165,99895,200,98699,100,99929,100,98676,100,99991,100,98597,100,100003,100,98580,100,100012,100,98568,100
2019-06-28 09:44:20.000000000,98936,165,98851,165,98940,165,98717,165,98941,165,98711,165,99132,165,98708,165,99895,265,98702,165,99929,100,98699,100,99991,100,98676,100,100003,100,98597,100,100012,100,98580,100,100037,100,98568,100
2019-06-28 09:44:30.000000000,98936,211,98851,211,98940,208,98717,208,98941,208,98711,208,99132,100,98708,100,99895,200,98702,100,99929,100,98699,100,99991,100,98676,100,100003,100,98597,100,100012,100,98580,100,100037,100,98568,100
2019-06-28 09:44:39.250311365,98936,111,98851,211,98940,208,98717,208,98941,208,98711,208,99132,100,98708,100,99895,200,98702,100,99929,100,98699,100,99991,100,98676,100,100003,100,98597,100,100012,100,98580,100,100037,100,98568,100
2019-06-28 09:44:40.000000000,98940,182,98851,182,98941,182,98717,182,99132,182,98711,182,99895,282,98708,182,99929,100,98702,100,99991,100,98699,100,100003,100,98676,100,100012,100,98597,100,100037,100,98580,100,100041,100,98568,100
2019-06-28 09:44:50.000000000,98940,426,98851,426,98941,100,98717,100,99132,100,98711,100,99895,200,98708,100,99929,100,98702,100,99991,100,98699,100,100003,100,98676,100,100012,100,98597,100,100037,100,98580,100,100041,100,98568,100
2019-06-28 09:45:00.000000000,98940,182,98851,182,98941,182,98717,182,99132,182,98711,182,99895,282,98708,182,99929,100,98702,100,99991,100,98699,100,100003,100,98676,100,100012,100,98597,100,100037,100,98580,100,100041,100,98568,100
2019-06-28 09:45:10.000000000,98940,165,98851,165,98941,165,98717,165,99132,165,98711,165,99895,265,98708,165,99929,165,98702,165,99991,100,98699,100,100003,100,98676,100,100012,100,98597,100,100037,100,98580,100,100041,100,98568,100
2019-06-28 09:45:20.000000000,98940,182,98851,182,98941,182,98717,182,99132,182,98711,182,99895,282,98708,182,99929,100,98702,100,99991,100,98699,100,100003,100,98676,100,100012,100,98597,100,100037,100,98580,100,100041,100,98568,100
2019-06-28 09:45:21.671162853,98940,82,98851,182,98941,182,98717,182,99132,182,98711,182,99895,282,98708,182,99929,100,98702,100,99991,100,98676,100,100003,100,98597,100,100012,100,98580,100,100037,100,98568,100,100041,100,98566,100
2019-06-28 09:45:30.000000000,98941,426,98851,426,99132,100,98717,100,99895,200,98711,100,99929,100,98708,100,99991,100,98702,100,100003,100,98676,100,100012,100,98597,100,100037,100,98580,100,100041,100,98568,100,100066,100,98566,100
2019-06-28 09:45:36.895033934,98941,326,98851,426,99132,100,98717,100,99895,200,98711,100,99929,100,98708,100,99991,100,98702,100,100003,100,98676,100,100012,100,98597,100,100037,100,98580,100,100041,100,98568,100,100066,100,98566,100
2019-06-28 09:45:40.000000000,99132,426,98851,426,99895,200,98717,100,99929,100,98711,100,99991,100,98708,100,100003,100,98702,100,100012,100,98676,100,100037,100,98597,100,100041,100,98580,100,100066,100,98568,100,100088,100,98566,100
2019-06-28 09:45:50.000000000,99132,182,98851,182,99895,282,98717,182,99929,182,98711,182,99991,182,98708,182,100003,100,98702,100,100012,100,98676,100,100037,100,98597,100,100041,100,98580,100,100066,100,98568,100,100088,100,98566,100
2019-06-28 09:45:50.094985819,99132,182,98940,100,99895,282,98851,182,99929,182,98717,182,99991,182,98711,182,100003,100,98708,182,100012,100,98702,100,100037,100,98676,100,100041,100,98597,100,100066,100,98580,100,100088,100,98568,100
2019-06-28 09:46:00.000000000,99132,182,98940,182,99895,282,98851,182,99929,182,98717,182,99991,182,98711,182,100003,100,98708,100,100012,100,98702,100,100037,100,98676,100,100041,100,98597,100,100066,100,98580,100,100088,100,98568,100
2019-06-28 09:46:10.000000000,99132,182,98940,182,99895,282,98851,182,99929,182,98717,182,99991,182,98711,182,100003,100,98708,100,100012,100,98702,100,100037,100,98676,100,100041,100,98597,100,100066,100,98580,100,100088,100,98568,100
2019-06-28 09:46:12.209410402,99132,182,98940,182,99555,100,98851,182,99895,282,98717,182,99929,182,98711,182,99991,182,98708,100,100003,100,98702,100,100012,100,98676,100,100037,100,98597,100,100041,100,98580,100,100066,100,98568,100
2019-06-28 09:46:15.553079716,99132,82,98940,182,99555,100,98851,182,99895,282,98717,182,99929,182,98711,182,99991,182,98708,100,100003,100,98702,100,100012,100,98676,100,100037,100,98597,100,100041,100,98580,100,100066,100,98568,100
2019-06-28 09:46:20.000000000,99555,165,98940,165,99895,265,98851,165,99929,165,98717,165,99991,165,98711,165,100003,165,98708,165,100012,100,98702,100,100037,100,98676,100,100041,100,98597,100,100066,100,98580,100,100088,100,98568,100
2019-06-28 09:46:30.000000000,99555,165,98940,165,99895,265,98851,165,99929,165,98717,165,99991,165,98711,165,100003,165,98708,165,100012,100,98702,100,100037,100,98676,100,100041,100,98597,100,100066,100,98580,100,100088,100,98568,100
2019-06-28 09:46:37.761427735,99555,165,98940,165,99895,265,98851,165,99929,165,98717,165,99991,165,98711,165,100003,165,98708,165,100037,100,98702,100,100041,100,98676,100,100066,100,98597,100,100088,100,98580,100,100095,100,98568,100
2019-06-28 09:46:40.000000000,99555,426,98940,426,99895,200,98851,100,99929,100,98717,100,99991,100,98711,100,100003,100,98708,100,100037,100,98702,100,100041,100,98676,100,100066,100,98597,100,100088,100,98580,100,100095,100,98568,100
2019-06-28 09:46:42.939825567,99555,426,98940,426,99847,100,98851,100,99895,200,98717,100,99929,100,98711,100,99991,100,98708,100,100003,100,98702,100,100037,100,98676,100,100041,100,98597,100,100066,100,98580,100,100088,100,98568,100
2019-06-28 09:46:43.934606481,99555,226,98940,426,99847,100,98851,100,99895,200,98717,100,99929,100,98711,100,99991,100,98708,100,100003,100,98702,100,100037,100,98676,100,100041,100,98597,100,100066,100,98580,100,100088,100,98568,100
2019-06-28 09:46:50.000000000,99847,182,98940,182,99895,282,98851,182,99929,182,98717,182,99991,182,98711,182,100003,100,98708,100,100037,100,98702,100,100041,100,98676,100,100066,100,98597,100,100088,100,98580,100,100095,100,98568,100
2019-06-28 09:46:56.996712879,99847,182,99347,100,99895,282,98940,182,99929,182,98851,182,99991,182,98717,182,100003,100,98711,182,100037,100,98708,100,100041,100,98702,100,100066,100,98676,100,100088,100,98597,100,100095,100,98580,100
2019-06-28 09:47:00.000000000,99847,211,99347,211,99895,308,98940,208,99929,208,98851,208,99991,100,98717,100,100003,100,98711,100,100037,100,98708,100,100041,100,98702,100,100066,100,98676,100,100088,100,98597,100,100095,100,98580,100
2019-06-28 09:47:10.000000000,99847,182,99347,182,99895,282,98940,182,99929,182,98851,182,99991,182,98717,182,100003,100,98711,100,100037,100,98708,100,100041,100,98702,100,100066,100,98676,100,100088,100,98597,100,100095,100,98580,100
2019-06-28 09:47:20.000000000,99847,165,99347,165,99895,265,98940,165,99929,165,98851,165,99991,165,98717,165,100003,165,98711,165,100037,100,98708,100,100041,100,98702,100,100066,100,98676,100,100088,100,98597,100,100095,100,98580,100
2019-06-28 09:47:30.000000000,99847,426,99347,426,99895,200,98940,100,99929,100,98851,100,99991,100,98717,100,100003,100,98711,100,100037,100,98708,100,100041,100,98702,100,100066,100,98676,100,100088,100,98597,100,100095,100,98580,100
2019-06-28 09:47:40.000000000,99847,426,99347,426,99895,200,98940,100,99929,100,98851,100,99991,100,98717,100,100003,100,98711,100,100037,100,98708,100,100041,100,98702,100,100066,100,98676,100,100088,100,98597,100,100095,100,98580,100
2019-06-28 09:47:50.000000000,99847,263,99347,263,99895,363,98940,263,99929,100,98851,100,99991,100,98717,100,100003,100,98711,100,100037,100,98708,100,100041,100,98702,100,100066,100,98676,100,100088,100,98597,100,100095,100,98580,100
2019-06-28 09:48:00.000000000,99847,165,99347,165,99895,265,98940,165,99929,165,98851,165,99991,165,98717,165,100003,165,98711,165,100037,100,98708,100,100041,100,98702,100,100066,100,98676,100,100088,100,98597,100,100095,100,98580,100
2019-06-28 09:48:07.121131296,99847,165,99347,165,99895,265,98940,165,99929,165,98934,100,99991,165,98851,165,100003,165,98717,165,100037,100,98711,165,100041,100,98708,100,100066,100,98702,100,100088,100,98676,100,100095,100,98597,100
2019-06-28 09:48:07.559126761,99847,165,99347,165,99895,265,98940,165,99929,165,98934,100,99991,165,98851,165,100003,165,98717,165,100037,100,98711,165,100041,100,98708,100,100066,100,98702,100,100088,100,98676,100,100097,100,98597,100
2019-06-28 09:48:10.000000000,99847,211,99347,211,99895,308,98940,208,99929,208,98934,208,99991,100,98851,100,100003,100,98717,100,100037,100,98711,100,100041,100,98708,100,100066,100,98702,100,100088,100,98676,100,100097,100,98597,100
2019-06-28 09:48:20.000000000,99847,211,99347,211,99895,308,98940,208,99929,208,98934,208,99991,100,98851,100,100003,100,98717,100,100037,100,98711,100,100041,100,98708,100,100066,100,98702,100,100088,100,98676,100,100097,100,98597,100
2019-06-28 09:48:23.316614773,99554,100,99347,211,99847,211,98940,208,99895,308,98934,208,99929,208,98851,100,99991,100,98717,100,100003,100,98711,100,100037,100,98708,100,100041,100,98702,100,100066,100,98676,100,100088,100,98597,100
2019-06-28 09:48:30.000000000,99554,165,99347,165,99847,165,98940,165,99895,265,98934,165,99929,165,98851,165,99991,165,98717,165,100003,100,98711,100,100037,100,98708,100,100041,100,98702,100,100066,100,98676,100,100088,100,98597,100
2019-06-28 09:48:36.831545522,99554,165,99347,165,99669,100,98940,165,99847,165,98934,165,99895,265,98851,165,99929,165,98717,165,99991,165,98711,100,100003,100,98708,100,100037,100,98702,100,100041,100,98676,100,100066,100,98597,100
2019-06-28 09:48:40.000000000,99554,426,99347,426,99669,100,98940,100,99847,100,98934,100,99895,200,98851,100,99929,100,98717,100,99991,100,98711,100,100003,100,98708,100,100037,100,98702,100,100041,100,98676,100,100066,100,98597,100
2019-06-28 09:48:41.346133147,99379,100,99347,426,99554,426,98940,100,99669,100,98934,100,99847,100,98851,100,99895,200,98717,100,99929,100,98711,100,99991,100,98708,100,100003,100,98702,100,100041,100,98676,100,100066,100,98597,100
2019-06-28 09:48:47.860984143,99379,100,99347,426,99491,100,98940,100,99554,426,98934,100,99669,100,98851,100,99847,100,98717,100,99895,200,98711,100,99929,100,98708,100,99991,100,98702,100,100003,100,98676,100,100041,100,98597,100
2019-06-28 09:48:49.069192495,99379,100,99347,426,99491,100,99132,100,99554,426,98940,100,99669,100,98934,100,99847,100,98851,100,99895,200,98717,100,99929,100,98711,100,99991,100,98708,100,100003,100,98702,100,100041,100,98676,100
2019-06-28 09:48:50.000000000,99379,263,99347,263,99491,263,99132,263,99554,100,98940,100,99669,100,98934,100,99847,100,98851,100,99895,200,98717,100,99929,100,98711,100,99991,100,98708,100,100003,100,98702,100,100041,100,98676,100
2019-06-28 09:48:55.096744530,99379,263,99347,263,99491,263,99132,263,99554,200,98940,100,99669,100,98934,100,99847,100,98851,100,99895,100,98717,100,99929,100,98711,100,99991,100,98708,100,100003,100,98702,100,100041,100,98676,100
2019-06-28 09:49:00.000000000,99379,263,99347,263,99491,263,99132,263,99554,200,98940,100,99669,100,98934,100,99847,100,98851,100,99895,100,98717,100,99929,100,98711,100,99991,100,98708,100,100003,100,98702,100,100041,100,98676,100
2019-06-28 09:49:07.861658379,99379,263,99347,263,99491,263,99132,363,99554,200,98940,100,99669,100,98934,100,99847,100,98851,100,99895,100,98717,100,99929,100,98711,100,99991,100,98708,100,100003,100,98702,100,100041,100,98676,100
2019-06-28 09:49:10.000000000,99379,211,99347,211,99491,208,99132,308,99554,308,98940,208,99669,100,98934,100,99847,100,98851,100,99895,100,98717,100,99929,100,98711,100,99991,100,98708,100,100003,100,98702,100,100041,100,98676,100
2019-06-28 09:49:16.847992256,99379,211,99347,211,99491,208,99132,408,99554,308,98940,208,99669,100,98934,100,99847,100,98851,100,99895,100,98717,100,99929,100,98711,100,99991,100,98708,100,100003,100,98702,100,100041,100,98676,100
2019-06-28 09:49:20.000000000,99379,263,99347,263,99491,263,99132,463,99554,200,98940,100,99669,100,98934,100,99847,100,98851,100,99895,100,98717,100,99929,100,98711,100,99991,100,98708,100,100003,100,98702,100,100041,100,98676,100
2019-06-28 09:49:30.000000000,99379,263,99347,263,99491,263,99132,463,99554,200,98940,100,99669,100,98934,100,99847,100,98851,100,99895,100,98717,100,99929,100,98711,100,99991,100,98708,100,100003,100,98702,100,100041,100,98676,100
2019-06-28 09:49:33.023239238,99379,263,99347,263,99491,263,99132,463,99554,300,98940,100,99669,100,98934,100,99847,100,98851,100,99895,100,98717,100,99929,100,98711,100,99991,100,98708,100,100003,100,98702,100,100041,100,98676,100
2019-06-28 09:49:37.256897218,99379,263,99347,263,99491,263,99132,463,99554,400,98934,100,99669,100,98851,100,99847,100,98717,100,99895,100,98711,100,99929,100,98708,100,99991,100,98702,100,100003,100,98676,100,100041,100,98597,100
2019-06-28 09:49:40.000000000,99379,165,99347,165,99491,165,99132,365,99554,465,98934,165,99669,165,98851,165,99847,165,98717,165,99895,100,98711,100,99929,100,98708,100,99991,100,98702,100,100003,100,98676,100,100041,100,98597,100
2019-06-28 09:49:47.006856971,99379,165,99347,165,99491,165,99132,365,99554,465,98934,165,99613,100,98851,165,99669,165,98717,165,99847,165,98711,100,99895,100,98708,100,99929,100,98702,100,99991,100,98676,100,100003,100,98597,100
2019-06-28 09:49:49.235363105,99379,65,99347,165,99491,165,99132,365,99554,465,98934,165,99613,100,98851,165,99669,165,98717,165,99847,165,98711,100,99895,100,98702,100,99929,100,98676,100,99991,100,98597,100,100003,100,98580,100
2019-06-28 09:49:50.000000000,99491,263,99347,263,99554,563,99132,463,99613,100,98934,100,99669,100,98851,100,99847,100,98717,100,99895,100,98711,100,99929,100,98702,100,99991,100,98676,100,100003,100,98597,100,100041,100,98580,100
2019-06-28 09:50:00.000000000,99491,182,99347,182,99554,482,99132,382,99613,182,98934,182,99669,182,98851,182,99847,100,98717,100,99895,100,98711,100,99929,100,98702,100,99991,100,98676,100,100003,100,98597,100,100041,100,98580,100
2019-06-28 09:50:04.949510122,99491,82,99347,182,99554,482,99132,382,99613,182,98934,182,99669,182,98851,182,99847,100,98717,100,99895,100,98711,100,99929,100,98702,100,99991,100,98676,100,100003,100,98597,100,100041,100,98580,100
2019-06-28 09:50:10.000000000,99554,482,99347,182,99613,182,99132,382,99669,182,98934,182,99847,182,98851,182,99895,100,98717,100,99929,100,98711,100,99991,100,98702,100,100003,100,98676,100,100041,100,98597,100,100066,100,98580,100
2019-06-28 09:50:20.000000000,99554,511,99347,211,99613,208,99132,408,99669,208,98934,208,99847,100,98851,100,99895,100,98717,100,99929,100,98711,100,99991,100,98702,100,100003,100,98676,100,100041,100,98597,100,100066,100,98580,100
2019-06-28 09:50:22.253660706,99554,411,99347,211,99613,208,99132,408,99669,208,98934,208,99847,100,98851,100,99895,100,98717,100,99929,100,98711,100,99991,100,98702,100,100003,100,98676,100,100041,100,98597,100,100066,100,98580,100
2019-06-28 09:50:30.000000000,99554,382,99347,182,99613,182,99132,382,99669,182,98934,182,99847,182,98851,182,99895,100,98717,100,99929,100,98711,100,99991,100,98702,100,100003,100,98676,100,100041,100,98597,100,100066,100,98580,100
2019-06-28 09:50:36.183445326,99554,382,99491,100,99613,182,99347,182,99669,182,99132,382,99847,182,98934,182,99895,100,98851,182,99929,100,98717,100,99991,100,98711,100,100003,100,98702,100,100041,100,98676,100,100066,100,98597,100
2019-06-28 09:50:40.000000000,99554,382,99491,182,99613,182,99347,182,99669,182,99132,382,99847,182,98934,182,99895,100,98851,100,99929,100,98717,100,99991,100,98711,100,100003,100,98702,100,100041,100,98676,100,100066,100,98597,100
2019-06-28 09:50:48.410714439,99554,382,99491,182,99613,182,99347,182,99669,182,99132,382,99702,100,98934,182,99847,182,98851,100,99895,100,98717,100,99929,100,98711,100,99991,100,98702,100,100003,100,98676,100,100041,100,98597,100
2019-06-28 09:50:50.000000000,99554,463,99491,263,99613,263,99347,263,99669,100,99132,300,99702,100,98934,100,99847,100,98851,100,99895,100,98717,100,99929,100,98711,100,99991,100,98702,100,100003,100,98676,100,100041,100,98597,100
2019-06-28 09:50:50.888833187,99554,463,99491,263,99613,263,99347,263,99669,100,99132,300,99702,100,98934,100,99847,100,98851,100,99895,100,98717,100,99929,100,98711,100,99991,100,98702,100,100003,100,98676,100,100016,100,98597,100
2019-06-28 09:50:58.738489996,99554,463,99491,263,99613,263,99347,263,99640,100,99132,300,99669,100,98934,100,99702,100,98851,100,99847,100,98717,100,99895,100,98711,100,99929,100,98702,100,99991,100,98676,100,100003,100,98597,100
2019-06-28 09:51:00.000000000,99554,411,99491,211,99613,208,99347,208,99640,208,99132,408,99669,100,98934,100,99702,100,98851,100,99847,100,98717,100,99895,100,98711,100,99929,100,98702,100,99991,100,98676,100,100003,100,98597,100
2019-06-28 09:51:03.173413952,99554,311,99491,211,99613,208,99347,208,99640,208,99132,408,99669,100,98934,100,99702,100,98851,100,99847,100,98717,100,99895,100,98711,100,99929,100,98702,100,99991,100,98676,100,100003,100,98597,100
2019-06-28 09:51:10.000000000,99554,526,99491,426,99613,100,99347,100,99640,100,99132,300,99669,100,98934,100,99702,100,98851,100,99847,100,98717,100,99895,100,98711,100,99929,100,98702,100,99991,100,98676,100,100003,100,98597,100
2019-06-28 09:51:11.465793908,99554,526,99491,526,99613,100,99347,100,99640,100,99132,300,99669,100,98934,100,99702,100,98851,100,99847,100,98717,100,99895,100,98711,100,99929,100,98702,100,100003,100,98676,100,100016,100,98597,100
2019-06-28 09:51:13.582093164,99554,426,99491,526,99613,100,99347,100,99640,100,99132,300,99669,100,98934,100,99702,100,98851,100,99847,100,98717,100,99895,100,98711,100,99929,100,98702,100,100003,100,98676,100,100016,100,98597,100
2019-06-28 09:51:20.000000000,99554,182,99491,282,99613,182,99347,182,99640,182,99132,382,99669,182,98934,182,99702,100,98851,100,99847,100,98717,100,99895,100,98711,100,99929,100,98702,100,100003,100,98676,100,100016,100,98597,100
2019-06-28 09:51:27.621893809,99554,182,99491,282,99613,182,99347,182,99640,182,99132,382,99669,182,98934,182,99702,100,98851,100,99758,100,98717,100,99847,100,98711,100,99895,100,98702,100,99929,100,98676,100,100003,100,98597,100
2019-06-28 09:51:30.000000000,99554,211,99491,311,99613,208,99347,208,99640,208,99132,408,99669,100,98934,100,99702,100,98851,100,99758,100,98717,100,99847,100,98711,100,99895,100,98702,100,99929,100,98676,100,100003,100,98597,100
2019-06-28 09:51:40.000000000,99554,426,99491,526,99613,100,99347,100,99640,100,99132,300,99669,100,98934,100,99702,100,98851,100,99758,100,98717,100,99847,100,98711,100,99895,100,98702,100,99929,100,98676,100,100003,100,98597,100
2019-06-28 09:51:50.000000000,99554,211,99491,311,99613,208,99347,208,99640,208,99132,408,99669,100,98934,100,99702,100,98851,100,99758,100,98717,100,99847,100,98711,100,99895,100,98702,100,99929,100,98676,100,100003,100,98597,100
2019-06-28 09:52:00.000000000,99554,165,99491,265,99613,165,99347,165,99640,165,99132,365,99669,165,98934,165,99702,165,98851,165,99758,100,98717,100,99847,100,98711,100,99895,100,98702,100,99929,100,98676,100,100003,100,98597,100
2019-06-28 09:52:00.719462577,99554,165,99491,265,99613,165,99347,165,99640,165,99237,100,99669,165,99132,365,99702,165,98934,165,99758,100,98851,165,99847,100,98717,100,99895,100,98711,100,99929,100,98702,100,100003,100,98676,100
2019-06-28 09:52:10.000000000,99554,426,99491,526,99613,100,99347,100,99640,100,99237,100,99669,100,99132,300,99702,100,98934,100,99758,100,98851,100,99847,100,98717,100,99895,100,98711,100,99929,100,98702,100,100003,100,98676,100
2019-06-28 09:52:16.749684275,99554,426,99491,426,99613,100,99347,100,99640,100,99237,100,99669,100,99132,300,99702,100,98934,100,99758,100,98851,100,99847,100,98717,100,99895,100,98711,100,99929,100,98702,100,100003,100,98676,100
2019-06-28 09:52:20.000000000,99554,263,99491,263,99613,263,99347,263,99640,100,99237,100,99669,100,99132,300,99702,100,98934,100,99758,100,98851,100,99847,100,98717,100,99895,100,98711,100,99929,100,98702,100,100003,100,98676,100
2019-06-28 09:52:22.355632346,99554,263,99491,163,99613,263,99347,263,99640,100,99237,100,99669,100,99132,300,99702,100,98934,100,99758,100,98851,100,99847,100,98717,100,99895,100,98711,100,99929,100,98702,100,100003,100,98676,100
2019-06-28 09:52:30.000000000,99554,182,99347,182,99613,182,99237,182,99640,182,99132,382,99669,182,98934,182,99702,100,98851,100,99758,100,98717,100,99847,100,98711,100,99895,100,98702,100,99929,100,98676,100,100003,100,98597,100
2019-06-28 09:52:40.000000000,99554,211,99347,211,99613,208,99237,208,99640,208,99132,408,99669,100,98934,100,99702,100,98851,100,99758,100,98717,100,99847,100,98711,100,99895,100,98702,100,99929,100,98676,100,100003,100,98597,100
2019-06-28 09:52:42.344107752,99488,100,99347,211,99554,211,99237,208,99613,208,99132,408,99640,208,98934,100,99669,100,98851,100,99702,100,98717,100,99758,100,98711,100,99847,100,98702,100,99895,100,98676,100,99929,100,98597,100
2019-06-28 09:52:47.844873383,99488,100,99347,211,99540,100,99237,208,99554,211,99132,408,99613,208,98934,100,99640,208,98851,100,99669,100,98717,100,99702,100,98711,100,99758,100,98702,100,99847,100,98676,100,99895,100,98597,100
2019-06-28 09:52:50.000000000,99488,211,99347,211,99540,208,99237,208,99554,208,99132,408,99613,100,98934,100,99640,100,98851,100,99669,100,98717,100,99702,100,98711,100,99758,100,98702,100,99847,100,98676,100,99895,100,98597,100
2019-06-28 09:52:58.858060263,99488,211,99347,211,99540,208,99237,208,99554,208,99132,408,99613,100,98934,100,99616,100,98851,100,99669,100,98717,100,99702,100,98711,100,99758,100,98702,100,99847,100,98676,100,99895,100,98597,100
2019-06-28 09:53:00.000000000,99488,263,99347,263,99540,263,99237,263,99554,100,99132,300,99613,100,98934,100,99616,100,98851,100,99669,100,98717,100,99702,100,98711,100,99758,100,98702,100,99847,100,98676,100,99895,100,98597,100
2019-06-28 09:53:10.000000000,99488,211,99347,211,99540,208,99237,208,99554,208,99132,408,99613,100,98934,100,99616,100,98851,100,99669,100,98717,100,99702,100,98711,100,99758,100,98702,100,99847,100,98676,100,99895,100,98597,100
2019-06-28 09:53:20.000000000,99488,263,99347,263,99540,263,99237,263,99554,100,99132,300,99613,100,98934,100,99616,100,98851,100,99669,100,98717,100,99702,100,98711,100,99758,100,98702,100,99847,100,98676,100,99895,100,98597,100
2019-06-28 09:53:30.000000000,99488,426,99347,426,99540,100,99237,100,99554,100,99132,300,99613,100,98934,100,99616,100,98851,100,99669,100,98717,100,99702,100,98711,100,99758,100,98702,100,99847,100,98676,100,99895,100,98597,100
2019-06-28 09:53:38.965780642,99488,426,99347,426,99540,100,99237,100,99554,100,99132,300,99613,100,98934,100,99616,100,98851,100,99669,100,98717,100,99702,100,98711,100,99758,100,98702,100,99847,100,98597,100,99895,100,98580,100
2019-06-28 09:53:40.000000000,99488,182,99347,182,99540,182,99237,182,99554,182,99132,382,99613,182,98934,182,99616,100,98851,100,99669,100,98717,100,99702,100,98711,100,99758,100,98702,100,99847,100,98597,100,99895,100,98580,100
2019-06-28 09:53:50.000000000,99488,211,99347,211,99540,208,99237,208,99554,208,99132,408,99613,100,98934,100,99616,100,98851,100,99669,100,98717,100,99702,100,98711,100,99758,100,98702,100,99847,100,98597,100,99895,100,98580,100
2019-06-28 09:53:52.594609917,99488,211,99347,211,99540,208,99237,208,99554,208,99132,308,99613,100,98934,100,99616,100,98851,100,99669,100,98717,100,99702,100,98711,100,99758,100,98702,100,99847,100,98597,100,99895,100,98580,100
2019-06-28 09:53:59.848717457,99488,211,99347,211,99540,208,99237,208,99554,208,99132,308,99613,100,98934,100,99616,100,98851,100,99669,100,98717,100,99702,100,98711,100,99758,100,98702,100,99847,100,98597,100,99895,100,98580,100
2019-06-28 09:54:00.000000000,99488,426,99347,426,99540,100,99237,100,99554,100,99132,200,99613,100,98934,100,99616,100,98851,100,99669,100,98717,100,99702,100,98711,100,99758,100,98702,100,99847,100,98597,100,99895,100,98580,100
2019-06-28 09:54:07.733338437,99488,326,99347,426,99540,100,99237,100,99554,100,99132,200,99613,100,98934,100,99616,100,98851,100,99669,100,98717,100,99702,100,98711,100,99758,100,98702,100,99847,100,98597,100,99895,100,98580,100
2019-06-28 09:54:10.000000000,99540,165,99347,165,99554,165,99237,165,99613,165,99132,265,99616,165,98934,165,99669,165,98851,165,99702,100,98717,100,99758,100,98711,100,99847,100,98702,100,99895,100,98597,100,99929,100,98580,100
2019-06-28 09:54:17.025160484,99540,165,99492,100,99554,165,99347,165,99613,165,99237,165,99616,165,99132,265,99669,165,98934,165,99702,100,98851,165,99758,100,98717,100,99847,100,98711,100,99895,100,98702,100,99929,100,98597,100
2019-06-28 09:54:20.000000000,99540,165,99492,165,99554,165,99347,165,99613,165,99237,165,99616,165,99132,265,99669,165,98934,165,99702,100,98851,100,99758,100,98717,100,99847,100,98711,100,99895,100,98702,100,99929,100,98597,100
2019-06-28 09:54:25.751190654,99540,165,99492,165,99554,165,99347,165,99613,165,99237,165,99616,165,99132,265,99669,165,98934,165,99702,100,98851,100,99758,100,98717,100,99847,100,98711,100,99895,100,98702,100,99929,100,98597,100
2019-06-28 09:54:30.000000000,99540,263,99492,263,99554,263,99347,263,99613,100,99237,100,99616,100,99132,200,99669,100,98934,100,99702,100,98851,100,99758,100,98717,100,99847,100,98711,100,99895,100,98702,100,99929,100,98597,100
2019-06-28 09:54:36.089280342,99540,263,99492,363,99554,263,99347,263,99613,100,99237,100,99616,100,99132,200,99669,100,98934,100,99702,100,98851,100,99758,100,98717,100,99847,100,98711,100,99895,100,98702,100,99929,100,98597,100
2019-06-28 09:54:40.000000000,99540,263,99492,363,99554,263,99347,263,99613,100,99237,100,99616,100,99132,200,99669,100,98934,100,99702,100,98851,100,99758,100,98717,100,99847,100,98711,100,99895,100,98702,100,99929,100,98597,100
2019-06-28 09:54:46.663130474,99540,263,99492,463,99554,263,99347,263,99613,100,99237,100,99616,100,99132,200,99669,100,98934,100,99702,100,98851,100,99758,100,98717,100,99847,100,98711,100,99895,100,98702,100,99929,100,98597,100
2019-06-28 09:54:50.000000000,99540,211,99492,411,99554,208,99347,208,99613,208,99237,208,99616,100,99132,200,99669,100,98934,100,99702,100,98851,100,99758,100,98717,100,99847,100,98711,100,99895,100,98702,100,99929,100,98597,100
2019-06-28 09:54:50.707215183,99540,111,99492,411,99554,208,99347,208,99613,208,99237,208,99616,100,99132,200,99669,100,98934,100,99702,100,98851,100,99758,100,98717,100,99847,100,98711,100,99895,100,98702,100,99929,100,98597,100
2019-06-28 09:55:00.000000000,99554,182,99492,382,99613,182,99347,182,99616,182,99237,182,99669,182,99132,282,99702,100,98934,100,99758,100,98851,100,99847,100,98717,100,99895,100,98711,100,99929,100,98702,100,100003,100,98597,100
2019-06-28 09:55:07.948881921,99554,82,99492,382,99613,182,99347,182,99616,182,99237,182,99669,182,99132,282,99758,100,98934,100,99847,100,98851,100,99895,100,98717,100,99929,100,98711,100,100003,100,98702,100,100016,100,98597,100
2019-06-28 09:55:10.000000000,99613,211,99492,411,99616,208,99347,208,99669,208,99237,208,99758,100,99132,200,99847,100,98934,100,99895,100,98851,100,99929,100,98717,100,100003,100,98711,100,100016,100,98702,100,100066,100,98597,100
2019-06-28 09:55:14.908354575,99613,111,99492,411,99616,208,99347,208,99669,208,99237,208,99758,100,99132,200,99847,100,98934,100,99895,100,98851,100,99929,100,98717,100,100003,100,98711,100,100016,100,98597,100,100066,100,98580,100
2019-06-28 09:55:20.000000000,99616,211,99492,411,99669,208,99347,208,99758,208,99237,208,99847,100,99132,200,99895,100,98934,100,99929,100,98851,100,100003,100,98717,100,100016,100,98711,100,100066,100,98597,100,100088,100,98580,100
2019-06-28 09:55:30.000000000,99616,263,99492,463,99669,263,99347,263,99758,100,99237,100,99847,100,99132,200,99895,100,98934,100,99929,100,98851,100,100003,100,98717,100,100016,100,98711,100,100066,100,98597,100,100088,100,98580,100
2019-06-28 09:55:40.000000000,99616,426,99492,626,99669,100,99347,100,99758,100,99237,100,99847,100,99132,200,99895,100,98934,100,99929,100,98851,100,100003,100,98717,100,100016,100,98711,100,100066,100,98597,100,100088,100,98580,100
2019-06-28 09:55:49.010282170,99616,426,99492,626,99669,100,99347,100,99758,100,99237,100,99847,100,99132,200,99895,100,98934,100,99929,100,98851,100,100003,100,98717,100,100016,100,98711,100,100066,100,98597,100,100088,100,98580,100
2019-06-28 09:55:50.000000000,99616,263,99492,463,99669,263,99347,263,99758,100,99237,100,99847,100,99132,200,99895,100,98934,100,99929,100,98851,100,100003,100,98717,100,100016,100,98711,100,100066,100,98597,100,100088,100,98580,100
2019-06-28 09:55:50.028556215,99616,163,99492,463,99669,263,99347,263,99758,100,99237,100,99847,100,99132,200,99895,100,98934,100,99929,100,98717,100,100003,100,98711,100,100016,100,98597,100,100066,100,98580,100,100088,100,98566,100
2019-06-28 09:56:00.000000000,99669,211,99492,411,99758,208,99347,208,99847,208,99237,208,99895,100,99132,200,99929,100,98934,100,100003,100,98717,100,100016,100,98711,100,100066,100,98597,100,100088,100,98580,100,100095,100,98566,100
2019-06-28 09:56:07.561721613,99669,111,99492,411,99758,208,99347,208,99847,208,99237,208,99895,100,99132,200,99929,100,98934,100,100003,100,98717,100,100016,100,98711,100,100066,100,98580,100,100088,100,98566,100,100095,100,98303,100
2019-06-28 09:56:10.000000000,99758,263,99492,463,99847,263,99347,263,99895,100,99237,100,99929,100,99132,200,100003,100,98934,100,100016,100,98717,100,100066,100,98711,100,100088,100,98580,100,100095,100,98566,100,100107,100,98303,100
2019-06-28 09:56:17.873108795,99758,263,99492,463,99847,263,99347,263,99895,100,99237,100,99929,100,99132,200,100003,100,98934,100,100016,100,98717,100,100066,100,98711,100,100088,100,98580,100,100095,100,98566,100,100107,100,98303,100
2019-06-28 09:56:20.000000000,99758,165,99492,365,99847,165,99347,165,99895,165,99237,165,99929,165,99132,265,100003,165,98934,165,100016,100,98717,100,100066,100,98711,100,100088,100,98580,100,100095,100,98566,100,100107,100,98303,100
2019-06-28 09:56:27.484894775,99758,165,99492,365,99847,165,99347,165,99895,165,99237,165,99929,165,99132,265,100003,165,98934,165,100016,100,98717,100,100066,100,98711,100,100088,100,98580,100,100095,100,98566,100,100107,100,98303,100
2019-06-28 09:56:30.000000000,99758,165,99492,365,99847,165,99347,165,99895,165,99237,165,99929,165,99132,265,100003,165,98934,165,100016,100,98717,100,100066,100,98711,100,100088,100,98580,100,100095,100,98566,100,100107,100,98303,100
2019-06-28 09:56:33.798023926,99758,165,99616,100,99847,165,99492,365,99895,165,99347,165,99929,165,99237,165,100003,165,99132,265,100016,100,98934,165,100066,100,98717,100,100088,100,98711,100,100095,100,98580,100,100107,100,98566,100
2019-06-28 09:56:38.972150696,99758,165,99616,100,99847,165,99492,365,99895,165,99347,165,99929,165,99237,165,100003,165,99132,265,100016,100,98934,165,100066,100,98717,100,100088,100,98711,100,100095,100,98580,100,100107,100,98566,100
2019-06-28 09:56:40.000000000,99758,165,99616,165,99847,165,99492,365,99895,165,99347,165,99929,165,99237,165,100003,165,99132,265,100016,100,98934,100,100066,100,98717,100,100088,100,98711,100,100095,100,98580,100,100107,100,98566,100
2019-06-28 09:56:50.000000000,99758,211,99616,211,99847,208,99492,408,99895,208,99347,208,99929,100,99237,100,100003,100,99132,200,100016,100,98934,100,100066,100,98717,100,100088,100,98711,100,100095,100,98580,100,100107,100,98566,100
2019-06-28 09:57:00.000000000,99758,211,99616,211,99847,208,99492,408,99895,208,99347,208,99929,100,99237,100,100003,100,99132,200,100016,100,98934,100,100066,100,98717,100,100088,100,98711,100,100095,100,98580,100,100107,100,98566,100
2019-06-28 09:57:10.000000000,99758,263,99616,263,99847,263,99492,463,99895,100,99347,100,99929,100,99237,100,100003,100,99132,200,100016,100,98934,100,100066,100,98717,100,100088,100,98711,100,100095,100,98580,100,100107,100,98566,100
2019-06-28 09:57:13.873764612,99758,163,99616,263,99847,263,99492,463,99895,100,99347,100,99929,100,99237,100,100003,100,99132,200,100016,100,98934,100,100066,100,98717,100,100088,100,98711,100,100095,100,98580,100,100107,100,98566,100
2019-06-28 09:57:20.000000000,99847,211,99616,211,99895,208,99492,408,99929,208,99347,208,100003,100,99237,100,100016,100,99132,200,100066,100,98934,100,100088,100,98717,100,100095,100,98711,100,100107,100,98580,100,100320,100,98566,100
2019-06-28 09:57:23.096853163,99847,111,99616,211,99895,208,99492,408,99929,208,99347,208,100003,100,99237,100,100016,100,99132,200,100066,100,98717,100,100088,100,98711,100,100095,100,98580,100,100107,100,98566,100,100320,100,98303,100
2019-06-28 09:57:30.000000000,99895,426,99616,426,99929,100,99492,300,100003,100,99347,100,100016,100,99237,100,100066,100,99132,200,100088,100,98717,100,100095,100,98711,100,100107,100,98580,100,100320,100,98566,100,100329,100,98303,100
2019-06-28 09:57:40.000000000,99895,211,99616,211,99929,208,99492,408,100003,208,99347,208,100016,100,99237,100,100066,100,99132,200,100088,100,98717,100,100095,100,98711,100,100107,100,98580,100,100320,100,98566,100,100329,100,98303,100
2019-06-28 09:57:45.239173898,99895,111,99616,211,99929,208,99492,408,100003,208,99347,208,100016,100,99237,100,100066,100,99132,200,100088,100,98717,100,100095,100,98711,100,100107,100,98580,100,100320,100,98566,100,100329,100,98303,100
2019-06-28 09:57:50.000000000,99929,211,99616,211,100003,208,99492,408,100016,208,99347,208,100066,100,99237,100,100088,100,99132,200,100095,100,98717,100,100107,100,98711,100,100320,100,98580,100,100329,100,98566,100,100438,100,98303,100
2019-06-28 09:58:00.000000000,99929,211,99616,211,100003,208,99492,408,100016,208,99347,208,100066,100,99237,100,100088,100,99132,200,100095,100,98717,100,100107,100,98711,100,100320,100,98580,100,100329,100,98566,100,100438,100,98303,100
2019-06-28 09:58:10.000000000,99929,165,99616,165,100003,165,99492,365,100016,165,99347,165,100066,165,99237,165,100088,165,99132,265,100095,100,98717,100,100107,100,98711,100,100320,100,98580,100,100329,100,98566,100,100438,100,98303,100
2019-06-28 09:58:13.167609189,99929,165,99847,100,100003,65,99616,165,100016,165,99492,365,100066,165,99347,165,100088,165,99237,165,100095,100,99132,265,100107,100,98717,100,100320,100,98711,100,100329,100,98580,100,100438,100,98566,100
2019-06-28 09:58:20.000000000,99929,211,99847,211,100016,208,99616,208,100066,208,99492,408,100088,100,99347,100,100095,100,99237,100,100107,100,99132,200,100320,100,98717,100,100329,100,98711,100,100438,100,98580,100,100489,100,98566,100
2019-06-28 09:58:30.000000000,99929,263,99847,263,100016,263,99616,263,100066,100,99492,300,100088,100,99347,100,100095,100,99237,100,100107,100,99132,200,100320,100,98717,100,100329,100,98711,100,100438,100,98580,100,100489,100,98566,100
2019-06-28 09:58:32.633768133,99929,263,99847,363,100016,263,99616,263,100066,100,99492,300,100088,100,99347,100,100095,100,99237,100,100107,100,99132,200,100320,100,98717,100,100329,100,98711,100,100438,100,98580,100,100489,100,98566,100
2019-06-28 09:58:40.000000000,99929,182,99847,282,100016,182,99616,182,100066,182,99492,382,100088,182,99347,182,100095,100,99237,100,100107,100,99132,200,100320,100,98717,100,100329,100,98711,100,100438,100,98580,100,100489,100,98566,100
2019-06-28 09:58:40.091023703,99929,182,99847,282,100016,182,99616,182,100066,182,99492,382,100088,182,99347,182,100095,100,99237,100,100107,100,99132,200,100320,100,98717,100,100329,100,98711,100,100438,100,98580,100,100489,100,98566,100
2019-06-28 09:58:50.000000000,99929,211,99847,311,100016,208,99616,208,100066,208,99492,408,100088,100,99347,100,100095,100,99237,100,100107,100,99132,200,100320,100,98717,100,100329,100,98711,100,100438,100,98580,100,100489,100,98566,100
2019-06-28 09:59:00.000000000,99929,263,99847,363,100016,263,99616,263,100066,100,99492,300,100088,100,99347,100,100095,100,99237,100,100107,100,99132,200,100320,100,98717,100,100329,100,98711,100,100438,100,98580,100,100489,100,98566,100
2019-06-28 09:59:10.000000000,99929,263,99847,363,100016,263,99616,263,100066,100,99492,300,100088,100,99347,100,100095,100,99237,100,100107,100,99132,200,100320,100,98717,100,100329,100,98711,100,100438,100,98580,100,100489,100,98566,100
2019-06-28 09:59:11.358925504,99929,163,99847,363,100016,263,99616,263,100066,100,99492,300,100088,100,99347,100,100095,100,99237,100,100107,100,99132,200,100320,100,98717,100,100329,100,98711,100,100438,100,98580,100,100489,100,98566,100
2019-06-28 09:59:20.000000000,100016,182,99847,282,100066,182,99616,182,100088,182,99492,382,100095,182,99347,182,100107,100,99237,100,100320,100,99132,200,100329,100,98717,100,100438,100,98711,100,100489,100,98580,100,,,98566,100
2019-06-28 09:59:22.415921370,100016,182,99847,282,100066,182,99616,182,100088,182,99492,382,100095,182,99347,182,100107,100,99237,100,100191,100,99132,200,100320,100,98717,100,100329,100,98711,100,100489,100,98580,100,,,98566,100
2019-06-28 09:59:30.000000000,100016,182,99847,282,100066,182,99616,182,100088,182,99492,382,100095,182,99347,182,100107,100,99237,100,100191,100,99132,200,100320,100,98717,100,100329,100,98711,100,100489,100,98580,100,,,98566,100
2019-06-28 09:59:38.317214246,100016,182,99847,282,100066,182,99696,100,100088,182,99616,182,100095,82,99492,382,100107,100,99347,182,100191,100,99237,100,100320,100,99132,200,100329,100,98717,100,100489,100,98711,100,,,98580,100
2019-06-28 09:59:40.000000000,100016,182,99847,282,100066,182,99696,182,100088,182,99616,182,100107,182,99492,382,100191,100,99347,100,100320,100,99237,100,100329,100,99132,200,100489,100,98717,100,,,98711,100,,,98580,100
2019-06-28 09:59:49.664235019,100016,182,99847,182,100066,182,99696,182,100088,182,99616,182,100107,182,99492,382,100191,100,99347,100,100320,100,99237,100,100329,100,99132,200,100489,100,98717,100,,,98711,100,,,98580,100
2019-06-28 09:59:50.000000000,100016,263,99847,263,100066,263,99696,263,100088,100,99616,100,100107,100,99492,300,100191,100,99347,100,100320,100,99237,100,100329,100,99132,200,100489,100,98717,100,,,98711,100,,,98580,100
2019-06-28 09:59:53.090793946,100016,263,99847,263,100030,100,99696,263,100066,263,99616,100,100088,100,99492,300,100107,100,99347,100,100191,100,99237,100,100320,100,99132,200,100329,100,98717,100,100489,100,98711,100,,,98580,100
2019-06-28 10:00:00.000000000,100016,211,99847,211,100030,208,99696,208,100066,208,99616,208,100088,100,99492,300,100107,100,99347,100,100191,100,99237,100,100320,100,99132,200,100329,100,98717,100,100489,100,98711,100,,,98580,100
2019-06-28 10:00:10.000000000,100016,263,99847,263,100030,263,99696,263,100066,100,99616,100,100088,100,99492,300,100107,100,99347,100,100191,100,99237,100,100320,100,99132,200,100329,100,98717,100,100489,100,98711,100,,,98580,100
2019-06-28 10:00:15.782085264,100016,263,99847,263,100030,263,99745,100,100066,100,99696,263,100088,100,99616,100,100107,100,99492,300,100191,100,99347,100,100320,100,99237,100,100329,100,99132,200,100489,100,98717,100,,,98711,100
2019-06-28 10:00:20.000000000,100016,211,99847,211,100030,208,99745,208,100066,208,99696,208,100088,100,99616,100,100107,100,99492,300,100191,100,99347,100,100320,100,99237,100,100329,100,99132,200,100489,100,98717,100,,,98711,100
2019-06-28 10:00:20.327720606,100016,211,99847,111,100030,208,99745,208,100066,208,99696,208,100088,100,99616,100,100107,100,99492,300,100191,100,99347,100,100320,100,99237,100,100329,100,99132,200,100489,100,98717,100,,,98711,100
2019-06-28 10:00:21.656218416,100016,211,99847,11,100030,208,99745,208,100066,208,99696,208,100088,100,99616,100,100107,100,99492,300,100191,100,99347,100,100320,100,99237,100,100329,100,99132,200,100489,100,98717,100,,,98711,100
2019-06-28 10:00:23.030012494,100016,211,99847,11,100030,208,99745,208,100066,208,99696,208,100088,100,99636,100,100107,100,99616,100,100191,100,99492,300,100320,100,99347,100,100329,100,99237,100,100489,100,99132,200,,,98717,100
2019-06-28 10:00:30.000000000,100016,263,99745,263,100030,263,99696,263,100066,100,99636,100,100088,100,99616,100,100107,100,99492,300,100191,100,99347,100,100320,100,99237,100,100329,100,99132,200,100489,100,98717,100,,,98711,100
2019-06-28 10:00:40.000000000,100016,211,99745,211,100030,208,99696,208,100066,208,99636,208,100088,100,99616,100,100107,100,99492,300,100191,100,99347,100,100320,100,99237,100,100329,100,99132,200,100489,100,98717,100,,,98711,100
2019-06-28 10:00:50.000000000,100016,211,99745,211,100030,208,99696,208,100066,208,99636,208,100088,100,99616,100,100107,100,99492,300,100191,100,99347,100,100320,100,99237,100,100329,100,99132,200,100489,100,98717,100,,,98711,100
2019-06-28 10:00:50.748852639,100016,211,99815,100,100030,208,99745,211,100066,208,99696,208,100088,100,99636,208,100107,100,99616,100,100191,100,99492,300,100320,100,99347,100,100329,100,99237,100,100489,100,99132,200,,,98717,100
2019-06-28 10:00:52.751555645,99847,100,99815,100,100016,211,99745,211,100030,208,99696,208,100066,208,99636,208,100088,100,99616,100,100107,100,99492,300,100191,100,99347,100,100320,100,99237,100,100329,100,99132,200,100489,100,98717,100
2019-06-28 10:00:53.173061056,99847,100,99815,100,100016,211,99745,211,100030,208,99696,208,100066,208,99644,100,100088,100,99636,208,100107,100,99616,100,100191,100,99492,300,100320,100,99347,100,100329,100,99237,100,100489,100,99132,200
2019-06-28 10:01:00.000000000,99847,165,99815,165,100016,165,99745,165,100030,165,99696,165,100066,165,99644,165,100088,165,99636,165,100107,100,99616,100,100191,100,99492,300,100320,100,99347,100,100329,100,99237,100,100489,100,99132,200
2019-06-28 10:01:10.000000000,99847,263,99815,263,100016,263,99745,263,100030,100,99696,100,100066,100,99644,100,100088,100,99636,100,100107,100,99616,100,100191,100,99492,300,100320,100,99347,100,100329,100,99237,100,100489,100,99132,200
2019-06-28 10:01:14.671658907,99847,163,99815,263,100016,263,99745,263,100030,100,99696,100,100066,100,99644,100,100088,100,99636,100,100107,100,99616,100,100191,100,99492,300,100320,100,99347,100,100329,100,99237,100,100489,100,99132,200
2019-06-28 10:01:18.324206772,99847,63,99815,263,100016,263,99745,263,100030,100,99696,100,100066,100,99644,100,100088,100,99636,100,100107,100,99616,100,100191,100,99492,300,100320,100,99347,100,100329,100,99237,100,100489,100,99132,200
2019-06-28 10:01:20.000000000,100016,211,99815,211,100030,208,99745,208,100066,208,99696,208,100088,100,99644,100,100107,100,99636,100,100191,100,99616,100,100320,100,99492,300,100329,100,99347,100,100489,100,99237,100,,,99132,200
2019-06-28 10:01:30.000000000,100016,211,99815,211,100030,208,99745,208,100066,208,99696,208,100088,100,99644,100,100107,100,99636,100,100191,100,99616,100,100320,100,99492,300,100329,100,99347,100,100489,100,99237,100,,,99132,200
2019-06-28 10:01:34.705718602,99954,100,99815,211,100016,211,99745,208,100030,208,99696,208,100066,208,99644,100,100088,100,99636,100,100107,100,99616,100,100191,100,99492,300,100329,100,99347,100,100489,100,99237,100,,,99132,200
2019-06-28 10:01:40.000000000,99954,182,99815,182,100016,182,99745,182,100030,182,99696,182,100066,182,99644,182,100088,100,99636,100,100107,100,99616,100,100191,100,99492,300,100329,100,99347,100,100489,100,99237,100,,,99132,200
2019-06-28 10:01:50.000000000,99954,182,99815,182,100016,182,99745,182,100030,182,99696,182,100066,182,99644,182,100088,100,99636,100,100107,100,99616,100,100191,100,99492,300,100329,100,99347,100,100489,100,99237,100,,,99132,200
2019-06-28 10:01:56.685186291,99954,182,99815,182,100016,182,99745,182,100030,82,99696,182,100057,100,99644,182,100066,182,99636,100,100088,100,99616,100,100107,100,99492,300,100191,100,99347,100,100329,100,99237,100,100489,100,99132,200
2019-06-28 10:02:00.000000000,99954,211,99815,211,100016,208,99745,208,100057,208,99696,208,100066,100,99644,100,100088,100,99636,100,100107,100,99616,100,100191,100,99492,300,100329,100,99347,100,100489,100,99237,100,,,99132,200
2019-06-28 10:02:10.000000000,99954,263,99815,263,100016,263,99745,263,100057,100,99696,100,100066,100,99644,100,100088,100,99636,100,100107,100,99616,100,100191,100,99492,300,100329,100,99347,100,100489,100,99237,100,,,99132,200
2019-06-28 10:02:20.000000000,99954,211,99815,211,100016,208,99745,208,100057,208,99696,208,100066,100,99644,100,100088,100,99636,100,100107,100,99616,100,100191,100,99492,300,100329,100,99347,100,100489,100,99237,100,,,99132,200
2019-06-28 10:02:30.000000000,99954,211,99815,211,100016,208,99745,208,100057,208,99696,208,100066,100,99644,100,100088,100,99636,100,100107,100,99616,100,100191,100,99492,300,100329,100,99347,100,100489,100,99237,100,,,99132,200
2019-06-28 10:02:40.000000000,99954,165,99815,165,100016,165,99745,165,100057,165,99696,165,100066,165,99644,165,100088,165,99636,165,100107,100,99616,100,100191,100,99492,300,100329,100,99347,100,100489,100,99237,100,,,99132,200
2019-06-28 10:02:42.837640412,99954,165,99947,100,100016,165,99815,165,100057,165,99745,165,100066,165,99696,165,100088,165,99644,165,100191,100,99636,165,100329,100,99616,100,100489,100,99492,300,,,99347,100,,,99237,100
2019-06-28 10:02:47.892107112,99954,165,99947,100,100009,100,99815,165,100016,165,99745,165,100057,165,99696,165,100066,165,99644,165,100088,65,99636,165,100191,100,99616,100,100329,100,99492,300,100489,100,99347,100,,,99237,100
2019-06-28 10:02:48.839386463,99954,165,99815,165,100009,100,99745,165,100016,165,99696,165,100057,165,99644,165,100066,165,99636,165,100088,65,99616,100,100191,100,99492,300,100329,100,99347,100,100489,100,99237,100,,,99132,200
2019-06-28 10:02:50.000000000,99954,263,99815,263,100009,263,99745,263,100016,100,99696,100,100057,100,99644,100,100066,100,99636,100,100191,100,99616,100,100329,100,99492,300,100489,100,99347,100,,,99237,100,,,99132,200
2019-06-28 10:03:00.000000000,99954,211,99815,211,100009,208,99745,208,100016,208,99696,208,100057,100,99644,100,100066,100,99636,100,100191,100,99616,100,100329,100,99492,300,100489,100,99347,100,,,99237,100,,,99132,200
2019-06-28 10:03:10.000000000,99954,263,99815,263,100009,263,99745,263,100016,100,99696,100,100057,100,99644,100,100066,100,99636,100,100191,100,99616,100,100329,100,99492,300,100489,100,99347,100,,,99237,100,,,99132,200
2019-06-28 10:03:10.995118885,99954,263,99815,263,100009,263,99745,263,100016,100,99696,100,100057,100,99644,100,100066,100,99636,100,100098,100,99616,100,100191,100,99492,300,100329,100,99347,100,100489,100,99237,100,,,99132,200
2019-06-28 10:03:16.070142072,99954,263,99815,263,100009,263,99745,263,100016,100,99696,100,100057,100,99644,100,100066,100,99636,100,100098,100,99616,100,100109,100,99492,300,100191,100,99347,100,100329,100,99237,100,100489,100,99132,200
2019-06-28 10:03:20.000000000,99954,211,99815,211,100009,208,99745,208,100016,208,99696,208,100057,100,99644,100,100066,100,99636,100,100098,100,99616,100,100109,100,99492,300,100191,100,99347,100,100329,100,99237,100,100489,100,99132,200
2019-06-28 10:03:25.569611239,99954,211,99815,211,100009,208,99745,208,100016,208,99696,208,100057,100,99644,100,100066,100,99636,100,100098,100,99492,300,100109,100,99347,100,100191,100,99237,100,100329,100,99132,200,100489,100,98717,100
2019-06-28 10:03:26.879191752,99954,211,99815,211,100009,208,99780,100,100016,208,99745,208,100057,100,99696,208,100066,100,99644,100,100098,100,99636,100,100109,100,99492,300,100191,100,99347,100,100329,100,99237,100,100489,100,99132,200
2019-06-28 10:03:30.000000000,99954,182,99815,182,100009,182,99780,182,100016,182,99745,182,100057,182,99696,182,100066,100,99644,100,100098,100,99636,100,100109,100,99492,300,100191,100,99347,100,100329,100,99237,100,100489,100,99132,200
2019-06-28 10:03:40.000000000,99954,426,99815,426,100009,100,99780,100,100016,100,99745,100,100057,100,99696,100,100066,100,99644,100,100098,100,99636,100,100109,100,99492,300,100191,100,99347,100,100329,100,99237,100,100489,100,99132,200
2019-06-28 10:03:43.873068502,99947,100,99815,426,99954,426,99780,100,100009,100,99745,100,100016,100,99696,100,100057,100,99644,100,100066,100,99636,100,100098,100,99492,200,100109,100,99347,100,100191,100,99237,100,100329,100,99132,200
2019-06-28 10:03:50.000000000,99947,165,99815,165,99954,165,99780,165,100009,165,99745,165,100016,165,99696,165,100057,165,99644,165,100066,100,99636,100,100098,100,99492,200,100109,100,99347,100,100191,100,99237,100,100329,100,99132,200
2019-06-28 10:04:00.000000000,99947,165,99815,165,99954,165,99780,165,100009,165,99745,165,100016,165,99696,165,100057,165,99644,165,100066,100,99636,100,100098,100,99492,200,100109,100,99347,100,100191,100,99237,100,100329,100,99132,200
2019-06-28 10:04:01.235924718,99947,165,99815,165,99954,165,99780,165,100009,165,99745,165,100016,165,99696,165,100057,165,99644,165,100066,100,99636,100,100098,100,99492,200,100109,100,99347,100,100191,100,99237,100,100329,100,99132,200
2019-06-28 10:04:10.000000000,99947,426,99815,426,99954,100,99780,100,100009,100,99745,100,100016,100,99696,100,100057,100,99644,100,100066,100,99636,100,100098,100,99492,200,100109,100,99347,100,100191,100,99237,100,100329,100,99132,200
2019-06-28 10:04:10.535394782,99947,526,99815,426,99954,100,99780,100,100009,100,99745,100,100016,100,99696,100,100057,100,99644,100,100066,100,99636,100,100098,100,99492,200,100109,100,99347,100,100191,100,99237,100,100329,100,99132,100
2019-06-28 10:04:20.000000000,99947,282,99815,182,99954,182,99780,182,100009,182,99745,182,100016,182,99696,182,100057,100,99644,100,100066,100,99636,100,100098,100,99492,200,100109,100,99347,100,100191,100,99237,100,100329,100,99132,100
2019-06-28 10:04:24.196188534,99947,282,99815,182,99954,182,99780,182,100009,182,99745,182,100016,182,99696,182,100057,100,99644,100,100066,100,99636,100,100098,100,99549,100,100109,100,99492,200,100191,100,99347,100,100329,100,99237,100
2019-06-28 10:04:29.578609271,99947,382,99815,182,99954,182,99780,182,100009,182,99745,182,100016,182,99696,182,100057,100,99644,100,100066,100,99636,100,100098,100,99549,100,100109,100,99492,200,100191,100,99347,100,100329,100,99237,100
2019-06-28 10:04:30.000000000,99947,382,99815,182,99954,182,99780,182,100009,182,99745,182,100016,182,99696,182,100057,100,99644,100,100066,100,99636,100,100098,100,99549,100,100109,100,99492,200,100191,100,99347,100,100329,100,99237,100
2019-06-28 10:04:40.000000000,99947,411,99815,211,99954,208,99780,208,100009,208,99745,208,100016,100,99696,100,100057,100,99644,100,100066,100,99636,100,100098,100,99549,100,100109,100,99492,200,100191,100,99347,100,100329,100,99237,100
2019-06-28 10:04:50.000000000,99947,382,99815,182,99954,182,99780,182,100009,182,99745,182,100016,182,99696,182,100057,100,99644,100,100066,100,99636,100,100098,100,99549,100,100109,100,99492,200,100191,100,99347,100,100329,100,99237,100
2019-06-28 10:04:55.498328764,99947,282,99815,182,99954,182,99780,182,100009,182,99745,182,100016,182,99696,182,100057,100,99644,100,100066,100,99636,100,100098,100,99549,100,100109,100,99492,200,100191,100,99347,100,100329,100,99237,100
2019-06-28 10:05:00.000000000,99947,526,99815,426,99954,100,99780,100,100009,100,99745,100,100016,100,99696,100,100057,100,99644,100,100066,100,99636,100,100098,100,99549,100,100109,100,99492,200,100191,100,99347,100,100329,100,99237,100
2019-06-28 10:05:04.904167515,99889,100,99815,426,99947,526,99780,100,99954,100,99745,100,100009,100,99696,100,100016,100,99644,100,100057,100,99636,100,100066,100,99549,100,100098,100,99492,200,100109,100,99347,100,100191,100,99237,100
2019-06-28 10:05:10.000000000,99889,263,99815,263,99947,363,99780,263,99954,100,99745,100,100009,100,99696,100,100016,100,99644,100,100057,100,99636,100,100066,100,99549,100,100098,100,99492,200,100109,100,99347,100,100191,100,99237,100
2019-06-28 10:05:13.596210455,99889,263,99815,263,99898,100,99780,263,99947,363,99745,100,99954,100,99696,100,100016,100,99644,100,100057,100,99636,100,100066,100,99549,100,100098,100,99492,200,100109,100,99347,100,100191,100,99237,100
2019-06-28 10:05:18.777201226,99889,263,99815,263,99898,100,99780,263,99941,100,99745,100,99947,363,99696,100,99954,100,99644,100,100016,100,99636,100,100057,100,99549,100,100066,100,99492,200,100098,100,99347,100,100109,100,99237,100
2019-06-28 10:05:20.000000000,99889,426,99815,426,99898,100,99780,100,99941,100,99745,100,99947,200,99696,100,99954,100,99644,100,100016,100,99636,100,100057,100,99549,100,100066,100,99492,200,100098,100,99347,100,100109,100,99237,100
2019-06-28 10:05:24.995117741,99889,426,99815,426,99898,100,99780,100,99941,100,99745,100,99947,200,99696,100,99954,100,99644,100,100016,100,99636,100,100057,100,99549,100,100066,100,99492,200,100098,100,99347,100,100109,100,99237,100
2019-06-28 10:05:25.510210907,99889,326,99815,426,99898,100,99780,100,99941,100,99745,100,99947,200,99696,100,99954,100,99644,100,100016,100,99636,100,100057,100,99549,100,100066,100,99492,200,100098,100,99347,100,100109,100,99237,100
