,ask_price_1,ask_size_1,bid_price_1,bid_size_1,ask_price_2,ask_size_2,bid_price_2,bid_size_2,ask_price_3,ask_size_3,bid_price_3,bid_size_3,ask_price_4,ask_size_4,bid_price_4,bid_size_4,ask_price_5,ask_size_5,bid_price_5,bid_size_5,ask_price_6,ask_size_6,bid_price_6,bid_size_6,ask_price_7,ask_size_7,bid_price_7,bid_size_7,ask_price_8,ask_size_8,bid_price_8,bid_size_8,ask_price_9,ask_size_9,bid_price_9,bid_size_9,ask_price_10,ask_size_10,bid_price_10,bid_size_10
2019-06-28 09:30:00.000000000,100069,100,99997,100,,,,,,,,,,,,,,,,,,,,,,,,,,,,,,,,,,,,
2019-06-28 09:30:00.000000001,100069,100,99997,100,,,99916,100,,,,,,,,,,,,,,,,,,,,,,,,,,,,,,,,
2019-06-28 09:30:00.000000002,100056,100,100014,100,100069,100,99997,100,,,99916,100,,,99885,100,,,99828,100,,,,,,,,,,,,,,,,,,,,
2019-06-28 09:30:00.000000003,100056,100,100014,100,100069,100,99997,100,100197,100,99916,100,,,99885,100,,,99828,100,,,,,,,,,,,,,,,,,,,,
2019-06-28 09:30:00.000000004,100044,100,100014,100,100056,100,99997,100,100069,100,99916,100,100197,100,99885,100,,,99828,100,,,,,,,,,,,,,,,,,,,,
2019-06-28 09:30:00.000000008,100044,100,100014,100,100056,100,99997,100,100069,100,99992,100,100197,100,99916,100,,,99885,100,,,99828,100,,,,,,,,,,,,,,,,
2019-06-28 09:30:00.000000009,100024,100,100014,100,100044,100,99997,100,100056,100,99992,100,100069,100,99916,100,100197,100,99885,100,,,99828,100,,,,,,,,,,,,,,,,
2019-06-28 09:30:00.000000011,100024,100,100014,100,100044,100,99997,100,100056,100,99992,100,100069,100,99916,100,100197,100,99885,100,,,99828,100,,,99808,100,,,,,,,,,,,,
2019-06-28 09:30:00.000000013,100024,100,100014,100,100044,100,99997,100,100056,100,99992,100,100069,100,99916,100,100187,100,99885,100,100197,100,99828,100,,,99808,100,,,,,,,,,,,,
2019-06-28 09:30:00.000000016,100024,100,100014,100,100044,100,99997,100,100056,100,99992,100,100069,100,99916,100,100187,100,99911,100,100197,100,99885,100,,,99828,100,,,99808,100,,,,,,,,
2019-06-28 09:30:00.000000018,100024,100,100014,100,100044,100,99997,100,100056,200,99992,100,100069,100,99916,100,100187,100,99911,100,100197,100,99885,100,,,99828,100,,,99808,100,,,,,,,,
2019-06-28 09:30:00.000000020,100024,100,100014,100,100044,100,99997,100,100056,200,99992,100,100069,100,99926,100,100187,100,99916,100,100197,100,99911,100,,,99885,100,,,99828,100,,,99808,100,,,,
2019-06-28 09:30:00.000000021,100044,100,100014,100,100056,200,99997,100,100069,100,99992,100,100187,100,99926,100,100197,100,99916,100,,,99911,100,,,99885,100,,,99828,100,,,99808,100,,,,
2019-06-28 09:30:00.000000022,100044,100,100014,100,100056,200,99997,100,100069,100,99992,100,100187,100,99926,100,100197,100,99916,100,,,99911,100,,,99909,100,,,99885,100,,,99828,100,,,99808,100
2019-06-28 09:30:00.000000027,100024,100,100014,100,100044,100,99997,100,100056,200,99992,100,100069,100,99926,100,100081,100,99916,100,100187,100,99911,100,100197,100,99909,100,,,99892,100,,,99885,100,,,99828,100
2019-06-28 09:30:00.000000029,100024,100,99997,100,100044,100,99992,100,100056,200,99926,100,100069,100,99916,100,100081,100,99911,100,100187,100,99909,100,100197,100,99892,100,,,99885,100,,,99828,100,,,99808,100
2019-06-28 09:30:00.000000031,100024,100,100021,100,100044,100,99997,100,100056,200,99992,100,100069,100,99926,100,100081,100,99916,100,100187,100,99911,100,100197,100,99909,100,,,99892,100,,,99885,100,,,99828,100
2019-06-28 09:30:00.000000032,100024,100,100021,100,100044,100,99997,100,100056,200,99992,100,100069,100,99926,100,100081,100,99916,100,100187,100,99911,100,100197,100,99909,100,,,99899,100,,,99892,100,,,99885,100
2019-06-28 09:30:00.000000040,100023,100,100021,100,100024,100,99997,100,100044,100,99992,100,100056,200,99926,100,100069,100,99916,100,100081,100,99911,100,100187,100,99909,100,100197,100,99899,100,,,99892,100,,,99885,100
2019-06-28 09:30:00.000000041,100023,100,100021,100,100024,100,99997,100,100044,100,99992,100,100056,200,99926,100,100069,100,99916,100,100081,100,99911,100,100156,100,99909,100,100187,100,99899,100,100197,100,99892,100,,,99885,100
2019-06-28 09:30:00.000000044,100023,100,100021,100,100024,100,100014,100,100044,100,99997,100,100056,200,99992,100,100069,100,99926,100,100081,100,99916,100,100156,100,99911,100,100187,100,99909,100,100197,100,99899,100,,,99892,100
2019-06-28 09:30:00.000000047,100021,100,100014,100,100023,100,99997,100,100024,100,99992,100,100044,100,99926,100,100056,200,99916,100,100069,100,99911,100,100081,100,99909,200,100156,100,99899,100,100187,100,99892,100,100197,100,99885,100
2019-06-28 09:30:00.000000048,100021,200,100014,100,100023,100,99997,100,100024,100,99992,100,100044,100,99926,100,100056,200,99916,100,100069,100,99911,100,100081,100,99909,200,100156,100,99899,100,100187,100,99892,100,100197,100,99885,100
2019-06-28 09:30:00.000000050,100021,200,100014,100,100023,100,99998,100,100024,100,99997,100,100044,100,99992,100,100056,200,99926,100,100069,100,99916,100,100081,100,99911,100,100156,100,99909,200,100187,100,99899,100,100197,100,99892,100
2019-06-28 09:30:00.000000052,100020,200,99998,100,100021,200,99997,100,100023,100,99992,100,100024,100,99926,100,100044,100,99916,100,100056,200,99911,100,100069,100,99909,200,100081,100,99899,100,100156,100,99892,100,100187,100,99885,100
2019-06-28 09:30:00.000000053,100020,100,99998,100,100021,200,99997,100,100023,100,99992,100,100024,100,99976,100,100044,100,99926,100,100056,200,99916,100,100069,100,99911,100,100081,100,99909,200,100156,100,99899,100,100187,100,99892,100
2019-06-28 09:30:00.000000054,100020,100,100009,100,100021,200,99998,100,100023,100,99997,100,100024,100,99992,100,100044,100,99976,100,100056,200,99926,100,100069,100,99916,100,100081,100,99911,100,100156,100,99909,200,100187,100,99899,100
2019-06-28 09:30:00.000000056,100020,100,100009,100,100021,200,99998,100,100023,100,99997,100,100024,100,99992,100,100044,100,99976,100,100056,200,99926,100,100069,100,99916,100,100081,100,99911,100,100128,100,99909,200,100156,100,99899,100
2019-06-28 09:30:00.000000058,100020,100,100009,100,100021,200,99998,100,100023,100,99997,100,100024,100,99992,100,100044,100,99976,100,100056,200,99926,100,100062,100,99916,100,100069,100,99911,100,100081,100,99909,200,100128,100,99899,100
2019-06-28 09:30:00.000000059,100020,100,100009,100,100021,200,99998,100,100023,100,99997,100,100024,100,99992,100,100044,100,99977,100,100056,200,99976,100,100062,100,99926,100,100069,100,99916,100,100081,100,99911,100,100128,100,99909,200
2019-06-28 09:30:00.000000060,100020,100,100009,100,100021,200,99998,100,100023,100,99997,100,100024,100,99992,100,100044,100,99977,100,100056,200,99976,100,100062,100,99926,100,100069,100,99916,100,100081,100,99911,100,100128,100,99909,200
2019-06-28 09:30:00.000000061,100020,100,100009,100,100021,200,99998,100,100023,100,99997,100,100024,100,99992,100,100044,100,99977,100,100056,200,99976,100,100062,100,99926,100,100069,100,99916,100,100081,100,99911,100,100128,100,99909,200
2019-06-28 09:30:00.000000063,100020,100,100009,100,100021,200,99998,100,100023,100,99997,100,100024,100,99992,100,100044,100,99977,100,100056,200,99976,100,100062,100,99926,100,100069,100,99916,100,100081,100,99911,100,100097,100,99909,200
2019-06-28 09:30:00.000000068,100020,100,100018,100,100021,200,100009,100,100023,100,99998,100,100024,100,99997,100,100044,100,99992,100,100056,200,99977,100,100062,100,99976,100,100069,100,99926,100,100081,100,99916,100,100097,100,99911,100
2019-06-28 09:30:00.000000069,100020,100,100018,100,100021,200,100009,100,100023,100,99998,100,100024,100,99997,100,100044,100,99992,100,100056,200,99977,100,100062,100,99976,100,100069,100,99926,100,100081,100,99916,100,100097,100,99911,100
2019-06-28 09:30:00.000000070,100020,100,100009,100,100021,200,99998,100,100023,100,99997,100,100024,100,99992,100,100044,100,99977,100,100056,200,99976,100,100062,100,99926,100,100069,100,99916,100,100081,100,99911,100,100097,100,99909,200
2019-06-28 09:30:00.000000075,100020,100,100009,100,100021,200,99998,100,100023,100,99997,100,100024,100,99992,100,100044,100,99977,100,100056,200,99976,100,100062,100,99926,100,100069,100,99916,100,100081,100,99911,100,100097,100,99909,200
2019-06-28 09:30:00.000000076,100021,200,100009,100,100023,100,99998,100,100024,100,99997,100,100044,100,99992,100,100056,200,99977,100,100062,100,99976,100,100069,100,99926,100,100081,100,99916,100,100097,100,99911,100,100128,100,99909,200
2019-06-28 09:30:00.000000077,100021,200,99998,100,100023,100,99997,100,100024,100,99992,100,100044,100,99977,100,100056,200,99976,100,100062,100,99926,100,100069,100,99916,100,100081,100,99911,100,100097,100,99909,200,100128,100,99899,100
2019-06-28 09:30:00.000000078,100008,100,99998,100,100021,200,99997,100,100023,100,99992,100,100024,100,99977,100,100044,100,99976,100,100056,200,99926,100,100062,100,99916,100,100069,100,99911,100,100081,100,99909,200,100097,100,99899,100
2019-06-28 09:30:00.000000080,100008,100,99998,100,100021,200,99997,100,100023,100,99992,100,100024,100,99977,100,100044,100,99976,100,100056,200,99926,100,100062,100,99916,100,100069,100,99911,100,100081,100,99909,200,100089,100,99899,100
2019-06-28 09:30:00.000000081,100008,100,99998,100,100020,100,99997,100,100021,200,99992,100,100023,100,99977,100,100024,100,99976,100,100044,100,99926,100,100056,200,99916,100,100062,200,99911,100,100069,100,99909,200,100081,100,99899,100
2019-06-28 09:30:00.000000082,100008,100,99998,100,100020,100,99997,100,100021,200,99992,100,100023,100,99977,100,100024,100,99976,100,100044,100,99926,100,100056,200,99922,100,100062,200,99916,100,100069,100,99911,100,100081,100,99909,200
2019-06-28 09:30:00.000000083,100008,100,99998,100,100020,200,99997,100,100021,200,99992,100,100023,100,99977,100,100024,100,99976,100,100044,100,99926,100,100056,200,99922,100,100062,200,99916,100,100069,100,99911,100,100081,100,99909,200
2019-06-28 09:30:00.000000084,100008,100,99998,100,100020,200,99997,100,100021,200,99992,100,100023,100,99977,100,100024,100,99976,100,100044,100,99926,100,100056,200,99922,100,100062,200,99916,100,100069,100,99911,100,100081,100,99909,200
2019-06-28 09:30:00.000000085,100008,100,99998,100,100011,100,99997,100,100020,300,99992,100,100021,200,99977,100,100023,100,99976,100,100024,100,99926,100,100044,100,99922,100,100056,200,99916,100,100062,200,99911,100,100069,100,99909,200
2019-06-28 09:30:00.000000086,100008,100,99998,100,100011,100,99997,100,100020,300,99992,100,100021,200,99977,100,100023,100,99976,100,100024,100,99926,100,100044,100,99922,100,100056,200,99916,100,100062,200,99911,100,100069,100,99909,200
2019-06-28 09:30:00.000000087,100008,100,100006,100,100011,100,99998,100,100020,300,99997,100,100021,200,99992,100,100023,100,99977,100,100024,100,99976,100,100044,100,99926,100,100056,200,99922,100,100062,200,99916,100,100069,100,99911,100
2019-06-28 09:30:00.000000088,100008,100,100006,100,100011,100,99998,100,100020,300,99997,100,100021,200,99992,100,100023,100,99977,100,100024,100,99976,100,100044,100,99926,100,100056,200,99922,100,100062,200,99916,100,100069,100,99911,100
2019-06-28 09:30:00.000000090,100008,100,100006,100,100011,100,99998,100,100020,300,99997,100,100021,200,99992,100,100023,100,99977,100,100024,100,99976,100,100044,100,99926,100,100056,200,99922,100,100062,200,99916,100,100069,100,99911,100
2019-06-28 09:30:00.000000091,100008,100,100006,100,100011,100,99998,100,100020,400,99997,100,100021,200,99992,100,100023,100,99977,100,100024,100,99976,100,100044,100,99926,100,100056,200,99922,100,100062,200,99916,100,100069,100,99911,100
2019-06-28 09:30:00.000000092,100011,100,100006,100,100020,400,99998,100,100021,200,99997,100,100023,100,99992,100,100024,100,99977,100,100044,100,99976,100,100056,200,99926,100,100062,200,99922,100,100069,100,99916,100,100081,100,99911,100
2019-06-28 09:30:00.000000093,100011,100,100006,100,100020,400,99998,100,100021,200,99997,100,100023,100,99992,100,100024,100,99977,100,100044,100,99976,100,100056,200,99961,100,100062,200,99926,100,100069,100,99922,100,100081,100,99916,100
2019-06-28 09:30:00.000000095,100011,100,100008,100,100020,400,100006,100,100021,200,99998,100,100023,100,99997,100,100024,100,99992,100,100044,100,99977,100,100056,200,99976,100,100062,200,99961,100,100069,100,99926,100,100081,100,99922,100
2019-06-28 09:30:01.353070977,100011,100,100008,200,100020,400,100006,100,100021,200,99998,100,100023,100,99997,100,100024,100,99992,100,100044,100,99977,100,100056,200,99976,100,100062,200,99961,100,100069,100,99926,100,100089,100,99922,100
2019-06-28 09:30:10.000000000,100011,196,100008,296,100020,493,100006,193,100021,293,99998,193,100023,100,99997,100,100024,100,99992,100,100044,100,99977,100,100056,200,99976,100,100062,200,99961,100,100069,100,99926,100,100089,100,99922,100
2019-06-28 09:30:13.458821678,100011,196,100008,296,100020,493,100006,193,100021,293,99998,193,100023,100,99997,100,100024,100,99992,100,100033,100,99977,100,100044,100,99976,100,100056,200,99961,100,100062,200,99926,100,100069,100,99922,100
2019-06-28 09:30:20.000000000,100011,196,100008,296,100020,493,100006,193,100021,293,99998,193,100023,100,99997,100,100024,100,99992,100,100033,100,99977,100,100044,100,99976,100,100056,200,99961,100,100062,200,99926,100,100069,100,99922,100
2019-06-28 09:30:30.000000000,100011,196,100008,296,100020,493,100006,193,100021,293,99998,193,100023,100,99997,100,100024,100,99992,100,100033,100,99977,100,100044,100,99976,100,100056,200,99961,100,100062,200,99926,100,100069,100,99922,100
2019-06-28 09:30:37.120739757,100011,196,100008,396,100020,493,100006,193,100021,293,99998,193,100023,100,99997,100,100024,100,99992,100,100033,100,99977,100,100044,100,99976,100,100056,200,99961,100,100062,200,99926,100,100069,100,99922,100
2019-06-28 09:30:40.000000000,100011,156,100008,356,100020,456,100006,156,100021,256,99998,156,100023,156,99997,156,100024,156,99992,156,100033,100,99977,100,100044,100,99976,100,100056,200,99961,100,100062,200,99926,100,100069,100,99922,100
2019-06-28 09:30:50.000000000,100011,382,100008,582,100020,400,100006,100,100021,200,99998,100,100023,100,99997,100,100024,100,99992,100,100033,100,99977,100,100044,100,99976,100,100056,200,99961,100,100062,200,99926,100,100069,100,99922,100
2019-06-28 09:30:59.683120848,100011,382,100008,582,100020,300,100006,100,100021,200,99998,100,100023,100,99997,100,100024,100,99992,100,100033,100,99977,100,100044,100,99976,100,100056,200,99961,100,100062,200,99926,100,100069,100,99922,100
2019-06-28 09:31:00.000000000,100011,241,100008,441,100020,441,100006,241,100021,200,99998,100,100023,100,99997,100,100024,100,99992,100,100033,100,99977,100,100044,100,99976,100,100056,200,99961,100,100062,200,99926,100,100069,100,99922,100
2019-06-28 09:31:02.698786982,100011,241,100008,441,100020,441,100006,241,100021,200,99998,100,100023,100,99997,100,100024,100,99977,100,100033,100,99976,100,100044,100,99961,100,100056,200,99926,100,100062,200,99922,100,100069,100,99916,100
2019-06-28 09:31:10.000000000,100011,156,100008,356,100020,356,100006,156,100021,256,99998,156,100023,156,99997,156,100024,156,99977,156,100033,100,99976,100,100044,100,99961,100,100056,200,99926,100,100062,200,99922,100,100069,100,99916,100
2019-06-28 09:31:11.957876935,100011,156,100008,356,100020,356,100006,156,100021,256,99998,156,100023,156,99997,156,100024,156,99977,156,100033,100,99976,100,100044,100,99961,100,100056,200,99926,100,100062,200,99922,100,100069,100,99916,100
2019-06-28 09:31:20.000000000,100011,241,100008,441,100020,441,100006,241,100021,200,99998,100,100023,100,99997,100,100024,100,99977,100,100033,100,99976,100,100044,100,99961,100,100056,200,99926,100,100062,200,99922,100,100069,100,99916,100
2019-06-28 09:31:21.309336261,100011,241,100008,441,100020,441,100006,241,100021,200,99998,100,100023,100,99997,100,100024,100,99977,100,100033,100,99976,100,100044,100,99961,100,100056,200,99926,100,100062,200,99922,100,100069,100,99916,100
2019-06-28 09:31:23.896417210,100011,241,100008,541,100020,441,100006,241,100021,200,99998,100,100023,100,99997,100,100024,100,99977,100,100033,100,99976,100,100044,100,99961,100,100056,200,99926,100,100062,200,99922,100,100069,100,99916,100
2019-06-28 09:31:26.559028850,100011,141,100008,541,100020,441,100006,241,100021,200,99998,100,100023,100,99997,100,100024,100,99977,100,100033,100,99976,100,100044,100,99961,100,100056,200,99926,100,100062,200,99922,100,100069,100,99916,100
2019-06-28 09:31:29.532353558,100011,141,100008,541,100020,441,100006,241,100021,200,99997,100,100023,100,99977,100,100024,100,99976,100,100033,100,99961,100,100044,100,99926,100,100056,200,99922,100,100062,200,99916,100,100069,100,99911,100
2019-06-28 09:31:30.000000000,100020,396,100008,496,100021,293,100006,193,100023,193,99997,193,100024,100,99977,100,100033,100,99976,100,100044,100,99961,100,100056,200,99926,100,100062,200,99922,100,100069,100,99916,100,100089,100,99911,100
2019-06-28 09:31:40.000000000,100020,356,100008,456,100021,256,100006,156,100023,156,99997,156,100024,156,99977,156,100033,156,99976,156,100044,100,99961,100,100056,200,99926,100,100062,200,99922,100,100069,100,99916,100,100089,100,99911,100
2019-06-28 09:31:46.027130363,100020,356,100009,100,100021,256,100008,456,100023,156,100006,156,100024,156,99997,156,100033,156,99977,156,100044,100,99976,156,100056,200,99961,100,100062,200,99926,100,100069,100,99922,100,100089,100,99916,100
2019-06-28 09:31:50.000000000,100020,356,100009,156,100021,256,100008,456,100023,156,100006,156,100024,156,99997,156,100033,156,99977,156,100044,100,99976,100,100056,200,99961,100,100062,200,99926,100,100069,100,99922,100,100089,100,99916,100
2019-06-28 09:32:00.000000000,100020,396,100009,196,100021,293,100008,493,100023,193,100006,193,100024,100,99997,100,100033,100,99977,100,100044,100,99976,100,100056,200,99961,100,100062,200,99926,100,100069,100,99922,100,100089,100,99916,100
2019-06-28 09:32:10.000000000,100020,582,100009,382,100021,200,100008,400,100023,100,100006,100,100024,100,99997,100,100033,100,99977,100,100044,100,99976,100,100056,200,99961,100,100062,200,99926,100,100069,100,99922,100,100089,100,99916,100
2019-06-28 09:32:16.151505455,100020,582,100009,382,100021,200,100008,300,100023,100,100006,100,100024,100,99997,100,100033,100,99977,100,100044,100,99976,100,100056,200,99961,100,100062,200,99926,100,100069,100,99922,100,100089,100,99916,100
2019-06-28 09:32:20.000000000,100020,582,100009,382,100021,200,100008,300,100023,100,100006,100,100024,100,99997,100,100033,100,99977,100,100044,100,99976,100,100056,200,99961,100,100062,200,99926,100,100069,100,99922,100,100089,100,99916,100
2019-06-28 09:32:30.000000000,100020,356,100009,156,100021,256,100008,356,100023,156,100006,156,100024,156,99997,156,100033,156,99977,156,100044,100,99976,100,100056,200,99961,100,100062,200,99926,100,100069,100,99922,100,100089,100,99916,100
2019-06-28 09:32:37.609510577,100020,356,100009,156,100021,256,100008,356,100023,156,100006,156,100024,156,99997,156,100033,156,99977,156,100044,100,99976,100,100056,200,99961,100,100062,200,99926,100,100069,100,99922,100,100089,100,99916,100
2019-06-28 09:32:40.000000000,100020,582,100009,382,100021,200,100008,300,100023,100,100006,100,100024,100,99997,100,100033,100,99977,100,100044,100,99976,100,100056,200,99961,100,100062,200,99926,100,100069,100,99922,100,100089,100,99916,100
2019-06-28 09:32:49.404592745,100020,582,100009,382,100021,200,100008,300,100023,100,100006,100,100024,100,99997,100,100033,100,99977,100,100044,100,99976,100,100056,200,99961,100,100062,200,99926,100,100069,100,99922,100,100089,100,99916,100
2019-06-28 09:32:50.000000000,100020,441,100009,241,100021,341,100008,441,100023,100,100006,100,100024,100,99997,100,100033,100,99977,100,100044,100,99976,100,100056,200,99961,100,100062,200,99926,100,100069,100,99922,100,100089,100,99916,100
2019-06-28 09:32:52.650305615,100020,441,100009,241,100021,341,100008,441,100023,100,100006,100,100024,100,99997,100,100033,100,99977,100,100044,100,99976,100,100056,200,99961,100,100062,200,99926,100,100069,100,99922,100,100089,100,99916,100
2019-06-28 09:33:00.000000000,100020,441,100009,241,100021,341,100008,441,100023,100,100006,100,100024,100,99997,100,100033,100,99977,100,100044,100,99976,100,100056,200,99961,100,100062,200,99926,100,100069,100,99922,100,100089,100,99916,100
2019-06-28 09:33:10.000000000,100020,370,100009,170,100021,270,100008,370,100023,170,100006,170,100024,170,99997,170,100033,100,99977,100,100044,100,99976,100,100056,200,99961,100,100062,200,99926,100,100069,100,99922,100,100089,100,99916,100
2019-06-28 09:33:11.627821749,100020,370,100009,170,100021,270,100008,370,100022,100,100006,170,100023,170,99997,170,100024,170,99977,100,100033,100,99976,100,100044,100,99961,100,100056,200,99926,100,100062,200,99922,100,100069,100,99916,100
2019-06-28 09:33:20.000000000,100020,582,100009,382,100021,200,100008,300,100022,100,100006,100,100023,100,99997,100,100024,100,99977,100,100033,100,99976,100,100044,100,99961,100,100056,200,99926,100,100062,200,99922,100,100069,100,99916,100
2019-06-28 09:33:20.117315764,100020,582,100009,482,100021,200,100008,300,100022,100,100006,100,100023,100,99997,100,100024,100,99977,100,100033,100,99976,100,100044,100,99961,100,100056,100,99926,100,100062,200,99922,100,100069,100,99916,100
2019-06-28 09:33:30.000000000,100020,582,100009,482,100021,200,100008,300,100022,100,100006,100,100023,100,99997,100,100024,100,99977,100,100033,100,99976,100,100044,100,99961,100,100056,100,99926,100,100062,200,99922,100,100069,100,99916,100
2019-06-28 09:33:34.434785869,100020,482,100009,482,100021,200,100008,300,100022,100,100006,100,100023,100,99997,100,100024,100,99977,100,100033,100,99976,100,100044,100,99961,100,100056,100,99926,100,100062,200,99922,100,100069,100,99916,100
2019-06-28 09:33:40.000000000,100020,482,100009,482,100021,200,100008,300,100022,100,100006,100,100023,100,99997,100,100024,100,99977,100,100033,100,99976,100,100044,100,99961,100,100056,100,99926,100,100062,200,99922,100,100069,100,99916,100
2019-06-28 09:33:43.472273837,100020,382,100009,482,100021,200,100008,300,100022,100,100006,100,100023,100,99997,100,100024,100,99977,100,100033,100,99976,100,100044,100,99961,100,100056,100,99926,100,100062,200,99922,100,100069,100,99916,100
2019-06-28 09:33:50.000000000,100020,241,100009,341,100021,341,100008,441,100022,100,100006,100,100023,100,99997,100,100024,100,99977,100,100033,100,99976,100,100044,100,99961,100,100056,100,99926,100,100062,200,99922,100,100069,100,99916,100
2019-06-28 09:34:00.000000000,100020,382,100009,482,100021,200,100008,300,100022,100,100006,100,100023,100,99997,100,100024,100,99977,100,100033,100,99976,100,100044,100,99961,100,100056,100,99926,100,100062,200,99922,100,100069,100,99916,100
2019-06-28 09:34:08.662176937,100020,382,100009,482,100021,200,100008,300,100022,100,100006,100,100023,100,99997,100,100024,100,99977,100,100033,100,99976,100,100044,100,99961,100,100056,100,99926,100,100062,200,99922,100,100069,100,99916,100
2019-06-28 09:34:10.000000000,100020,241,100009,341,100021,341,100008,441,100022,100,100006,100,100023,100,99997,100,100024,100,99977,100,100033,100,99976,100,100044,100,99961,100,100056,100,99926,100,100062,200,99922,100,100069,100,99916,100
2019-06-28 09:34:20.000000000,100020,156,100009,256,100021,256,100008,356,100022,156,100006,156,100023,156,99997,156,100024,156,99977,156,100033,100,99976,100,100044,100,99961,100,100056,100,99926,100,100062,200,99922,100,100069,100,99916,100
2019-06-28 09:34:23.703303184,100020,156,100009,256,100021,256,100008,356,100022,156,100006,156,100023,156,99997,156,100024,156,99977,156,100033,100,99976,100,100044,100,99961,100,100056,100,99926,100,100062,200,99922,100,100069,100,99916,100
2019-06-28 09:34:28.231310267,100019,100,100009,156,100020,156,100008,356,100021,256,100006,156,100022,156,99997,156,100023,156,99977,156,100024,156,99976,100,100033,100,99961,100,100044,100,99926,100,100056,100,99922,100,100062,200,99916,100
2019-06-28 09:34:28.362365715,100020,156,100009,156,100021,256,100008,356,100022,156,100006,156,100023,156,99997,156,100024,156,99977,156,100033,100,99961,100,100044,100,99926,100,100056,100,99922,100,100062,200,99916,100,100069,100,99911,100
2019-06-28 09:34:30.000000000,100020,170,100009,170,100021,270,100008,370,100022,170,100006,170,100023,170,99997,170,100024,100,99977,100,100033,100,99961,100,100044,100,99926,100,100056,100,99922,100,100062,200,99916,100,100069,100,99911,100
2019-06-28 09:34:38.258705100,100020,170,100009,170,100021,270,100008,370,100022,170,100006,170,100023,170,99997,170,100024,100,99985,100,100033,100,99977,100,100044,100,99961,100,100056,100,99926,100,100062,200,99922,100,100069,100,99916,100
2019-06-28 09:34:40.000000000,100020,241,100009,241,100021,341,100008,441,100022,100,100006,100,100023,100,99997,100,100024,100,99985,100,100033,100,99977,100,100044,100,99961,100,100056,100,99926,100,100062,200,99922,100,100069,100,99916,100
2019-06-28 09:34:50.000000000,100020,241,100009,241,100021,341,100008,441,100022,100,100006,100,100023,100,99997,100,100024,100,99985,100,100033,100,99977,100,100044,100,99961,100,100056,100,99926,100,100062,200,99922,100,100069,100,99916,100
2019-06-28 09:35:00.000000000,100020,170,100009,170,100021,270,100008,370,100022,170,100006,170,100023,170,99997,170,100024,100,99985,100,100033,100,99977,100,100044,100,99961,100,100056,100,99926,100,100062,200,99922,100,100069,100,99916,100
2019-06-28 09:35:10.000000000,100020,196,100009,196,100021,293,100008,393,100022,193,100006,193,100023,100,99997,100,100024,100,99985,100,100033,100,99977,100,100044,100,99961,100,100056,100,99926,100,100062,200,99922,100,100069,100,99916,100
2019-06-28 09:35:18.593172914,100020,96,100009,196,100021,293,100008,393,100022,193,100006,193,100023,100,99997,100,100024,100,99985,100,100033,100,99977,100,100044,100,99961,100,100056,100,99926,100,100062,200,99922,100,100069,100,99916,100
2019-06-28 09:35:20.000000000,100021,256,100009,156,100022,156,100008,356,100023,156,100006,156,100024,156,99997,156,100033,156,99985,156,100044,100,99977,100,100056,100,99961,100,100062,200,99926,100,100069,100,99922,100,100089,100,99916,100
2019-06-28 09:35:23.466998617,100021,256,100009,156,100022,156,100008,356,100023,156,100006,156,100024,156,99997,156,100033,156,99985,156,100044,100,99977,100,100056,100,99961,100,100062,200,99926,100,100069,100,99922,100,100089,100,99916,100
2019-06-28 09:35:30.000000000,100021,482,100009,382,100022,100,100008,300,100023,100,100006,100,100024,100,99997,100,100033,100,99985,100,100044,100,99977,100,100056,100,99961,100,100062,200,99926,100,100069,100,99922,100,100089,100,99916,100
2019-06-28 09:35:38.803061486,100021,482,100019,100,100022,100,100009,382,100023,100,100008,300,100024,100,100006,100,100033,100,99997,100,100044,100,99985,100,100056,100,99977,100,100062,200,99961,100,100069,100,99926,100,100089,100,99922,100
2019-06-28 09:35:40.000000000,100021,270,100019,170,100022,170,100009,170,100023,170,100008,370,100024,170,100006,170,100033,100,99997,100,100044,100,99985,100,100056,100,99977,100,100062,200,99961,100,100069,100,99926,100,100089,100,99922,100
2019-06-28 09:35:50.000000000,100021,482,100019,382,100022,100,100009,100,100023,100,100008,300,100024,100,100006,100,100033,100,99997,100,100044,100,99985,100,100056,100,99977,100,100062,200,99961,100,100069,100,99926,100,100089,100,99922,100
2019-06-28 09:36:00.000000000,100021,270,100019,170,100022,170,100009,170,100023,170,100008,370,100024,170,100006,170,100033,100,99997,100,100044,100,99985,100,100056,100,99977,100,100062,200,99961,100,100069,100,99926,100,100089,100,99922,100
2019-06-28 09:36:04.945332560,100021,170,100019,170,100022,170,100009,170,100023,170,100008,370,100024,170,100006,170,100033,100,99997,100,100044,100,99985,100,100056,100,99977,100,100062,200,99961,100,100069,100,99926,100,100089,100,99922,100
2019-06-28 09:36:09.320148099,100021,70,100019,170,100022,70,100009,170,100023,170,100008,370,100024,170,100006,170,100033,100,99997,100,100044,100,99985,100,100056,100,99977,100,100062,200,99961,100,100069,100,99926,100,100089,100,99922,100
2019-06-28 09:36:10.000000000,100023,241,100019,241,100024,241,100009,241,100033,100,100008,300,100044,100,100006,100,100056,100,99997,100,100062,200,99985,100,100069,100,99977,100,100089,100,99961,100,100097,100,99926,100,100116,100,99922,100
2019-06-28 09:36:10.378614335,100023,241,100019,241,100024,241,100009,241,100033,100,100008,300,100044,100,100006,100,100056,100,99997,100,100062,200,99985,100,100069,100,99977,100,100089,100,99961,100,100097,100,99926,100,100116,100,99922,100
2019-06-28 09:36:12.654414800,100023,241,100019,241,100024,241,100009,241,100033,100,100008,300,100056,100,100006,100,100062,200,99997,100,100069,100,99985,100,100089,100,99977,100,100097,100,99961,100,100116,100,99926,100,100156,100,99922,100
2019-06-28 09:36:13.238303198,100023,141,100019,241,100024,241,100009,241,100033,100,100008,300,100056,100,100006,100,100062,200,99997,100,100069,100,99985,100,100089,100,99977,100,100097,100,99961,100,100116,100,99926,100,100156,100,99922,100
2019-06-28 09:36:13.322667507,100023,141,100019,241,100024,241,100009,241,100033,100,100008,300,100056,100,100006,100,100062,200,99997,100,100069,100,99985,100,100089,100,99977,100,100097,100,99961,100,100116,100,99926,100,100156,100,99922,100
2019-06-28 09:36:20.000000000,100024,170,100019,170,100033,170,100009,170,100056,170,100008,370,100062,270,100006,170,100069,100,99997,100,100089,100,99985,100,100097,100,99977,100,100116,100,99961,100,100156,100,99926,100,100177,100,99922,100
2019-06-28 09:36:30.000000000,100024,241,100019,241,100033,241,100009,241,100056,100,100008,300,100062,200,100006,100,100069,100,99997,100,100089,100,99985,100,100097,100,99977,100,100116,100,99961,100,100156,100,99926,100,100177,100,99922,100
2019-06-28 09:36:32.790582447,100024,241,100019,241,100033,241,100009,241,100056,100,100008,300,100062,200,100006,100,100069,100,99997,100,100089,100,99985,100,100097,100,99977,100,100116,100,99926,100,100156,100,99922,100,100177,100,99916,100
2019-06-28 09:36:40.000000000,100024,241,100019,241,100033,241,100009,241,100056,100,100008,300,100062,200,100006,100,100069,100,99997,100,100089,100,99985,100,100097,100,99977,100,100116,100,99926,100,100156,100,99922,100,100177,100,99916,100
2019-06-28 09:36:50.000000000,100024,382,100019,382,100033,100,100009,100,100056,100,100008,300,100062,200,100006,100,100069,100,99997,100,100089,100,99985,100,100097,100,99977,100,100116,100,99926,100,100156,100,99922,100,100177,100,99916,100
2019-06-28 09:36:52.054318406,100024,282,100019,382,100033,100,100009,100,100056,100,100008,300,100062,200,100006,100,100069,100,99997,100,100089,100,99985,100,100097,100,99977,100,100116,100,99926,100,100156,100,99922,100,100177,100,99916,100
2019-06-28 09:36:54.311118416,100024,282,100019,382,100033,100,100009,100,100056,100,100008,300,100062,200,100006,100,100069,100,99997,100,100089,100,99985,100,100097,100,99977,100,100116,100,99926,100,100156,100,99922,100,100177,100,99916,100
2019-06-28 09:37:00.000000000,100033,241,100019,241,100056,241,100009,241,100062,200,100008,300,100069,100,100006,100,100089,100,99997,100,100097,100,99985,100,100116,100,99977,100,100156,100,99926,100,100177,100,99922,100,100187,100,99916,100
2019-06-28 09:37:05.761838109,100033,241,100023,100,100056,241,100019,241,100062,200,100009,241,100069,100,100008,300,100089,100,100006,100,100097,100,99997,100,100116,100,99985,100,100156,100,99977,100,100177,100,99926,100,100187,100,99922,100
2019-06-28 09:37:06.808436458,100033,141,100023,100,100056,241,100019,241,100062,200,100009,241,100069,100,100008,300,100089,100,100006,100,100097,100,99997,100,100116,100,99985,100,100156,100,99977,100,100177,100,99926,100,100187,100,99922,100
2019-06-28 09:37:10.000000000,100056,241,100023,241,100062,341,100019,241,100069,100,100009,100,100089,100,100008,300,100097,100,100006,100,100116,100,99997,100,100156,100,99985,100,100177,100,99977,100,100187,100,99926,100,100221,100,99922,100
2019-06-28 09:37:20.000000000,100056,196,100023,196,100062,293,100019,193,100069,193,100009,193,100089,100,100008,300,100097,100,100006,100,100116,100,99997,100,100156,100,99985,100,100177,100,99977,100,100187,100,99926,100,100221,100,99922,100
2019-06-28 09:37:25.486869186,100056,96,100023,196,100062,293,100019,193,100069,193,100009,193,100089,100,100008,300,100097,100,100006,100,100116,100,99997,100,100156,100,99985,100,100177,100,99977,100,100187,100,99926,100,100221,100,99922,100
2019-06-28 09:37:27.611143783,100056,96,100023,196,100062,293,100019,193,100069,193,100009,193,100089,100,100008,300,100097,100,100006,100,100116,100,99997,100,100156,100,99985,100,100177,100,99977,100,100187,100,99926,100,100221,100,99922,100
2019-06-28 09:37:30.000000000,100062,341,100023,241,100069,241,100019,241,100089,100,100009,100,100097,100,100008,300,100116,100,100006,100,100156,100,99997,100,100177,100,99985,100,100187,100,99977,100,100221,100,99926,100,100481,100,99922,100
2019-06-28 09:37:37.739178807,100062,341,100033,100,100069,241,100023,241,100089,100,100019,141,100097,100,100009,100,100116,100,100008,300,100156,100,100006,100,100177,100,99997,100,100187,100,99985,100,100221,100,99977,100,100481,100,99926,100
2019-06-28 09:37:40.000000000,100062,270,100033,170,100069,170,100023,170,100089,170,100009,170,100097,170,100008,370,100116,100,100006,100,100156,100,99997,100,100177,100,99985,100,100187,100,99977,100,100221,100,99926,100,100481,100,99922,100
2019-06-28 09:37:50.000000000,100062,482,100033,382,100069,100,100023,100,100089,100,100009,100,100097,100,100008,300,100116,100,100006,100,100156,100,99997,100,100177,100,99985,100,100187,100,99977,100,100221,100,99926,100,100481,100,99922,100
2019-06-28 09:38:00.000000000,100062,341,100033,241,100069,241,100023,241,100089,100,100009,100,100097,100,100008,300,100116,100,100006,100,100156,100,99997,100,100177,100,99985,100,100187,100,99977,100,100221,100,99926,100,100481,100,99922,100
2019-06-28 09:38:07.618728734,100062,241,100033,241,100069,241,100023,241,100089,100,100009,100,100097,100,100008,300,100116,100,100006,100,100156,100,99997,100,100177,100,99985,100,100187,100,99977,100,100221,100,99926,100,100481,100,99916,100
2019-06-28 09:38:10.000000000,100062,382,100033,382,100069,100,100023,100,100089,100,100009,100,100097,100,100008,300,100116,100,100006,100,100156,100,99997,100,100177,100,99985,100,100187,100,99977,100,100221,100,99926,100,100481,100,99916,100
2019-06-28 09:38:20.000000000,100062,241,100033,241,100069,241,100023,241,100089,100,100009,100,100097,100,100008,300,100116,100,100006,100,100156,100,99997,100,100177,100,99985,100,100187,100,99977,100,100221,100,99926,100,100481,100,99916,100
2019-06-28 09:38:26.395000228,100062,241,100033,241,100069,241,100023,241,100089,100,100009,100,100097,100,100008,300,100116,100,100006,100,100156,100,99997,100,100177,100,99985,100,100187,100,99977,100,100221,100,99926,100,100481,100,99916,100
2019-06-28 09:38:29.948665429,100062,141,100033,241,100069,241,100023,241,100089,100,100009,100,100097,100,100008,300,100116,100,100006,100,100156,100,99997,100,100177,100,99985,100,100187,100,99977,100,100221,100,99926,100,100481,100,99916,100
2019-06-28 09:38:30.000000000,100069,156,100033,156,100089,156,100023,156,100097,156,100009,156,100116,156,100008,356,100156,156,100006,156,100177,100,99997,100,100187,100,99985,100,100221,100,99977,100,100481,100,99926,100,100562,100,99916,100
2019-06-28 09:38:32.855029767,100069,156,100062,100,100089,156,100033,156,100097,156,100023,156,100116,156,100009,156,100156,156,100008,356,100177,100,100006,156,100187,100,99997,100,100221,100,99985,100,100481,100,99977,100,100562,100,99926,100
2019-06-28 09:38:40.000000000,100069,241,100062,241,100089,241,100033,241,100097,100,100023,100,100116,100,100009,100,100156,100,100008,300,100177,100,100006,100,100187,100,99997,100,100221,100,99985,100,100481,100,99977,100,100562,100,99926,100
2019-06-28 09:38:42.426314936,100069,141,100062,241,100089,241,100033,241,100097,100,100023,100,100116,100,100009,100,100156,100,100008,300,100177,100,100006,100,100187,100,99997,100,100221,100,99985,100,100481,100,99977,100,100562,100,99926,100
2019-06-28 09:38:50.000000000,100089,382,100062,382,100097,100,100033,100,100116,100,100023,100,100156,100,100009,100,100177,100,100008,300,100187,100,100006,100,100221,100,99997,100,100481,100,99985,100,100562,100,99977,100,100588,100,99926,100
2019-06-28 09:38:58.697323134,100089,382,100062,382,100097,100,100033,100,100116,100,100023,100,100156,100,100009,100,100177,100,100008,300,100187,100,100006,100,100221,100,99997,100,100481,100,99985,100,100562,100,99977,100,100588,100,99926,100
2019-06-28 09:39:00.000000000,100089,156,100062,156,100097,156,100033,156,100116,156,100023,156,100156,156,100009,156,100177,156,100008,356,100187,100,100006,100,100221,100,99997,100,100481,100,99985,100,100562,100,99977,100,100588,100,99926,100
2019-06-28 09:39:01.140324929,100089,156,100063,100,100097,156,100062,156,100116,156,100033,156,100156,156,100023,156,100177,156,100009,156,100187,100,100008,356,100221,100,100006,100,100481,100,99997,100,100562,100,99985,100,100588,100,99977,100
2019-06-28 09:39:10.000000000,100089,156,100063,156,100097,156,100062,156,100116,156,100033,156,100156,156,100023,156,100177,156,100009,156,100187,100,100008,300,100221,100,100006,100,100481,100,99997,100,100562,100,99985,100,100588,100,99977,100
2019-06-28 09:39:14.837671854,100089,56,100063,156,100097,156,100062,156,100116,156,100033,156,100156,156,100023,156,100177,156,100009,156,100187,100,100008,300,100221,100,100006,100,100481,100,99997,100,100562,100,99985,100,100588,100,99977,100
2019-06-28 09:39:20.000000000,100097,156,100063,156,100116,156,100062,156,100156,156,100033,156,100177,156,100023,156,100187,156,100009,156,100221,100,100008,300,100481,100,100006,100,100562,100,99997,100,100588,100,99985,100,100639,100,99977,100
2019-06-28 09:39:21.364934138,100097,156,100069,100,100116,156,100063,156,100156,156,100062,156,100177,156,100033,156,100187,156,100023,156,100221,100,100009,156,100481,100,100008,300,100562,100,100006,100,100588,100,99997,100,100639,100,99985,100
2019-06-28 09:39:30.000000000,100097,196,100069,196,100116,193,100063,193,100156,193,100062,193,100177,100,100033,100,100187,100,100023,100,100221,100,100009,100,100481,100,100008,300,100562,100,100006,100,100588,100,99997,100,100639,100,99985,100
2019-06-28 09:39:40.000000000,100097,241,100069,241,100116,241,100063,241,100156,100,100062,100,100177,100,100033,100,100187,100,100023,100,100221,100,100009,100,100481,100,100008,300,100562,100,100006,100,100588,100,99997,100,100639,100,99985,100
2019-06-28 09:39:40.697930125,100097,141,100069,241,100116,241,100063,241,100156,100,100062,100,100177,100,100033,100,100187,100,100023,100,100221,100,100009,100,100481,100,100008,300,100562,100,100006,100,100588,100,99997,100,100639,100,99985,100
2019-06-28 09:39:48.485483537,100097,141,100069,241,100116,241,100063,241,100156,100,100062,100,100177,100,100033,100,100187,100,100023,100,100221,100,100009,100,100481,100,100008,300,100562,100,100006,100,100588,100,99997,100,100639,100,99985,100
2019-06-28 09:39:50.000000000,100116,170,100069,170,100156,170,100063,170,100177,170,100062,170,100187,170,100033,170,100221,100,100023,100,100481,100,100009,100,100562,100,100008,300,100588,100,100006,100,100639,100,99997,100,100684,100,99985,100
2019-06-28 09:40:00.000000000,100116,156,100069,156,100156,156,100063,156,100177,156,100062,156,100187,156,100033,156,100221,156,100023,156,100481,100,100009,100,100562,100,100008,300,100588,100,100006,100,100639,100,99997,100,100684,100,99985,100
2019-06-28 09:40:05.939695663,100116,56,100069,156,100156,156,100063,156,100177,156,100062,156,100187,156,100033,156,100221,156,100023,156,100481,100,100009,100,100562,100,100008,300,100588,100,100006,100,100639,100,99997,100,100684,100,99985,100
2019-06-28 09:40:10.000000000,100156,156,100069,156,100177,156,100063,156,100187,156,100062,156,100221,156,100033,156,100481,156,100023,156,100562,100,100009,100,100588,100,100008,300,100639,100,100006,100,100684,100,99997,100,100754,100,99985,100
2019-06-28 09:40:20.000000000,100156,196,100069,196,100177,193,100063,193,100187,193,100062,193,100221,100,100033,100,100481,100,100023,100,100562,100,100009,100,100588,100,100008,300,100639,100,100006,100,100684,100,99997,100,100754,100,99985,100
2019-06-28 09:40:20.952485515,100156,96,100069,196,100177,193,100063,193,100187,193,100062,193,100221,100,100033,100,100481,100,100023,100,100562,100,100009,100,100588,100,100008,300,100639,100,100006,100,100684,100,99997,100,100754,100,99985,100
2019-06-28 09:40:24.462196579,100177,193,100156,4,100187,193,100069,196,100221,100,100063,193,100481,100,100062,193,100562,100,100033,100,100588,100,100023,100,100639,100,100009,100,100684,100,100008,300,100754,100,100006,100,100763,100,99997,100
2019-06-28 09:40:30.000000000,100177,382,100156,286,100187,100,100069,100,100221,100,100063,100,100481,100,100062,100,100562,100,100033,100,100588,100,100023,100,100639,100,100009,100,100684,100,100008,300,100754,100,100006,100,100763,100,99997,100
2019-06-28 09:40:36.832787390,100177,382,100156,386,100187,100,100069,100,100221,100,100063,100,100481,100,100062,100,100562,100,100033,100,100588,100,100023,100,100639,100,100009,100,100684,100,100008,300,100754,100,100006,100,100763,100,99997,100
2019-06-28 09:40:40.000000000,100177,196,100156,200,100187,193,100069,193,100221,193,100063,193,100481,100,100062,100,100562,100,100033,100,100588,100,100023,100,100639,100,100009,100,100684,100,100008,300,100754,100,100006,100,100763,100,99997,100
2019-06-28 09:40:50.000000000,100177,241,100156,245,100187,241,100069,241,100221,100,100063,100,100481,100,100062,100,100562,100,100033,100,100588,100,100023,100,100639,100,100009,100,100684,100,100008,300,100754,100,100006,100,100763,100,99997,100
2019-06-28 09:41:00.000000000,100177,241,100156,245,100187,241,100069,241,100221,100,100063,100,100481,100,100062,100,100562,100,100033,100,100588,100,100023,100,100639,100,100009,100,100684,100,100008,300,100754,100,100006,100,100763,100,99997,100
2019-06-28 09:41:01.935488631,100177,241,100156,245,100187,241,100069,241,100221,100,100063,100,100481,100,100062,100,100562,100,100033,100,100588,100,100023,100,100639,100,100009,100,100684,100,100008,300,100754,100,100006,100,100763,100,99997,100
2019-06-28 09:41:10.000000000,100177,241,100156,245,100187,241,100069,241,100221,100,100063,100,100481,100,100062,100,100562,100,100033,100,100588,100,100023,100,100639,100,100009,100,100684,100,100008,300,100754,100,100006,100,100763,100,99997,100
2019-06-28 09:41:11.368061292,100177,241,100156,245,100187,241,100069,241,100221,100,100063,100,100481,100,100062,100,100562,100,100033,100,100588,100,100023,100,100639,100,100009,100,100684,100,100008,300,100754,100,100006,100,100763,100,99997,100
2019-06-28 09:41:20.000000000,100177,382,100156,386,100187,100,100069,100,100221,100,100063,100,100481,100,100062,100,100562,100,100033,100,100588,100,100023,100,100639,100,100009,100,100684,100,100008,300,100754,100,100006,100,100763,100,99997,100
2019-06-28 09:41:26.327855642,100177,382,100156,386,100187,100,100069,100,100221,100,100063,100,100481,100,100062,100,100562,100,100033,100,100588,100,100023,100,100639,100,100009,100,100684,100,100008,300,100754,100,100006,100,100763,100,99997,100
2019-06-28 09:41:26.475166092,100177,382,100156,486,100187,100,100069,100,100221,100,100063,100,100481,100,100062,100,100562,100,100033,100,100588,100,100023,100,100639,100,100009,100,100684,100,100008,300,100754,100,100006,100,100763,100,99997,100
2019-06-28 09:41:30.000000000,100177,382,100156,486,100187,100,100069,100,100221,100,100063,100,100481,100,100062,100,100562,100,100033,100,100588,100,100023,100,100639,100,100009,100,100684,100,100008,300,100754,100,100006,100,100763,100,99997,100
2019-06-28 09:41:35.660276559,100177,282,100156,486,100187,100,100069,100,100221,100,100063,100,100481,100,100062,100,100562,100,100033,100,100588,100,100023,100,100639,100,100009,100,100684,100,100008,300,100754,100,100006,100,100763,100,99997,100
2019-06-28 09:41:40.000000000,100187,241,100156,345,100221,241,100069,241,100481,100,100063,100,100562,100,100062,100,100588,100,100033,100,100639,100,100023,100,100684,100,100009,100,100754,100,100008,300,100763,100,100006,100,100983,100,99997,100
2019-06-28 09:41:44.101330768,100187,241,100156,345,100221,241,100069,241,100481,100,100063,100,100562,100,100062,100,100588,100,100033,100,100639,100,100023,100,100684,100,100009,100,100754,100,100008,300,100763,100,100006,100,100983,100,99997,100
2019-06-28 09:41:50.000000000,100187,156,100156,260,100221,156,100069,156,100481,156,100063,156,100562,156,100062,156,100588,156,100033,156,100639,100,100023,100,100684,100,100009,100,100754,100,100008,300,100763,100,100006,100,100983,100,99997,100
2019-06-28 09:41:53.700318399,100187,156,100156,260,100221,156,100069,56,100481,156,100063,156,100562,156,100062,156,100588,156,100033,156,100639,100,100023,100,100684,100,100009,100,100754,100,100008,300,100763,100,100006,100,100983,100,99997,100
2019-06-28 09:42:00.000000000,100187,156,100156,260,100221,156,100063,156,100481,156,100062,156,100562,156,100033,156,100588,156,100023,156,100639,100,100009,100,100684,100,100008,300,100754,100,100006,100,100763,100,99997,100,100983,100,99985,100
2019-06-28 09:42:01.041627967,100187,156,100157,100,100221,156,100156,260,100481,156,100063,156,100562,156,100062,156,100588,156,100033,156,100639,100,100023,156,100684,100,100008,300,100754,100,100006,100,100763,100,99997,100,100983,100,99985,100
2019-06-28 09:42:05.199517125,100187,56,100157,100,100221,156,100156,260,100481,156,100063,156,100562,156,100062,156,100588,156,100033,156,100639,100,100023,156,100684,100,100008,300,100754,100,100006,100,100763,100,99997,100,100983,100,99985,100
2019-06-28 09:42:10.000000000,100221,241,100157,241,100481,241,100156,345,100562,100,100063,100,100588,100,100062,100,100639,100,100033,100,100684,100,100023,100,100754,100,100008,300,100763,100,100006,100,100983,100,99997,100,101009,100,99985,100
2019-06-28 09:42:20.000000000,100221,382,100157,382,100481,100,100156,204,100562,100,100063,100,100588,100,100062,100,100639,100,100033,100,100684,100,100023,100,100754,100,100008,300,100763,100,100006,100,100983,100,99997,100,101009,100,99985,100
2019-06-28 09:42:30.000000000,100221,382,100157,382,100481,100,100156,204,100562,100,100063,100,100588,100,100062,100,100639,100,100033,100,100684,100,100023,100,100754,100,100008,300,100763,100,100006,100,100983,100,99997,100,101009,100,99985,100
2019-06-28 09:42:34.883037148,100221,382,100157,382,100481,100,100156,204,100562,100,100063,100,100588,100,100062,100,100639,100,100033,100,100684,100,100023,100,100754,100,100008,300,100763,100,100006,100,100983,100,99997,100,101009,100,99985,100
2019-06-28 09:42:35.278173793,100221,382,100157,382,100481,100,100156,204,100562,100,100063,100,100588,100,100062,100,100639,100,100033,100,100684,100,100023,100,100754,100,100008,300,100763,100,100006,100,100983,100,99997,100,101009,100,99985,100
2019-06-28 09:42:40.000000000,100221,382,100157,382,100481,100,100156,204,100562,100,100063,100,100588,100,100062,100,100639,100,100033,100,100684,100,100023,100,100754,100,100008,300,100763,100,100006,100,100983,100,99997,100,101009,100,99985,100
2019-06-28 09:42:48.180852065,100221,382,100157,382,100481,100,100156,204,100562,100,100063,100,100588,100,100062,100,100639,100,100033,100,100744,100,100023,100,100754,100,100008,300,100763,100,100006,100,100983,100,99997,100,101009,100,99985,100
2019-06-28 09:42:50.000000000,100221,196,100157,196,100481,193,100156,297,100562,193,100063,193,100588,100,100062,100,100639,100,100033,100,100744,100,100023,100,100754,100,100008,300,100763,100,100006,100,100983,100,99997,100,101009,100,99985,100
2019-06-28 09:43:00.000000000,100221,170,100157,170,100481,170,100156,274,100562,170,100063,170,100588,170,100062,170,100639,100,100033,100,100744,100,100023,100,100754,100,100008,300,100763,100,100006,100,100983,100,99997,100,101009,100,99985,100
2019-06-28 09:43:10.000000000,100221,196,100157,196,100481,193,100156,297,100562,193,100063,193,100588,100,100062,100,100639,100,100033,100,100744,100,100023,100,100754,100,100008,300,100763,100,100006,100,100983,100,99997,100,101009,100,99985,100
2019-06-28 09:43:12.773270552,100221,196,100157,196,100481,193,100156,297,100562,193,100063,193,100588,100,100062,100,100639,100,100033,100,100744,100,100023,100,100754,100,100008,300,100763,100,99997,100,100817,100,99985,100,100983,100,99977,100
2019-06-28 09:43:20.000000000,100221,170,100157,170,100481,170,100156,274,100562,170,100063,170,100588,170,100062,170,100639,100,100033,100,100744,100,100023,100,100754,100,100008,300,100763,100,99997,100,100817,100,99985,100,100983,100,99977,100
2019-06-28 09:43:22.036929358,100221,170,100157,170,100481,170,100156,274,100562,170,100063,170,100588,170,100062,170,100639,100,100033,100,100744,100,100023,100,100754,100,100008,300,100763,100,99997,100,100817,100,99985,100,100842,100,99977,100
2019-06-28 09:43:23.394396652,100221,170,100177,100,100481,170,100157,170,100562,170,100156,274,100588,170,100063,170,100639,100,100062,170,100744,100,100033,100,100754,100,100023,100,100763,100,100008,200,100817,100,99997,100,100842,100,99985,100
2019-06-28 09:43:30.000000000,100221,241,100177,241,100481,241,100157,241,100562,100,100156,204,100588,100,100063,100,100639,100,100062,100,100744,100,100033,100,100754,100,100023,100,100763,100,100008,200,100817,100,99997,100,100842,100,99985,100
2019-06-28 09:43:32.104460902,100221,241,100177,241,100481,241,100157,241,100562,100,100156,204,100588,100,100063,100,100639,100,100062,100,100744,100,100033,100,100754,100,100023,100,100763,100,100008,200,100817,100,99997,100,100842,100,99985,100
2019-06-28 09:43:40.000000000,100221,382,100177,382,100481,100,100157,100,100562,100,100156,204,100588,100,100063,100,100639,100,100062,100,100744,100,100033,100,100754,100,100023,100,100763,100,100008,200,100817,100,99997,100,100842,100,99985,100
2019-06-28 09:43:50.000000000,100221,196,100177,196,100481,193,100157,193,100562,193,100156,297,100588,100,100063,100,100639,100,100062,100,100744,100,100033,100,100754,100,100023,100,100763,100,100008,200,100817,100,99997,100,100842,100,99985,100
2019-06-28 09:43:55.295929638,100481,193,100221,4,100562,193,100177,196,100588,100,100157,193,100639,100,100156,297,100744,100,100063,100,100754,100,100062,100,100763,100,100033,100,100817,100,100023,100,100842,100,100008,200,100871,100,99997,100
2019-06-28 09:43:56.730949699,100481,193,100221,4,100562,193,100177,196,100588,100,100157,193,100639,100,100156,297,100744,100,100063,100,100754,100,100062,100,100763,100,100033,100,100805,100,100023,100,100817,100,100008,200,100842,100,99997,100
2019-06-28 09:44:00.000000000,100481,196,100221,100,100562,193,100177,193,100588,193,100157,193,100639,100,100156,204,100744,100,100063,100,100754,100,100062,100,100763,100,100033,100,100805,100,100023,100,100817,100,100008,200,100842,100,99997,100
2019-06-28 09:44:10.000000000,100481,196,100221,100,100562,193,100177,193,100588,193,100157,193,100639,100,100156,204,100744,100,100063,100,100754,100,100062,100,100763,100,100033,100,100805,100,100023,100,100817,100,100008,200,100842,100,99997,100
2019-06-28 09:44:17.997943408,100481,196,100221,100,100562,193,100187,100,100588,193,100177,193,100639,100,100157,193,100744,100,100156,204,100754,100,100063,100,100763,100,100062,100,100805,100,100033,100,100817,100,100023,100,100842,100,100008,200
2019-06-28 09:44:18.042741594,100481,196,100221,100,100562,193,100187,100,100588,193,100177,193,100639,100,100157,193,100744,100,100156,204,100754,100,100063,100,100763,100,100062,100,100805,100,100033,100,100817,100,100023,100,100842,100,100008,200
2019-06-28 09:44:20.000000000,100481,241,100221,145,100562,241,100187,241,100588,100,100177,100,100639,100,100157,100,100744,100,100156,204,100754,100,100063,100,100763,100,100062,100,100805,100,100033,100,100817,100,100023,100,100842,100,100008,200
2019-06-28 09:44:30.000000000,100481,241,100221,145,100562,241,100187,241,100588,100,100177,100,100639,100,100157,100,100744,100,100156,204,100754,100,100063,100,100763,100,100062,100,100805,100,100033,100,100817,100,100023,100,100842,100,100008,200
2019-06-28 09:44:30.268640249,100481,241,100221,145,100562,241,100187,241,100588,100,100177,100,100639,100,100157,100,100744,100,100156,204,100754,100,100063,100,100763,100,100062,100,100805,100,100033,100,100817,100,100023,100,100842,100,100008,200
2019-06-28 09:44:40.000000000,100481,241,100221,145,100562,241,100187,241,100588,100,100177,100,100639,100,100157,100,100744,100,100156,204,100754,100,100063,100,100763,100,100062,100,100805,100,100033,100,100817,100,100023,100,100842,100,100008,200
2019-06-28 09:44:50.000000000,100481,156,100221,60,100562,156,100187,156,100588,156,100177,156,100639,156,100157,156,100744,156,100156,260,100754,100,100063,100,100763,100,100062,100,100805,100,100033,100,100817,100,100023,100,100842,100,100008,200
2019-06-28 09:45:00.000000000,100481,156,100221,60,100562,156,100187,156,100588,156,100177,156,100639,156,100157,156,100744,156,100156,260,100754,100,100063,100,100763,100,100062,100,100805,100,100033,100,100817,100,100023,100,100842,100,100008,200
2019-06-28 09:45:05.691932570,100481,156,100221,60,100562,156,100187,156,100588,156,100177,156,100639,156,100157,156,100744,156,100156,260,100754,100,100063,100,100763,100,100062,100,100805,100,100033,100,100817,100,100023,100,100842,100,100008,200
2019-06-28 09:45:10.000000000,100481,241,100221,145,100562,241,100187,241,100588,100,100177,100,100639,100,100157,100,100744,100,100156,204,100754,100,100063,100,100763,100,100062,100,100805,100,100033,100,100817,100,100023,100,100842,100,100008,200
2019-06-28 09:45:20.000000000,100481,196,100221,100,100562,193,100187,193,100588,193,100177,193,100639,100,100157,100,100744,100,100156,204,100754,100,100063,100,100763,100,100062,100,100805,100,100033,100,100817,100,100023,100,100842,100,100008,200
2019-06-28 09:45:21.245783418,100481,196,100221,100,100562,193,100187,193,100588,193,100177,193,100639,100,100157,100,100744,100,100156,204,100754,100,100063,100,100763,100,100062,100,100805,100,100033,100,100817,100,100023,100,100842,100,100008,200
2019-06-28 09:45:21.292489504,100481,96,100221,100,100562,193,100187,193,100588,193,100177,193,100639,100,100157,100,100744,100,100156,204,100754,100,100063,100,100763,100,100062,100,100805,100,100033,100,100817,100,100023,100,100842,100,100008,200
2019-06-28 09:45:24.972317484,100481,96,100221,100,100562,193,100187,193,100588,193,100177,193,100639,100,100157,100,100744,100,100156,204,100754,100,100063,100,100763,100,100062,100,100805,100,100033,100,100817,100,100023,100,100842,100,100008,200
2019-06-28 09:45:26.288197301,100481,96,100222,100,100562,193,100221,100,100588,193,100187,193,100639,100,100177,193,100744,100,100157,100,100754,100,100156,104,100763,100,100063,100,100805,100,100062,100,100817,100,100033,100,100842,100,100023,100
2019-06-28 09:45:30.000000000,100562,196,100222,196,100588,193,100221,97,100639,193,100187,193,100744,100,100177,100,100754,100,100157,100,100763,100,100156,104,100805,100,100063,100,100817,100,100062,100,100842,100,100033,100,100937,100,100023,100
2019-06-28 09:45:40.000000000,100562,382,100222,382,100588,100,100221,4,100639,100,100187,100,100744,100,100177,100,100754,100,100157,100,100763,100,100156,104,100805,100,100063,100,100817,100,100062,100,100842,100,100033,100,100937,100,100023,100
2019-06-28 09:45:50.000000000,100562,241,100222,241,100588,241,100221,145,100639,100,100187,100,100744,100,100177,100,100754,100,100157,100,100763,100,100156,104,100805,100,100063,100,100817,100,100062,100,100842,100,100033,100,100937,100,100023,100
2019-06-28 09:46:00.000000000,100562,170,100222,170,100588,170,100221,74,100639,170,100187,170,100744,170,100177,170,100754,100,100157,100,100763,100,100156,104,100805,100,100063,100,100817,100,100062,100,100842,100,100033,100,100937,100,100023,100
2019-06-28 09:46:02.494934114,100562,170,100372,100,100588,70,100222,170,100639,170,100221,74,100744,170,100187,170,100754,100,100177,170,100763,100,100157,100,100805,100,100156,104,100817,100,100063,100,100842,100,100062,100,100937,100,100033,100
2019-06-28 09:46:08.717252762,100473,100,100372,100,100562,170,100222,170,100588,70,100221,74,100639,170,100187,170,100744,170,100177,170,100754,100,100157,100,100763,100,100156,104,100805,100,100063,100,100817,100,100062,100,100842,100,100033,100
2019-06-28 09:46:10.000000000,100473,170,100372,170,100562,170,100222,170,100639,170,100221,74,100744,170,100187,170,100754,100,100177,100,100763,100,100157,100,100805,100,100156,104,100817,100,100063,100,100842,100,100062,100,100937,100,100033,100
2019-06-28 09:46:20.000000000,100473,382,100372,382,100562,100,100222,100,100639,100,100221,4,100744,100,100187,100,100754,100,100177,100,100763,100,100157,100,100805,100,100156,104,100817,100,100063,100,100842,100,100062,100,100937,100,100033,100
2019-06-28 09:46:27.704184600,100473,382,100372,382,100562,100,100222,100,100639,100,100221,4,100744,100,100187,100,100754,100,100177,100,100763,100,100157,100,100805,100,100156,104,100817,100,100063,100,100842,100,100062,100,100937,100,100033,100
2019-06-28 09:46:30.000000000,100473,170,100372,170,100562,170,100222,170,100639,170,100221,74,100744,170,100187,170,100754,100,100177,100,100763,100,100157,100,100805,100,100156,104,100817,100,100063,100,100842,100,100062,100,100937,100,100033,100
2019-06-28 09:46:31.292794776,100473,170,100372,170,100480,100,100222,170,100562,170,100221,74,100639,170,100187,170,100744,170,100177,100,100754,100,100157,100,100763,100,100156,104,100805,100,100062,100,100817,100,100033,100,100842,100,100023,100
2019-06-28 09:46:40.000000000,100473,170,100372,170,100480,170,100222,170,100562,170,100221,74,100639,170,100187,170,100744,100,100177,100,100754,100,100157,100,100763,100,100156,104,100805,100,100062,100,100817,100,100033,100,100842,100,100023,100
2019-06-28 09:46:50.000000000,100473,196,100372,196,100480,193,100222,193,100562,193,100221,97,100639,100,100187,100,100744,100,100177,100,100754,100,100157,100,100763,100,100156,104,100805,100,100062,100,100817,100,100033,100,100842,100,100023,100
2019-06-28 09:47:00.000000000,100473,382,100372,382,100480,100,100222,100,100562,100,100221,4,100639,100,100187,100,100744,100,100177,100,100754,100,100157,100,100763,100,100156,104,100805,100,100062,100,100817,100,100033,100,100842,100,100023,100
2019-06-28 09:47:10.000000000,100473,382,100372,382,100480,100,100222,100,100562,100,100221,4,100639,100,100187,100,100744,100,100177,100,100754,100,100157,100,100763,100,100156,104,100805,100,100062,100,100817,100,100033,100,100842,100,100023,100
2019-06-28 09:47:20.000000000,100473,156,100372,156,100480,156,100222,156,100562,156,100221,60,100639,156,100187,156,100744,156,100177,156,100754,100,100157,100,100763,100,100156,104,100805,100,100062,100,100817,100,100033,100,100842,100,100023,100
2019-06-28 09:47:30.000000000,100473,241,100372,241,100480,241,100222,241,100562,100,100221,4,100639,100,100187,100,100744,100,100177,100,100754,100,100157,100,100763,100,100156,104,100805,100,100062,100,100817,100,100033,100,100842,100,100023,100
2019-06-28 09:47:32.506680751,100473,241,100372,241,100480,241,100222,241,100562,100,100221,4,100639,100,100187,100,100744,100,100177,100,100754,100,100157,100,100763,100,100156,104,100805,100,100062,100,100817,100,100033,100,100842,100,100023,100
2019-06-28 09:47:40.000000000,100473,382,100372,382,100480,100,100222,100,100562,100,100221,4,100639,100,100187,100,100744,100,100177,100,100754,100,100157,100,100763,100,100156,104,100805,100,100062,100,100817,100,100033,100,100842,100,100023,100
2019-06-28 09:47:44.062890572,100473,282,100372,382,100480,100,100222,100,100562,100,100221,4,100639,100,100187,100,100744,100,100177,100,100754,100,100157,100,100763,100,100156,104,100805,100,100062,100,100817,100,100033,100,100842,100,100023,100
2019-06-28 09:47:50.000000000,100480,170,100372,170,100562,170,100222,170,100639,170,100221,74,100744,170,100187,170,100754,100,100177,100,100763,100,100157,100,100805,100,100156,104,100817,100,100062,100,100842,100,100033,100,100937,100,100023,100
2019-06-28 09:48:00.000000000,100480,196,100372,196,100562,193,100222,193,100639,193,100221,97,100744,100,100187,100,100754,100,100177,100,100763,100,100157,100,100805,100,100156,104,100817,100,100062,100,100842,100,100033,100,100937,100,100023,100
2019-06-28 09:48:00.368755180,100480,196,100372,196,100562,193,100222,193,100639,193,100221,97,100744,100,100187,100,100754,100,100177,100,100763,100,100157,100,100805,100,100156,104,100817,100,100062,100,100842,100,100033,100,100937,100,100023,100
2019-06-28 09:48:10.000000000,100480,196,100372,196,100562,193,100222,193,100639,193,100221,97,100744,100,100187,100,100754,100,100177,100,100763,100,100157,100,100805,100,100156,104,100817,100,100062,100,100842,100,100033,100,100937,100,100023,100
2019-06-28 09:48:11.311799376,100480,96,100372,196,100562,193,100222,193,100639,193,100221,97,100744,100,100187,100,100754,100,100177,100,100763,100,100157,100,100805,100,100156,104,100817,100,100062,100,100937,100,100033,100,100952,100,100023,100
2019-06-28 09:48:20.000000000,100562,241,100372,241,100639,241,100222,241,100744,100,100221,4,100754,100,100187,100,100763,100,100177,100,100805,100,100157,100,100817,100,100156,104,100937,100,100062,100,100952,100,100033,100,100983,100,100023,100
2019-06-28 09:48:30.000000000,100562,156,100372,156,100639,156,100222,156,100744,156,100221,60,100754,156,100187,156,100763,156,100177,156,100805,100,100157,100,100817,100,100156,104,100937,100,100062,100,100952,100,100033,100,100983,100,100023,100
2019-06-28 09:48:35.864904112,100562,156,100372,156,100639,156,100222,156,100744,156,100221,60,100754,156,100187,156,100763,156,100177,156,100817,100,100157,100,100937,100,100156,104,100944,100,100062,100,100952,100,100033,100,100983,100,100023,100
2019-06-28 09:48:40.000000000,100562,170,100372,170,100639,170,100222,170,100744,170,100221,74,100754,170,100187,170,100763,100,100177,100,100817,100,100157,100,100937,100,100156,104,100944,100,100062,100,100952,100,100033,100,100983,100,100023,100
2019-06-28 09:48:50.000000000,100562,382,100372,382,100639,100,100222,100,100744,100,100221,4,100754,100,100187,100,100763,100,100177,100,100817,100,100157,100,100937,100,100156,104,100944,100,100062,100,100952,100,100033,100,100983,100,100023,100
2019-06-28 09:48:58.649561108,100562,382,100372,382,100639,100,100222,100,100744,100,100221,4,100754,100,100187,100,100763,100,100177,100,100790,100,100157,100,100817,100,100156,104,100937,100,100062,100,100944,100,100033,100,100952,100,100023,100
2019-06-28 09:49:00.000000000,100562,241,100372,241,100639,241,100222,241,100744,100,100221,4,100754,100,100187,100,100763,100,100177,100,100790,100,100157,100,100817,100,100156,104,100937,100,100062,100,100944,100,100033,100,100952,100,100023,100
2019-06-28 09:49:10.000000000,100562,241,100372,241,100639,241,100222,241,100744,100,100221,4,100754,100,100187,100,100763,100,100177,100,100790,100,100157,100,100817,100,100156,104,100937,100,100062,100,100944,100,100033,100,100952,100,100023,100
2019-06-28 09:49:20.000000000,100562,382,100372,382,100639,100,100222,100,100744,100,100221,4,100754,100,100187,100,100763,100,100177,100,100790,100,100157,100,100817,100,100156,104,100937,100,100062,100,100944,100,100033,100,100952,100,100023,100
2019-06-28 09:49:29.119967806,100562,382,100458,100,100639,100,100372,382,100744,100,100222,100,100754,100,100221,4,100763,100,100187,100,100790,100,100177,100,100817,100,100157,100,100937,100,100156,104,100944,100,100062,100,100952,100,100033,100
2019-06-28 09:49:30.000000000,100562,241,100458,241,100639,241,100372,241,100744,100,100222,100,100754,100,100221,4,100763,100,100187,100,100790,100,100177,100,100817,100,100157,100,100937,100,100156,104,100944,100,100062,100,100952,100,100033,100
2019-06-28 09:49:40.000000000,100562,156,100458,156,100639,156,100372,156,100744,156,100222,156,100754,156,100221,60,100763,156,100187,156,100790,100,100177,100,100817,100,100157,100,100937,100,100156,104,100944,100,100062,100,100952,100,100033,100
2019-06-28 09:49:50.000000000,100562,382,100458,382,100639,100,100372,100,100744,100,100222,100,100754,100,100221,4,100763,100,100187,100,100790,100,100177,100,100817,100,100157,100,100937,100,100156,104,100944,100,100062,100,100952,100,100033,100
2019-06-28 09:50:00.000000000,100562,241,100458,241,100639,241,100372,241,100744,100,100222,100,100754,100,100221,4,100763,100,100187,100,100790,100,100177,100,100817,100,100157,100,100937,100,100156,104,100944,100,100062,100,100952,100,100033,100
2019-06-28 09:50:10.000000000,100562,170,100458,170,100639,170,100372,170,100744,170,100222,170,100754,170,100221,74,100763,100,100187,100,100790,100,100177,100,100817,100,100157,100,100937,100,100156,104,100944,100,100062,100,100952,100,100033,100
2019-06-28 09:50:20.000000000,100562,170,100458,170,100639,170,100372,170,100744,170,100222,170,100754,170,100221,74,100763,100,100187,100,100790,100,100177,100,100817,100,100157,100,100937,100,100156,104,100944,100,100062,100,100952,100,100033,100
2019-06-28 09:50:30.000000000,100562,156,100458,156,100639,156,100372,156,100744,156,100222,156,100754,156,100221,60,100763,156,100187,156,100790,100,100177,100,100817,100,100157,100,100937,100,100156,104,100944,100,100062,100,100952,100,100033,100
2019-06-28 09:50:40.000000000,100562,382,100458,382,100639,100,100372,100,100744,100,100222,100,100754,100,100221,4,100763,100,100187,100,100790,100,100177,100,100817,100,100157,100,100937,100,100156,104,100944,100,100062,100,100952,100,100033,100
2019-06-28 09:50:41.345928835,100562,382,100458,382,100639,100,100372,100,100744,100,100221,4,100754,100,100187,100,100763,100,100177,100,100790,100,100157,100,100817,100,100156,104,100937,100,100062,100,100944,100,100033,100,100952,100,100023,100
2019-06-28 09:50:50.000000000,100562,156,100458,156,100639,156,100372,156,100744,156,100221,60,100754,156,100187,156,100763,156,100177,156,100790,100,100157,100,100817,100,100156,104,100937,100,100062,100,100944,100,100033,100,100952,100,100023,100
2019-06-28 09:51:00.000000000,100562,241,100458,241,100639,241,100372,241,100744,100,100221,4,100754,100,100187,100,100763,100,100177,100,100790,100,100157,100,100817,100,100156,104,100937,100,100062,100,100944,100,100033,100,100952,100,100023,100
2019-06-28 09:51:07.089028752,100562,241,100458,241,100639,241,100372,241,100744,100,100221,4,100754,100,100187,100,100763,100,100177,100,100790,100,100157,100,100817,100,100156,104,100937,100,100062,100,100944,100,100033,100,100952,100,100023,100
2019-06-28 09:51:10.000000000,100562,382,100458,382,100639,100,100372,100,100744,100,100221,4,100754,100,100187,100,100763,100,100177,100,100790,100,100157,100,100817,100,100156,104,100937,100,100062,100,100944,100,100033,100,100952,100,100023,100
2019-06-28 09:51:16.674512381,100562,382,100458,382,100639,100,100372,100,100744,100,100221,4,100754,100,100187,100,100763,100,100177,100,100790,100,100157,100,100817,100,100156,104,100937,100,100062,100,100944,100,100033,100,100952,100,100023,100
2019-06-28 09:51:20.000000000,100562,170,100458,170,100639,170,100372,170,100744,170,100221,74,100754,170,100187,170,100763,100,100177,100,100790,100,100157,100,100817,100,100156,104,100937,100,100062,100,100944,100,100033,100,100952,100,100023,100
2019-06-28 09:51:30.000000000,100562,170,100458,170,100639,170,100372,170,100744,170,100221,74,100754,170,100187,170,100763,100,100177,100,100790,100,100157,100,100817,100,100156,104,100937,100,100062,100,100944,100,100033,100,100952,100,100023,100
2019-06-28 09:51:40.000000000,100562,196,100458,196,100639,193,100372,193,100744,193,100221,97,100754,100,100187,100,100763,100,100177,100,100790,100,100157,100,100817,100,100156,104,100937,100,100062,100,100944,100,100033,100,100952,100,100023,100
2019-06-28 09:51:50.000000000,100562,156,100458,156,100639,156,100372,156,100744,156,100221,60,100754,156,100187,156,100763,156,100177,156,100790,100,100157,100,100817,100,100156,104,100937,100,100062,100,100944,100,100033,100,100952,100,100023,100
2019-06-28 09:52:00.000000000,100562,241,100458,241,100639,241,100372,241,100744,100,100221,4,100754,100,100187,100,100763,100,100177,100,100790,100,100157,100,100817,100,100156,104,100937,100,100062,100,100944,100,100033,100,100952,100,100023,100
2019-06-28 09:52:03.774099351,100562,241,100458,241,100639,241,100372,241,100744,100,100221,4,100754,100,100197,100,100763,100,100187,100,100790,100,100177,100,100817,100,100157,100,100937,100,100156,104,100944,100,100062,100,100952,100,100033,100
2019-06-28 09:52:10.000000000,100562,170,100458,170,100639,170,100372,170,100744,170,100221,74,100754,170,100197,170,100763,100,100187,100,100790,100,100177,100,100817,100,100157,100,100937,100,100156,104,100944,100,100062,100,100952,100,100033,100
2019-06-28 09:52:20.000000000,100562,382,100458,382,100639,100,100372,100,100744,100,100221,4,100754,100,100197,100,100763,100,100187,100,100790,100,100177,100,100817,100,100157,100,100937,100,100156,104,100944,100,100062,100,100952,100,100033,100
2019-06-28 09:52:22.353613128,100553,100,100458,382,100562,382,100372,100,100639,100,100221,4,100744,100,100197,100,100754,100,100187,100,100763,100,100177,100,100790,100,100157,100,100817,100,100156,104,100937,100,100062,100,100944,100,100033,100
2019-06-28 09:52:22.659145253,100553,100,100458,382,100562,382,100405,100,100639,100,100372,100,100744,100,100221,4,100754,100,100197,100,100763,100,100187,100,100790,100,100177,100,100817,100,100157,100,100937,100,100156,104,100944,100,100062,100
2019-06-28 09:52:25.532794022,100553,100,100473,100,100562,382,100458,382,100639,100,100405,100,100744,100,100372,100,100754,100,100221,4,100763,100,100197,100,100790,100,100187,100,100817,100,100177,100,100937,100,100157,100,100944,100,100156,104
2019-06-28 09:52:30.000000000,100553,170,100473,170,100562,170,100458,170,100639,170,100405,170,100744,170,100372,170,100754,100,100221,4,100763,100,100197,100,100790,100,100187,100,100817,100,100177,100,100937,100,100157,100,100944,100,100156,104
2019-06-28 09:52:40.000000000,100553,196,100473,196,100562,193,100458,193,100639,193,100405,193,100744,100,100372,100,100754,100,100221,4,100763,100,100197,100,100790,100,100187,100,100817,100,100177,100,100937,100,100157,100,100944,100,100156,104
2019-06-28 09:52:50.000000000,100553,156,100473,156,100562,156,100458,156,100639,156,100405,156,100744,156,100372,156,100754,156,100221,60,100763,100,100197,100,100790,100,100187,100,100817,100,100177,100,100937,100,100157,100,100944,100,100156,104
2019-06-28 09:53:00.000000000,100553,241,100473,241,100562,241,100458,241,100639,100,100405,100,100744,100,100372,100,100754,100,100221,4,100763,100,100197,100,100790,100,100187,100,100817,100,100177,100,100937,100,100157,100,100944,100,100156,104
2019-06-28 09:53:01.361308316,100553,241,100473,141,100562,241,100458,241,100639,100,100405,100,100744,100,100372,100,100754,100,100221,4,100763,100,100197,100,100790,100,100187,100,100817,100,100177,100,100937,100,100157,100,100944,100,100156,100
2019-06-28 09:53:04.557246173,100516,100,100473,141,100553,241,100458,241,100562,241,100405,100,100639,100,100372,100,100744,100,100221,4,100754,100,100197,100,100763,100,100187,100,100790,100,100177,100,100817,100,100157,100,100937,100,100156,100
2019-06-28 09:53:10.000000000,100516,156,100458,156,100553,156,100405,156,100562,156,100372,156,100639,156,100221,60,100744,156,100197,156,100754,100,100187,100,100763,100,100177,100,100790,100,100157,100,100817,100,100156,100,100937,100,100033,100
2019-06-28 09:53:20.000000000,100516,196,100458,196,100553,193,100405,193,100562,193,100372,193,100639,100,100221,4,100744,100,100197,100,100754,100,100187,100,100763,100,100177,100,100790,100,100157,100,100817,100,100156,100,100937,100,100033,100
2019-06-28 09:53:30.000000000,100516,156,100458,156,100553,156,100405,156,100562,156,100372,156,100639,156,100221,60,100744,156,100197,156,100754,100,100187,100,100763,100,100177,100,100790,100,100157,100,100817,100,100156,100,100937,100,100033,100
2019-06-28 09:53:40.000000000,100516,382,100458,382,100553,100,100405,100,100562,100,100372,100,100639,100,100221,4,100744,100,100197,100,100754,100,100187,100,100763,100,100177,100,100790,100,100157,100,100817,100,100156,100,100937,100,100033,100
2019-06-28 09:53:40.001302879,100479,100,100458,382,100516,382,100405,100,100553,100,100372,100,100562,100,100221,4,100639,100,100197,100,100744,100,100187,100,100754,100,100177,100,100763,100,100157,100,100790,100,100156,100,100817,100,100033,100
2019-06-28 09:53:50.000000000,100479,170,100458,170,100516,170,100405,170,100553,170,100372,170,100562,170,100221,74,100639,100,100197,100,100744,100,100187,100,100754,100,100177,100,100763,100,100157,100,100790,100,100156,100,100817,100,100033,100
2019-06-28 09:54:00.000000000,100479,156,100458,156,100516,156,100405,156,100553,156,100372,156,100562,156,100221,60,100639,156,100197,156,100744,100,100187,100,100754,100,100177,100,100763,100,100157,100,100790,100,100156,100,100817,100,100033,100
2019-06-28 09:54:10.000000000,100479,170,100458,170,100516,170,100405,170,100553,170,100372,170,100562,170,100221,74,100639,100,100197,100,100744,100,100187,100,100754,100,100177,100,100763,100,100157,100,100790,100,100156,100,100817,100,100033,100
2019-06-28 09:54:20.000000000,100479,156,100458,156,100516,156,100405,156,100553,156,100372,156,100562,156,100221,60,100639,156,100197,156,100744,100,100187,100,100754,100,100177,100,100763,100,100157,100,100790,100,100156,100,100817,100,100033,100
2019-06-28 09:54:25.812239785,100479,156,100458,156,100516,156,100405,156,100553,156,100372,156,100562,156,100221,60,100639,156,100197,156,100744,100,100187,100,100754,100,100177,100,100763,100,100157,100,100790,100,100156,100,100817,100,100033,100
2019-06-28 09:54:30.000000000,100479,156,100458,156,100516,156,100405,156,100553,156,100372,156,100562,156,100221,60,100639,156,100197,156,100744,100,100187,100,100754,100,100177,100,100763,100,100157,100,100790,100,100156,100,100817,100,100033,100
2019-06-28 09:54:40.000000000,100479,196,100458,196,100516,193,100405,193,100553,193,100372,193,100562,100,100221,4,100639,100,100197,100,100744,100,100187,100,100754,100,100177,100,100763,100,100157,100,100790,100,100156,100,100817,100,100033,100
2019-06-28 09:54:50.000000000,100479,382,100458,382,100516,100,100405,100,100553,100,100372,100,100562,100,100221,4,100639,100,100197,100,100744,100,100187,100,100754,100,100177,100,100763,100,100157,100,100790,100,100156,100,100817,100,100033,100
2019-06-28 09:54:56.890906084,100479,282,100458,382,100516,100,100405,100,100553,100,100372,100,100562,100,100221,4,100639,100,100197,100,100744,100,100187,100,100754,100,100177,100,100763,100,100157,100,100790,100,100156,100,100817,100,100033,100
2019-06-28 09:54:58.381488743,100479,282,100474,100,100516,100,100458,382,100553,100,100405,100,100562,100,100372,100,100639,100,100221,4,100744,100,100197,100,100754,100,100187,100,100763,100,100177,100,100790,100,100157,100,100817,100,100156,100
2019-06-28 09:55:00.000000000,100516,241,100474,241,100553,241,100458,241,100562,100,100405,100,100639,100,100372,100,100744,100,100221,4,100754,100,100197,100,100763,100,100187,100,100790,100,100177,100,100817,100,100157,100,100937,100,100156,100
2019-06-28 09:55:10.000000000,100516,241,100474,241,100553,241,100458,241,100562,100,100405,100,100639,100,100372,100,100744,100,100221,4,100754,100,100197,100,100763,100,100187,100,100790,100,100177,100,100817,100,100157,100,100937,100,100156,100
2019-06-28 09:55:20.000000000,100516,382,100474,382,100553,100,100458,100,100562,100,100405,100,100639,100,100372,100,100744,100,100221,4,100754,100,100197,100,100763,100,100187,100,100790,100,100177,100,100817,100,100157,100,100937,100,100156,100
2019-06-28 09:55:30.000000000,100516,382,100474,382,100553,100,100458,100,100562,100,100405,100,100639,100,100372,100,100744,100,100221,4,100754,100,100197,100,100763,100,100187,100,100790,100,100177,100,100817,100,100157,100,100937,100,100156,100
2019-06-28 09:55:40.000000000,100516,241,100474,241,100553,241,100458,241,100562,100,100405,100,100639,100,100372,100,100744,100,100221,4,100754,100,100197,100,100763,100,100187,100,100790,100,100177,100,100817,100,100157,100,100937,100,100156,100
2019-06-28 09:55:50.000000000,100516,382,100474,382,100553,100,100458,100,100562,100,100405,100,100639,100,100372,100,100744,100,100221,4,100754,100,100197,100,100763,100,100187,100,100790,100,100177,100,100817,100,100157,100,100937,100,100156,100
2019-06-28 09:56:00.000000000,100516,156,100474,156,100553,156,100458,156,100562,156,100405,156,100639,156,100372,156,100744,156,100221,60,100754,100,100197,100,100763,100,100187,100,100790,100,100177,100,100817,100,100157,100,100937,100,100156,100
2019-06-28 09:56:10.000000000,100516,241,100474,241,100553,241,100458,241,100562,100,100405,100,100639,100,100372,100,100744,100,100221,4,100754,100,100197,100,100763,100,100187,100,100790,100,100177,100,100817,100,100157,100,100937,100,100156,100
2019-06-28 09:56:17.685426709,100516,141,100474,241,100553,241,100458,241,100562,100,100405,100,100639,100,100372,100,100744,100,100221,4,100754,100,100197,100,100763,100,100187,100,100790,100,100177,100,100817,100,100157,100,100937,100,100156,100
2019-06-28 09:56:19.288183453,100516,141,100474,241,100553,241,100458,241,100562,100,100405,100,100639,100,100372,100,100744,100,100221,4,100754,100,100197,100,100763,100,100187,100,100790,100,100177,100,100817,100,100157,100,100937,100,100156,100
2019-06-28 09:56:20.000000000,100553,241,100474,241,100562,241,100458,241,100639,100,100405,100,100744,100,100372,100,100754,100,100221,4,100763,100,100197,100,100790,100,100187,100,100817,100,100177,100,100937,100,100157,100,100944,100,100156,100
2019-06-28 09:56:30.000000000,100553,170,100474,170,100562,170,100458,170,100639,170,100405,170,100744,170,100372,170,100754,100,100221,4,100763,100,100197,100,100790,100,100187,100,100817,100,100177,100,100937,100,100157,100,100944,100,100156,100
2019-06-28 09:56:33.162473785,100553,170,100474,170,100562,170,100458,170,100639,170,100405,170,100744,170,100372,170,100754,100,100197,100,100763,100,100187,100,100790,100,100177,100,100817,100,100157,100,100937,100,100156,100,100944,100,100033,100
2019-06-28 09:56:40.000000000,100553,170,100474,170,100562,170,100458,170,100639,170,100405,170,100744,170,100372,170,100754,100,100197,100,100763,100,100187,100,100790,100,100177,100,100817,100,100157,100,100937,100,100156,100,100944,100,100033,100
2019-06-28 09:56:50.000000000,100553,241,100474,241,100562,241,100458,241,100639,100,100405,100,100744,100,100372,100,100754,100,100197,100,100763,100,100187,100,100790,100,100177,100,100817,100,100157,100,100937,100,100156,100,100944,100,100033,100
2019-06-28 09:57:00.000000000,100553,170,100474,170,100562,170,100458,170,100639,170,100405,170,100744,170,100372,170,100754,100,100197,100,100763,100,100187,100,100790,100,100177,100,100817,100,100157,100,100937,100,100156,100,100944,100,100033,100
2019-06-28 09:57:06.584062490,100553,170,100474,170,100562,170,100458,170,100639,170,100405,170,100744,170,100372,170,100754,100,100197,100,100763,100,100187,100,100790,100,100177,100,100817,100,100157,100,100937,100,100156,100,100944,100,100033,100
2019-06-28 09:57:10.000000000,100553,382,100474,382,100562,100,100458,100,100639,100,100405,100,100744,100,100372,100,100754,100,100197,100,100763,100,100187,100,100790,100,100177,100,100817,100,100157,100,100937,100,100156,100,100944,100,100033,100
2019-06-28 09:57:14.543006222,100553,382,100474,382,100562,100,100458,100,100639,100,100372,100,100744,100,100197,100,100754,100,100187,100,100763,100,100177,100,100790,100,100157,100,100817,100,100156,100,100933,100,100033,100,100937,100,100023,100
2019-06-28 09:57:20.000000000,100553,382,100474,382,100562,100,100458,100,100639,100,100372,100,100744,100,100197,100,100754,100,100187,100,100763,100,100177,100,100790,100,100157,100,100817,100,100156,100,100933,100,100033,100,100937,100,100023,100
2019-06-28 09:57:30.000000000,100553,241,100474,241,100562,241,100458,241,100639,100,100372,100,100744,100,100197,100,100754,100,100187,100,100763,100,100177,100,100790,100,100157,100,100817,100,100156,100,100933,100,100033,100,100937,100,100023,100
2019-06-28 09:57:40.000000000,100553,156,100474,156,100562,156,100458,156,100639,156,100372,156,100744,156,100197,156,100754,156,100187,156,100763,100,100177,100,100790,100,100157,100,100817,100,100156,100,100933,100,100033,100,100937,100,100023,100
2019-06-28 09:57:50.000000000,100553,170,100474,170,100562,170,100458,170,100639,170,100372,170,100744,170,100197,170,100754,100,100187,100,100763,100,100177,100,100790,100,100157,100,100817,100,100156,100,100933,100,100033,100,100937,100,100023,100
2019-06-28 09:57:58.891388649,100553,170,100525,100,100562,170,100474,170,100639,170,100458,170,100744,170,100372,170,100754,100,100197,170,100763,100,100187,100,100790,100,100177,100,100817,100,100157,100,100933,100,100156,100,100937,100,100033,100
2019-06-28 09:58:00.000000000,100553,196,100525,196,100562,193,100474,193,100639,193,100458,193,100744,100,100372,100,100754,100,100197,100,100763,100,100187,100,100790,100,100177,100,100817,100,100157,100,100933,100,100156,100,100937,100,100033,100
2019-06-28 09:58:10.000000000,100553,241,100525,241,100562,241,100474,241,100639,100,100458,100,100744,100,100372,100,100754,100,100197,100,100763,100,100187,100,100790,100,100177,100,100817,100,100157,100,100933,100,100156,100,100937,100,100033,100
2019-06-28 09:58:12.333770834,100553,241,100525,241,100562,241,100474,241,100639,100,100458,100,100744,100,100372,100,100754,100,100197,100,100763,100,100187,100,100790,100,100177,100,100817,100,100157,100,100833,100,100156,100,100933,100,100033,100
2019-06-28 09:58:13.928765651,100553,141,100525,241,100562,241,100474,241,100639,100,100458,100,100744,100,100372,100,100754,100,100197,100,100763,100,100187,100,100790,100,100177,100,100817,100,100157,100,100833,100,100156,100,100933,100,100033,100
2019-06-28 09:58:20.000000000,100562,196,100525,196,100639,193,100474,193,100744,193,100458,193,100754,100,100372,100,100763,100,100197,100,100790,100,100187,100,100817,100,100177,100,100833,100,100157,100,100933,100,100156,100,100937,100,100033,100
2019-06-28 09:58:26.195746808,100562,196,100525,196,100639,193,100474,193,100744,193,100458,193,100754,100,100372,100,100763,100,100197,100,100790,100,100187,100,100815,100,100177,100,100817,100,100157,100,100833,100,100156,100,100933,100,100033,100
2019-06-28 09:58:27.865826134,100562,96,100525,196,100639,193,100474,193,100744,193,100458,193,100754,100,100372,100,100763,100,100197,100,100790,100,100187,100,100815,100,100177,100,100817,100,100157,100,100833,100,100156,100,100933,100,100033,100
2019-06-28 09:58:30.000000000,100639,170,100525,170,100744,170,100474,170,100754,170,100458,170,100763,170,100372,170,100790,100,100197,100,100815,100,100187,100,100817,100,100177,100,100833,100,100157,100,100933,100,100156,100,100937,100,100033,100
2019-06-28 09:58:36.860599454,100639,70,100525,170,100744,170,100474,170,100754,170,100458,170,100763,170,100372,170,100790,100,100197,100,100815,100,100187,100,100817,100,100177,100,100833,100,100157,100,100933,100,100156,100,100937,100,100033,100
2019-06-28 09:58:40.000000000,100744,170,100525,170,100754,170,100474,170,100763,170,100458,170,100790,170,100372,170,100815,100,100197,100,100817,100,100187,100,100833,100,100177,100,100933,100,100157,100,100937,100,100156,100,100944,100,100033,100
2019-06-28 09:58:50.000000000,100744,170,100525,170,100754,170,100474,170,100763,170,100458,170,100790,170,100372,170,100815,100,100197,100,100817,100,100187,100,100833,100,100177,100,100933,100,100157,100,100937,100,100156,100,100944,100,100033,100
2019-06-28 09:58:51.576591799,100744,170,100525,170,100754,170,100474,170,100763,170,100458,170,100790,170,100372,170,100815,100,100368,100,100817,100,100197,100,100833,100,100187,100,100937,100,100177,100,100944,100,100157,100,100946,100,100156,100
2019-06-28 09:59:00.000000000,100744,241,100525,241,100754,241,100474,241,100763,100,100458,100,100790,100,100372,100,100815,100,100368,100,100817,100,100197,100,100833,100,100187,100,100937,100,100177,100,100944,100,100157,100,100946,100,100156,100
2019-06-28 09:59:03.890186111,100744,241,100538,100,100754,241,100525,241,100763,100,100474,241,100790,100,100458,100,100815,100,100372,100,100817,100,100368,100,100833,100,100197,100,100937,100,100187,100,100944,100,100177,100,100946,100,100157,100
2019-06-28 09:59:06.409698619,100744,241,100538,100,100754,241,100525,241,100763,100,100474,241,100790,100,100458,100,100815,100,100372,100,100817,100,100368,100,100833,100,100197,200,100937,100,100187,100,100944,100,100177,100,100946,100,100157,100
2019-06-28 09:59:10.000000000,100744,382,100538,382,100754,100,100525,100,100763,100,100474,100,100790,100,100458,100,100815,100,100372,100,100817,100,100368,100,100833,100,100197,200,100937,100,100187,100,100944,100,100177,100,100946,100,100157,100
2019-06-28 09:59:15.161505618,100744,382,100538,382,100754,100,100525,100,100763,100,100474,100,100790,100,100458,100,100815,100,100372,100,100817,100,100368,100,100937,100,100222,100,100944,100,100197,200,100946,100,100187,100,100960,100,100177,100
2019-06-28 09:59:20.000000000,100744,156,100538,156,100754,156,100525,156,100763,156,100474,156,100790,156,100458,156,100815,156,100372,156,100817,100,100368,100,100937,100,100222,100,100944,100,100197,200,100946,100,100187,100,100960,100,100177,100
2019-06-28 09:59:22.838775602,100591,100,100538,156,100744,156,100525,156,100754,156,100474,156,100763,156,100458,156,100790,156,100372,156,100815,156,100368,100,100817,100,100222,100,100937,100,100197,200,100944,100,100187,100,100946,100,100177,100
2019-06-28 09:59:25.265274233,100591,100,100538,156,100744,156,100525,156,100754,156,100505,100,100763,156,100474,156,100790,156,100458,156,100815,156,100372,156,100817,100,100368,100,100937,100,100222,100,100944,100,100197,200,100946,100,100187,100
2019-06-28 09:59:26.777048646,100591,100,100538,156,100744,156,100525,156,100754,156,100505,100,100763,56,100474,156,100785,100,100458,156,100790,156,100372,156,100815,156,100368,100,100817,100,100222,100,100937,100,100197,200,100944,100,100187,100
2019-06-28 09:59:30.000000000,100591,196,100538,196,100744,193,100525,193,100754,193,100505,193,100785,100,100474,100,100790,100,100458,100,100815,100,100372,100,100817,100,100368,100,100937,100,100222,100,100944,100,100197,200,100946,100,100187,100
2019-06-28 09:59:40.000000000,100591,382,100538,382,100744,100,100525,100,100754,100,100505,100,100785,100,100474,100,100790,100,100458,100,100815,100,100372,100,100817,100,100368,100,100937,100,100222,100,100944,100,100197,200,100946,100,100187,100
2019-06-28 09:59:50.000000000,100591,241,100538,241,100744,241,100525,241,100754,100,100505,100,100785,100,100474,100,100790,100,100458,100,100815,100,100372,100,100817,100,100368,100,100937,100,100222,100,100944,100,100197,200,100946,100,100187,100
2019-06-28 09:59:55.016615718,100570,100,100538,241,100591,241,100525,241,100744,241,100505,100,100785,100,100474,100,100790,100,100458,100,100815,100,100372,100,100817,100,100368,100,100937,100,100222,100,100944,100,100197,200,100946,100,100187,100
2019-06-28 09:59:57.250522916,100570,100,100538,241,100591,241,100525,241,100638,100,100505,100,100744,241,100474,100,100785,100,100458,100,100790,100,100372,100,100815,100,100368,100,100817,100,100222,100,100937,100,100197,200,100944,100,100187,100
2019-06-28 10:00:00.000000000,100570,241,100538,241,100591,241,100525,241,100638,100,100505,100,100744,100,100474,100,100785,100,100458,100,100790,100,100372,100,100815,100,100368,100,100817,100,100222,100,100937,100,100197,200,100944,100,100187,100
2019-06-28 10:00:10.000000000,100570,196,100538,196,100591,193,100525,193,100638,193,100505,193,100744,100,100474,100,100785,100,100458,100,100790,100,100372,100,100815,100,100368,100,100817,100,100222,100,100937,100,100197,200,100944,100,100187,100
2019-06-28 10:00:15.362558634,100570,196,100538,196,100591,193,100525,193,100638,193,100505,193,100698,100,100474,100,100744,100,100458,100,100785,100,100372,100,100790,100,100368,100,100815,100,100222,100,100817,100,100197,200,100937,100,100187,100
2019-06-28 10:00:19.476232098,100570,196,100538,196,100591,193,100525,193,100638,293,100505,193,100698,100,100474,100,100744,100,100458,100,100785,100,100372,100,100790,100,100368,100,100815,100,100222,100,100817,100,100197,200,100937,100,100187,100
2019-06-28 10:00:20.000000000,100570,241,100538,241,100591,241,100525,241,100638,200,100505,100,100698,100,100474,100,100744,100,100458,100,100785,100,100372,100,100790,100,100368,100,100815,100,100222,100,100817,100,100197,200,100937,100,100187,100
2019-06-28 10:00:30.000000000,100570,382,100538,382,100591,100,100525,100,100638,200,100505,100,100698,100,100474,100,100744,100,100458,100,100785,100,100372,100,100790,100,100368,100,100815,100,100222,100,100817,100,100197,200,100937,100,100187,100
2019-06-28 10:00:40.000000000,100570,382,100538,382,100591,100,100525,100,100638,200,100505,100,100698,100,100474,100,100744,100,100458,100,100785,100,100372,100,100790,100,100368,100,100815,100,100222,100,100817,100,100197,200,100937,100,100187,100
2019-06-28 10:00:41.784217551,100570,382,100538,282,100591,100,100525,100,100638,200,100505,100,100698,100,100474,100,100744,100,100458,100,100785,100,100372,100,100790,100,100368,100,100815,100,100222,100,100817,100,100197,200,100937,100,100187,100
2019-06-28 10:00:43.464992023,100570,382,100547,100,100591,100,100538,282,100638,200,100525,100,100698,100,100505,100,100744,100,100474,100,100785,100,100458,100,100790,100,100372,100,100815,100,100368,100,100817,100,100222,100,100937,100,100197,200
2019-06-28 10:00:50.000000000,100570,196,100547,196,100591,193,100525,193,100638,293,100505,193,100698,100,100474,100,100744,100,100458,100,100785,100,100372,100,100790,100,100368,100,100815,100,100222,100,100817,100,100197,200,100937,100,100187,100
2019-06-28 10:00:53.105033504,100570,196,100547,196,100591,193,100525,193,100638,293,100505,93,100698,100,100474,100,100744,100,100458,100,100785,100,100372,100,100790,100,100368,100,100815,100,100222,100,100817,100,100197,200,100868,100,100187,100
2019-06-28 10:00:54.640330624,100570,196,100547,196,100591,193,100539,100,100638,293,100525,193,100698,100,100505,93,100744,100,100474,100,100785,100,100458,100,100790,100,100372,100,100815,100,100368,100,100817,100,100222,100,100868,100,100197,200
2019-06-28 10:01:00.000000000,100570,241,100547,241,100591,241,100539,241,100638,200,100525,100,100698,100,100474,100,100744,100,100458,100,100785,100,100372,100,100790,100,100368,100,100815,100,100222,100,100817,100,100197,200,100868,100,100187,100
2019-06-28 10:01:10.000000000,100570,170,100547,170,100591,170,100539,170,100638,270,100525,170,100698,170,100474,170,100744,100,100458,100,100785,100,100372,100,100790,100,100368,100,100815,100,100222,100,100817,100,100197,200,100868,100,100187,100
2019-06-28 10:01:12.992550622,100570,170,100547,170,100591,170,100539,170,100638,270,100525,170,100698,170,100474,170,100744,100,100458,100,100785,100,100372,100,100790,100,100222,100,100815,100,100197,200,100817,100,100187,100,100839,100,100177,100
2019-06-28 10:01:15.645086479,100570,170,100547,170,100591,170,100539,270,100638,270,100525,170,100698,170,100474,170,100744,100,100458,100,100785,100,100372,100,100790,100,100222,100,100815,100,100197,200,100817,100,100187,100,100839,100,100177,100
2019-06-28 10:01:20.000000000,100570,156,100547,156,100591,156,100539,256,100638,256,100525,156,100698,156,100474,156,100744,156,100458,156,100785,100,100372,100,100790,100,100222,100,100815,100,100197,200,100817,100,100187,100,100839,100,100177,100
2019-06-28 10:01:24.330116678,100570,156,100547,156,100591,156,100539,256,100638,256,100525,156,100698,156,100474,156,100744,156,100458,156,100785,100,100372,100,100790,100,100222,100,100815,100,100197,200,100817,100,100187,100,100839,100,100177,100
2019-06-28 10:01:29.819168444,100570,56,100547,156,100591,156,100539,256,100638,256,100525,156,100698,156,100474,156,100744,156,100458,156,100785,100,100372,100,100790,100,100222,100,100815,100,100197,200,100817,100,100187,100,100839,100,100177,100
2019-06-28 10:01:30.000000000,100591,170,100547,170,100638,270,100539,270,100698,170,100525,170,100744,170,100474,170,100785,100,100458,100,100790,100,100372,100,100815,100,100222,100,100817,100,100197,200,100839,100,100187,100,100868,100,100177,100
2019-06-28 10:01:40.000000000,100591,196,100547,196,100638,293,100539,293,100698,193,100525,193,100744,100,100474,100,100785,100,100458,100,100790,100,100372,100,100815,100,100222,100,100817,100,100197,200,100839,100,100187,100,100868,100,100177,100
2019-06-28 10:01:50.000000000,100591,156,100547,156,100638,256,100539,256,100698,156,100525,156,100744,156,100474,156,100785,156,100458,156,100790,100,100372,100,100815,100,100222,100,100817,100,100197,200,100839,100,100187,100,100868,100,100177,100
2019-06-28 10:02:00.000000000,100591,241,100547,241,100638,341,100539,341,100698,100,100525,100,100744,100,100474,100,100785,100,100458,100,100790,100,100372,100,100815,100,100222,100,100817,100,100197,200,100839,100,100187,100,100868,100,100177,100
2019-06-28 10:02:01.471655962,100591,241,100547,241,100638,341,100539,341,100698,100,100525,100,100744,100,100474,100,100785,100,100458,100,100790,100,100372,100,100815,100,100222,100,100817,100,100197,200,100839,100,100177,100,100868,100,100033,100
2019-06-28 10:02:10.000000000,100591,382,100547,382,100638,200,100539,200,100698,100,100525,100,100744,100,100474,100,100785,100,100458,100,100790,100,100372,100,100815,100,100222,100,100817,100,100197,200,100839,100,100177,100,100868,100,100033,100
2019-06-28 10:02:12.066310620,100591,382,100547,382,100638,200,100539,200,100698,100,100525,100,100744,100,100474,100,100785,100,100458,100,100790,100,100372,100,100815,100,100222,100,100817,100,100197,100,100839,100,100177,100,100868,100,100033,100
2019-06-28 10:02:20.000000000,100591,382,100547,382,100638,200,100539,200,100698,100,100525,100,100744,100,100474,100,100785,100,100458,100,100790,100,100372,100,100815,100,100222,100,100817,100,100197,100,100839,100,100177,100,100868,100,100033,100
2019-06-28 10:02:27.505944518,100591,382,100547,382,100638,200,100539,200,100661,100,100525,100,100744,100,100474,100,100785,100,100458,100,100790,100,100372,100,100815,100,100222,100,100817,100,100197,100,100839,100,100177,100,100868,100,100033,100
2019-06-28 10:02:30.000000000,100591,241,100547,241,100638,341,100539,341,100661,100,100525,100,100744,100,100474,100,100785,100,100458,100,100790,100,100372,100,100815,100,100222,100,100817,100,100197,100,100839,100,100177,100,100868,100,100033,100
2019-06-28 10:02:40.000000000,100591,156,100547,156,100638,256,100539,256,100661,156,100525,156,100744,156,100474,156,100785,156,100458,156,100790,100,100372,100,100815,100,100222,100,100817,100,100197,100,100839,100,100177,100,100868,100,100033,100
2019-06-28 10:02:50.000000000,100591,196,100547,196,100638,293,100539,293,100661,193,100525,193,100744,100,100474,100,100785,100,100458,100,100790,100,100372,100,100815,100,100222,100,100817,100,100197,100,100839,100,100177,100,100868,100,100033,100
2019-06-28 10:03:00.000000000,100591,196,100547,196,100638,293,100539,293,100661,193,100525,193,100744,100,100474,100,100785,100,100458,100,100790,100,100372,100,100815,100,100222,100,100817,100,100197,100,100839,100,100177,100,100868,100,100033,100
2019-06-28 10:03:10.000000000,100591,382,100547,382,100638,200,100539,200,100661,100,100525,100,100744,100,100474,100,100785,100,100458,100,100790,100,100372,100,100815,100,100222,100,100817,100,100197,100,100839,100,100177,100,100868,100,100033,100
2019-06-28 10:03:19.255284613,100569,100,100547,382,100591,382,100539,200,100638,200,100525,100,100661,100,100474,100,100744,100,100458,100,100785,100,100372,100,100790,100,100222,100,100815,100,100197,100,100817,100,100177,100,100839,100,100033,100
2019-06-28 10:03:20.000000000,100569,196,100547,196,100591,193,100539,293,100638,293,100525,193,100661,100,100474,100,100744,100,100458,100,100785,100,100372,100,100790,100,100222,100,100815,100,100197,100,100817,100,100177,100,100839,100,100033,100
2019-06-28 10:03:22.581963237,100569,196,100547,96,100591,193,100539,293,100638,293,100525,193,100661,100,100474,100,100744,100,100458,100,100785,100,100372,100,100790,100,100222,100,100817,100,100197,100,100839,100,100177,100,100868,100,100033,100
2019-06-28 10:03:30.000000000,100569,382,100539,482,100591,100,100525,100,100638,200,100474,100,100661,100,100458,100,100744,100,100372,100,100785,100,100222,100,100790,100,100197,100,100817,100,100177,100,100839,100,100033,100,100868,100,100023,100
2019-06-28 10:03:31.219075564,100569,382,100548,100,100591,100,100539,482,100638,200,100525,100,100661,100,100474,100,100744,100,100458,100,100785,100,100372,100,100790,100,100222,100,100817,100,100197,100,100839,100,100177,100,100868,100,100033,100
2019-06-28 10:03:40.000000000,100569,170,100548,170,100591,170,100539,270,100638,270,100525,170,100661,170,100474,170,100744,100,100458,100,100785,100,100372,100,100790,100,100222,100,100817,100,100197,100,100839,100,100177,100,100868,100,100033,100
2019-06-28 10:03:50.000000000,100569,196,100548,196,100591,193,100539,293,100638,293,100525,193,100661,100,100474,100,100744,100,100458,100,100785,100,100372,100,100790,100,100222,100,100817,100,100197,100,100839,100,100177,100,100868,100,100033,100
2019-06-28 10:03:58.269879601,100569,196,100548,196,100591,193,100539,293,100638,293,100525,193,100661,100,100474,100,100744,100,100458,100,100785,100,100372,100,100790,100,100222,100,100817,100,100197,100,100839,100,100177,100,100868,100,100155,100
2019-06-28 10:04:00.000000000,100569,382,100548,382,100591,100,100539,200,100638,200,100525,100,100661,100,100474,100,100744,100,100458,100,100785,100,100372,100,100790,100,100222,100,100817,100,100197,100,100839,100,100177,100,100868,100,100155,100
2019-06-28 10:04:10.000000000,100569,156,100548,156,100591,156,100539,256,100638,256,100525,156,100661,156,100474,156,100744,156,100458,156,100785,100,100372,100,100790,100,100222,100,100817,100,100197,100,100839,100,100177,100,100868,100,100155,100
2019-06-28 10:04:20.000000000,100569,156,100548,156,100591,156,100539,256,100638,256,100525,156,100661,156,100474,156,100744,156,100458,156,100785,100,100372,100,100790,100,100222,100,100817,100,100197,100,100839,100,100177,100,100868,100,100155,100
2019-06-28 10:04:30.000000000,100569,241,100548,241,100591,241,100539,341,100638,200,100525,100,100661,100,100474,100,100744,100,100458,100,100785,100,100372,100,100790,100,100222,100,100817,100,100197,100,100839,100,100177,100,100868,100,100155,100
2019-06-28 10:04:40.000000000,100569,241,100548,241,100591,241,100539,341,100638,200,100525,100,100661,100,100474,100,100744,100,100458,100,100785,100,100372,100,100790,100,100222,100,100817,100,100197,100,100839,100,100177,100,100868,100,100155,100
2019-06-28 10:04:48.931315171,100569,241,100548,241,100591,241,100539,341,100638,200,100525,100,100661,100,100474,100,100744,100,100458,100,100785,100,100397,100,100790,100,100372,100,100817,100,100222,100,100839,100,100197,100,100868,100,100177,100
2019-06-28 10:04:50.000000000,100569,382,100548,382,100591,100,100539,200,100638,200,100525,100,100661,100,100474,100,100744,100,100458,100,100785,100,100397,100,100790,100,100372,100,100817,100,100222,100,100839,100,100197,100,100868,100,100177,100
2019-06-28 10:05:00.000000000,100569,241,100548,241,100591,241,100539,341,100638,200,100525,100,100661,100,100474,100,100744,100,100458,100,100785,100,100397,100,100790,100,100372,100,100817,100,100222,100,100839,100,100197,100,100868,100,100177,100
2019-06-28 10:05:10.000000000,100569,382,100548,382,100591,100,100539,200,100638,200,100525,100,100661,100,100474,100,100744,100,100458,100,100785,100,100397,100,100790,100,100372,100,100817,100,100222,100,100839,100,100197,100,100868,100,100177,100
