,ask_price_1,ask_size_1,bid_price_1,bid_size_1,ask_price_2,ask_size_2,bid_price_2,bid_size_2,ask_price_3,ask_size_3,bid_price_3,bid_size_3,ask_price_4,ask_size_4,bid_price_4,bid_size_4,ask_price_5,ask_size_5,bid_price_5,bid_size_5,ask_price_6,ask_size_6,bid_price_6,bid_size_6,ask_price_7,ask_size_7,bid_price_7,bid_size_7,ask_price_8,ask_size_8,bid_price_8,bid_size_8,ask_price_9,ask_size_9,bid_price_9,bid_size_9,ask_price_10,ask_size_10,bid_price_10,bid_size_10
2019-06-28 09:30:00.000000000,100040,100,,,,,,,,,,,,,,,,,,,,,,,,,,,,,,,,,,,,,,
2019-06-28 09:30:00.000000001,100040,100,99920,100,,,,,,,,,,,,,,,,,,,,,,,,,,,,,,,,,,,,
2019-06-28 09:30:00.000000002,100040,200,99920,100,,,,,,,,,,,,,,,,,,,,,,,,,,,,,,,,,,,,
2019-06-28 09:30:00.000000005,100040,200,99920,100,100102,100,,,,,,,,,,,,,,,,,,,,,,,,,,,,,,,,,,
2019-06-28 09:30:00.000000006,100040,100,99920,100,100095,100,,,100102,100,,,,,,,,,,,,,,,,,,,,,,,,,,,,,,
2019-06-28 09:30:00.000000009,100040,100,99965,100,100095,100,99920,100,100102,100,,,,,,,,,,,,,,,,,,,,,,,,,,,,,,
2019-06-28 09:30:00.000000016,100026,100,99920,100,100040,100,,,100095,100,,,100102,100,,,,,,,,,,,,,,,,,,,,,,,,,,
2019-06-28 09:30:00.000000017,100040,100,99920,100,100063,100,,,100072,100,,,100095,100,,,100102,100,,,,,,,,,,,,,,,,,,,,,,
2019-06-28 09:30:00.000000018,100040,100,99920,100,100063,100,,,100071,100,,,100072,100,,,100095,100,,,100102,100,,,,,,,,,,,,,,,,,,
2019-06-28 09:30:00.000000020,99941,100,99920,100,100040,100,,,100063,100,,,100071,100,,,100072,100,,,100095,100,,,100102,100,,,,,,,,,,,,,,
2019-06-28 09:30:00.000000021,99941,100,99920,100,100040,100,,,100063,200,,,100071,100,,,100072,100,,,100095,100,,,100102,100,,,,,,,,,,,,,,
2019-06-28 09:30:00.000000022,100040,100,99920,100,100063,200,,,100071,100,,,100072,100,,,100095,100,,,100102,100,,,,,,,,,,,,,,,,,,
2019-06-28 09:30:00.000000024,100040,100,100016,100,100063,200,99941,100,100071,100,99920,100,100072,100,,,100095,100,,,100102,100,,,,,,,,,,,,,,,,,,
2019-06-28 09:30:00.000000027,100040,100,100016,100,100063,200,99941,100,100071,100,99938,100,100072,100,99920,100,100095,100,,,100102,100,,,,,,,,,,,,,,,,,,
2019-06-28 09:30:00.000000029,100040,100,100016,100,100063,200,99977,100,100071,100,99941,100,100072,100,99938,100,100095,100,99920,100,100102,100,,,,,,,,,,,,,,,,,,
2019-06-28 09:30:00.000000030,100040,100,99977,100,100054,100,99941,100,100063,200,99938,100,100071,100,99920,100,100072,100,,,100095,100,,,100102,100,,,,,,,,,,,,,,
2019-06-28 09:30:00.000000032,100040,100,99977,100,100054,100,99941,100,100063,200,99938,100,100065,100,99920,100,100071,100,,,100072,100,,,100095,100,,,100102,100,,,,,,,,,,
2019-06-28 09:30:00.000000033,100025,100,99977,100,100040,100,99941,100,100054,100,99938,100,100063,200,99920,100,100065,100,,,100071,100,,,100072,100,,,100095,100,,,100102,100,,,,,,
2019-06-28 09:30:00.000000034,100015,100,99977,100,100020,100,99942,100,100025,100,99941,100,100040,100,99938,100,100054,100,99920,100,100063,200,,,100065,100,,,100071,100,,,100072,100,,,100095,100,,
2019-06-28 09:30:00.000000036,100015,100,99977,100,100020,100,99942,100,100025,100,99941,100,100040,100,99938,100,100054,100,99929,100,100063,200,99920,100,100065,100,,,100071,100,,,100072,100,,,100095,100,,
2019-06-28 09:30:00.000000038,100015,100,99977,100,100020,100,99942,200,100025,100,99941,100,100040,100,99938,100,100054,100,99929,100,100063,200,99920,100,100065,100,,,100071,100,,,100072,100,,,100095,100,,
2019-06-28 09:30:00.000000039,100015,100,99978,100,100016,200,99977,100,100020,100,99942,200,100025,100,99941,100,100040,100,99938,100,100054,100,99929,100,100063,200,99920,100,100065,100,,,100071,100,,,100072,100,,
2019-06-28 09:30:00.000000053,100015,100,99978,100,100016,200,99977,100,100020,100,99942,200,100025,100,99941,100,100040,100,99938,100,100054,100,99929,100,100063,200,99920,100,100065,100,,,100071,100,,,100072,100,,
2019-06-28 09:30:00.000000058,100015,100,99978,100,100016,200,99977,100,100020,100,99942,200,100025,100,99941,100,100040,100,99938,100,100054,100,99929,100,100063,200,99920,100,100065,200,,,100071,100,,,100072,100,,
2019-06-28 09:30:00.000000059,100015,100,99978,100,100016,200,99977,100,100020,100,99942,200,100025,100,99941,100,100040,100,99938,100,100054,100,99929,100,100063,300,99920,100,100065,200,,,100071,100,,,100072,100,,
2019-06-28 09:30:00.000000060,100015,100,99978,100,100016,300,99977,100,100020,100,99942,200,100025,100,99941,100,100040,100,99938,100,100054,100,99929,100,100063,300,99920,100,100065,200,,,100071,100,,,100072,100,,
2019-06-28 09:30:00.000000061,100015,100,99978,100,100016,300,99977,100,100020,100,99942,200,100025,100,99941,100,100040,100,99938,100,100054,100,99929,100,100063,300,99920,100,100065,200,99817,100,100071,100,,,100072,100,,
2019-06-28 09:30:00.000000063,100015,100,99978,100,100016,300,99977,100,100020,100,99942,200,100025,100,99941,100,100040,100,99938,100,100054,100,99929,100,100063,300,99920,100,100065,200,99908,100,100071,100,99817,100,100072,100,,
2019-06-28 09:30:00.000000064,100016,300,99977,100,100020,100,99942,200,100025,100,99941,100,100040,100,99938,100,100054,100,99929,100,100063,300,99920,100,100065,200,99908,100,100071,100,99817,100,100072,100,,,100095,200,,
2019-06-28 09:30:00.000000065,100016,300,99977,100,100020,100,99942,200,100025,100,99941,100,100040,100,99938,100,100054,100,99929,100,100063,300,99920,100,100065,200,99908,100,100068,100,99817,100,100071,100,,,100072,100,,
2019-06-28 09:30:00.000000068,100016,300,99978,100,100020,100,99977,100,100025,100,99942,200,100040,100,99941,100,100054,100,99938,100,100063,300,99929,100,100065,200,99920,100,100068,100,99908,100,100071,100,99817,100,100072,100,,
2019-06-28 09:30:00.000000069,100016,300,99978,100,100020,100,99977,100,100025,100,99962,100,100040,100,99942,200,100054,100,99941,100,100063,300,99938,100,100065,200,99929,100,100068,100,99920,100,100071,100,99908,100,100072,100,99817,100
2019-06-28 09:30:00.000000070,100016,300,99978,200,100020,100,99977,100,100025,100,99962,100,100040,100,99942,200,100054,100,99941,100,100063,300,99938,100,100065,200,99929,100,100068,100,99920,100,100071,100,99908,100,100072,100,99817,100
2019-06-28 09:30:00.000000071,100016,300,99978,200,100020,100,99977,100,100025,100,99962,100,100040,100,99942,200,100054,100,99941,100,100063,300,99938,100,100065,200,99929,100,100068,100,99920,100,100071,100,99908,100,100072,100,99907,100
2019-06-28 09:30:00.000000075,100016,300,99978,200,100020,100,99977,100,100025,100,99962,100,100040,100,99942,200,100054,100,99941,100,100063,300,99938,100,100065,200,99929,100,100068,100,99920,100,100071,100,99908,100,100072,100,99907,100
2019-06-28 09:30:00.000000080,100016,300,99978,200,100020,100,99977,100,100025,100,99962,100,100040,100,99942,200,100054,100,99941,100,100063,300,99938,100,100065,200,99929,100,100068,100,99920,100,100071,100,99908,100,100072,100,99907,100
2019-06-28 09:30:00.000000081,100015,100,99978,200,100016,300,99977,100,100020,100,99962,100,100025,100,99942,200,100040,100,99941,100,100054,100,99938,100,100063,300,99929,100,100065,200,99920,100,100068,100,99908,100,100071,100,99907,100
2019-06-28 09:30:00.000000082,100015,100,99978,300,100016,300,99977,100,100020,100,99962,100,100025,200,99942,200,100040,100,99941,100,100054,100,99938,100,100063,300,99929,100,100065,200,99920,100,100068,100,99908,100,100071,100,99907,100
2019-06-28 09:30:00.000000085,100015,100,99978,300,100016,300,99977,100,100020,100,99962,100,100025,200,99942,200,100040,100,99941,100,100054,100,99938,100,100063,300,99929,100,100065,200,99920,100,100068,100,99908,100,100071,100,99907,100
2019-06-28 09:30:00.000000086,100015,100,99978,300,100016,300,99977,100,100020,100,99962,100,100025,200,99949,100,100040,100,99942,200,100054,100,99941,100,100063,300,99938,100,100065,200,99929,100,100068,100,99920,100,100071,100,99908,100
2019-06-28 09:30:00.000000087,100015,100,99978,300,100016,300,99977,100,100020,100,99962,100,100025,200,99949,100,100040,100,99942,200,100054,100,99941,100,100063,300,99938,100,100065,200,99929,100,100068,100,99920,100,100071,100,99908,100
2019-06-28 09:30:00.000000088,100015,100,99978,300,100016,300,99977,100,100020,100,99962,100,100025,200,99949,100,100040,100,99942,200,100052,100,99941,100,100054,100,99938,100,100063,300,99929,100,100065,200,99920,100,100068,100,99908,100
2019-06-28 09:30:00.000000091,100015,100,99978,400,100016,300,99977,100,100020,100,99962,100,100025,200,99949,100,100040,100,99942,200,100052,100,99941,100,100054,100,99938,100,100063,300,99929,100,100065,200,99920,100,100068,100,99908,100
2019-06-28 09:30:00.000000093,100015,100,99978,400,100016,300,99977,100,100020,100,99962,100,100025,200,99949,100,100040,100,99942,200,100052,100,99941,100,100054,100,99938,100,100063,300,99929,100,100065,200,99920,100,100068,100,99908,100
2019-06-28 09:30:00.000000094,100015,100,99978,400,100016,300,99977,100,100020,100,99962,100,100025,200,99949,100,100040,100,99942,200,100052,100,99941,100,100054,100,99938,100,100063,300,99929,100,100065,200,99920,100,100068,100,99908,100
2019-06-28 09:30:00.000000096,100016,300,99978,400,100020,100,99977,100,100025,200,99962,100,100040,100,99949,100,100052,100,99942,200,100054,100,99941,100,100063,300,99938,100,100065,200,99929,100,100068,100,99920,100,100071,100,99908,100
2019-06-28 09:30:00.000000098,100016,300,99979,100,100020,100,99978,300,100025,200,99977,100,100040,100,99962,100,100052,100,99949,100,100054,100,99942,200,100063,300,99941,100,100065,200,99938,100,100068,100,99929,100,100071,100,99920,100
2019-06-28 09:30:00.000000099,100016,300,99979,100,100020,100,99978,300,100025,200,99977,100,100040,100,99965,100,100052,100,99962,100,100054,100,99949,100,100063,300,99942,200,100065,200,99941,100,100068,100,99938,100,100071,100,99929,100
2019-06-28 09:30:10.000000000,100016,350,99979,150,100020,150,99978,350,100025,250,99977,150,100040,150,99965,150,100052,150,99962,150,100054,100,99949,100,100063,300,99942,200,100065,200,99941,100,100068,100,99938,100,100071,100,99929,100
2019-06-28 09:30:20.000000000,100016,363,99979,163,100020,163,99978,363,100025,263,99977,163,100040,163,99965,163,100052,100,99962,100,100054,100,99949,100,100063,300,99942,200,100065,200,99941,100,100068,100,99938,100,100071,100,99929,100
2019-06-28 09:30:24.007473219,100016,363,99979,63,100020,163,99978,363,100025,263,99977,163,100040,163,99965,163,100052,100,99962,100,100054,100,99949,100,100063,300,99942,200,100065,200,99941,100,100068,100,99938,100,100071,100,99929,100
2019-06-28 09:30:28.641492329,99979,37,99978,363,100016,363,99977,163,100020,163,99965,163,100025,263,99962,100,100040,163,99949,100,100052,100,99942,200,100054,100,99941,100,100063,300,99938,100,100065,200,99929,100,100068,100,99920,100
2019-06-28 09:30:30.000000000,99979,87,99978,350,100016,350,99977,150,100020,150,99965,150,100025,250,99962,150,100040,150,99949,150,100052,100,99942,200,100054,100,99941,100,100063,300,99938,100,100065,200,99929,100,100068,100,99920,100
2019-06-28 09:30:40.000000000,99979,289,99978,552,100016,300,99977,100,100020,100,99965,100,100025,200,99962,100,100040,100,99949,100,100052,100,99942,200,100054,100,99941,100,100063,300,99938,100,100065,200,99929,100,100068,100,99920,100
2019-06-28 09:30:41.806290827,99979,289,99978,552,100016,300,99977,100,100020,100,99965,100,100025,200,99962,100,100040,100,99949,100,100052,100,99942,200,100054,100,99941,100,100063,300,99938,100,100065,200,99929,100,100068,100,99920,100
2019-06-28 09:30:50.000000000,99979,100,99978,363,100016,363,99977,163,100020,163,99965,163,100025,263,99962,163,100040,100,99949,100,100052,100,99942,200,100054,100,99941,100,100063,300,99938,100,100065,200,99929,100,100068,100,99920,100
2019-06-28 09:30:50.471100800,99979,100,99978,363,100016,363,99977,163,100020,163,99965,163,100025,263,99962,163,100040,100,99949,100,100052,100,99942,200,100054,100,99941,100,100063,300,99938,100,100065,200,99929,100,100068,100,99920,100
2019-06-28 09:30:51.613269574,99979,100,99978,363,100016,363,99977,163,100020,163,99965,163,100025,263,99962,163,100040,100,99949,100,100052,100,99942,200,100054,100,99941,100,100063,300,99929,100,100065,200,99920,100,100068,100,99908,100
2019-06-28 09:31:00.000000000,99979,100,99978,363,100016,363,99977,163,100020,163,99965,163,100025,263,99962,163,100040,100,99949,100,100052,100,99942,200,100054,100,99941,100,100063,300,99929,100,100065,200,99920,100,100068,100,99908,100
2019-06-28 09:31:10.000000000,99979,123,99978,386,100016,383,99977,183,100020,183,99965,183,100025,200,99962,100,100040,100,99949,100,100052,100,99942,200,100054,100,99941,100,100063,300,99929,100,100065,200,99920,100,100068,100,99908,100
2019-06-28 09:31:14.972149348,99979,23,99978,386,100016,383,99977,183,100020,183,99965,183,100025,200,99962,100,100040,100,99949,100,100052,100,99942,200,100054,100,99941,100,100063,300,99929,100,100065,200,99920,100,100068,100,99908,100
2019-06-28 09:31:20.000000000,100016,350,99978,350,100020,150,99977,150,100025,250,99965,150,100040,150,99962,150,100052,150,99949,150,100054,100,99942,200,100063,300,99941,100,100065,200,99929,100,100068,100,99920,100,100071,100,99908,100
2019-06-28 09:31:30.000000000,100016,426,99978,426,100020,226,99977,226,100025,200,99965,100,100040,100,99962,100,100052,100,99949,100,100054,100,99942,200,100063,300,99941,100,100065,200,99929,100,100068,100,99920,100,100071,100,99908,100
2019-06-28 09:31:30.103248548,100016,426,99979,100,100020,226,99978,426,100025,200,99977,226,100040,100,99965,100,100052,100,99962,100,100054,100,99949,100,100063,300,99942,200,100065,200,99941,100,100068,100,99929,100,100071,100,99920,100
2019-06-28 09:31:40.000000000,100016,386,99979,186,100020,183,99978,383,100025,283,99977,183,100040,100,99965,100,100052,100,99962,100,100054,100,99949,100,100063,300,99942,200,100065,200,99941,100,100068,100,99929,100,100071,100,99920,100
2019-06-28 09:31:41.077748543,100016,386,100007,100,100020,183,99979,186,100025,283,99978,383,100040,100,99977,183,100052,100,99965,100,100054,100,99962,100,100063,300,99949,100,100065,200,99942,200,100068,100,99941,100,100071,100,99929,100
2019-06-28 09:31:44.780845661,100016,386,100007,100,100020,183,99979,186,100025,283,99978,383,100040,100,99977,183,100052,100,99965,100,100054,100,99962,100,100063,300,99960,100,100065,200,99949,100,100068,100,99942,200,100071,100,99941,100
2019-06-28 09:31:50.000000000,100016,363,100007,163,100020,163,99979,163,100025,263,99978,363,100040,163,99977,163,100052,100,99965,100,100054,100,99962,100,100063,300,99960,100,100065,200,99949,100,100068,100,99942,200,100071,100,99941,100
2019-06-28 09:31:50.428267686,100016,363,100007,163,100020,163,99979,263,100025,263,99978,363,100040,163,99977,163,100052,100,99965,100,100054,100,99962,100,100063,300,99960,100,100065,200,99949,100,100068,100,99942,200,100071,100,99941,100
2019-06-28 09:31:57.017706524,100016,363,100007,63,100020,163,99979,263,100025,263,99978,363,100040,163,99977,163,100052,100,99965,100,100054,100,99962,100,100063,300,99960,100,100065,200,99949,100,100068,100,99942,200,100071,100,99941,100
2019-06-28 09:32:00.000000000,100016,363,99979,263,100020,163,99978,363,100025,263,99977,163,100040,163,99965,163,100052,100,99962,100,100054,100,99960,100,100063,300,99949,100,100065,200,99942,200,100068,100,99941,100,100071,100,99929,100
2019-06-28 09:32:02.384450947,100007,100,99979,163,100016,363,99978,363,100020,163,99977,163,100025,263,99965,163,100040,163,99962,100,100052,100,99960,100,100054,100,99949,100,100063,300,99942,200,100065,200,99941,100,100068,100,99929,100
2019-06-28 09:32:10.000000000,100007,150,99979,150,100016,350,99978,350,100020,150,99977,150,100025,250,99965,150,100040,150,99962,150,100052,100,99960,100,100054,100,99949,100,100063,300,99942,200,100065,200,99941,100,100068,100,99929,100
2019-06-28 09:32:16.173881038,100007,150,99979,50,100016,250,99978,350,100020,150,99977,150,100025,250,99965,150,100040,150,99962,150,100052,100,99960,100,100054,100,99949,100,100063,300,99942,200,100065,200,99941,100,100068,100,99929,100
2019-06-28 09:32:20.000000000,100007,352,99978,552,100016,200,99977,100,100020,100,99965,100,100025,200,99962,100,100040,100,99960,100,100052,100,99949,100,100054,100,99942,200,100063,300,99941,100,100065,200,99929,100,100068,100,99920,100
2019-06-28 09:32:27.422859842,100007,352,99978,452,100016,200,99977,100,100020,100,99965,100,100025,200,99962,100,100040,100,99960,100,100052,100,99949,100,100054,100,99942,200,100063,300,99941,100,100065,200,99929,100,100068,100,99920,100
2019-06-28 09:32:30.000000000,100007,352,99978,452,100016,200,99977,100,100020,100,99965,100,100025,200,99962,100,100040,100,99960,100,100052,100,99949,100,100054,100,99942,200,100063,300,99941,100,100065,200,99929,100,100068,100,99920,100
2019-06-28 09:32:33.361983480,99979,100,99978,352,100007,352,99977,100,100016,200,99965,100,100020,100,99962,100,100025,200,99960,100,100040,100,99949,100,100052,100,99942,200,100054,100,99941,100,100063,300,99929,100,100065,200,99920,100
2019-06-28 09:32:40.000000000,99979,186,99978,186,100007,183,99977,183,100016,283,99965,183,100020,100,99962,100,100025,200,99960,100,100040,100,99949,100,100052,100,99942,200,100054,100,99941,100,100063,300,99929,100,100065,200,99920,100
2019-06-28 09:32:40.787934919,99979,186,99978,186,100007,183,99977,183,100016,283,99965,183,100020,100,99962,100,100025,200,99960,100,100040,100,99949,100,100052,100,99942,200,100054,100,99929,100,100063,300,99920,100,100065,200,99907,100
2019-06-28 09:32:50.000000000,99979,352,99978,352,100007,100,99977,100,100016,200,99965,100,100020,100,99962,100,100025,200,99960,100,100040,100,99949,100,100052,100,99942,200,100054,100,99929,100,100063,300,99920,100,100065,200,99907,100
2019-06-28 09:33:00.000000000,99979,163,99978,163,100007,163,99977,163,100016,263,99965,163,100020,163,99962,163,100025,200,99960,100,100040,100,99949,100,100052,100,99942,200,100054,100,99929,100,100063,300,99920,100,100065,200,99907,100
2019-06-28 09:33:10.000000000,99979,163,99978,163,100007,163,99977,163,100016,263,99965,163,100020,163,99962,163,100025,200,99960,100,100040,100,99949,100,100052,100,99942,200,100054,100,99929,100,100063,300,99920,100,100065,200,99907,100
2019-06-28 09:33:20.000000000,99979,352,99978,352,100007,100,99977,100,100016,200,99965,100,100020,100,99962,100,100025,200,99960,100,100040,100,99949,100,100052,100,99942,200,100054,100,99929,100,100063,300,99920,100,100065,200,99907,100
2019-06-28 09:33:30.000000000,99979,150,99978,150,100007,150,99977,150,100016,250,99965,150,100020,150,99962,150,100025,250,99960,150,100040,100,99949,100,100052,100,99942,200,100054,100,99929,100,100063,300,99920,100,100065,200,99907,100
2019-06-28 09:33:37.727795016,99979,50,99978,150,100007,150,99977,150,100016,250,99965,150,100020,150,99962,150,100025,250,99960,150,100040,100,99949,100,100052,100,99942,200,100054,100,99929,100,100063,300,99920,100,100065,200,99907,100
2019-06-28 09:33:40.000000000,100007,226,99978,226,100016,326,99977,226,100020,100,99965,100,100025,200,99962,100,100040,100,99960,100,100052,100,99949,100,100054,100,99942,200,100063,300,99929,100,100065,200,99920,100,100068,100,99907,100
2019-06-28 09:33:41.925143397,100007,126,99978,226,100016,326,99977,226,100020,100,99965,100,100025,200,99962,100,100040,100,99960,100,100052,100,99949,100,100054,100,99942,200,100063,300,99929,100,100065,100,99920,100,100068,100,99907,100
2019-06-28 09:33:50.000000000,100016,263,99978,163,100020,163,99977,163,100025,263,99965,163,100040,163,99962,163,100052,100,99960,100,100054,100,99949,100,100063,300,99942,200,100065,100,99929,100,100068,100,99920,100,100072,100,99907,100
2019-06-28 09:34:00.000000000,100016,263,99978,163,100020,163,99977,163,100025,263,99965,163,100040,163,99962,163,100052,100,99960,100,100054,100,99949,100,100063,300,99942,200,100065,100,99929,100,100068,100,99920,100,100072,100,99907,100
2019-06-28 09:34:03.000846975,100016,263,99979,100,100020,163,99978,163,100025,263,99977,163,100040,163,99965,163,100052,100,99962,163,100054,100,99960,100,100063,300,99949,100,100065,100,99942,200,100068,100,99929,100,100072,100,99920,100
2019-06-28 09:34:10.000000000,100016,326,99979,226,100020,226,99978,226,100025,200,99977,100,100040,100,99965,100,100052,100,99962,100,100054,100,99960,100,100063,300,99949,100,100065,100,99942,200,100068,100,99929,100,100072,100,99920,100
2019-06-28 09:34:20.000000000,100016,286,99979,186,100020,183,99978,183,100025,283,99977,183,100040,100,99965,100,100052,100,99962,100,100054,100,99960,100,100063,300,99949,100,100065,100,99942,200,100068,100,99929,100,100072,100,99920,100
2019-06-28 09:34:23.540097345,100016,286,99979,286,100020,183,99978,183,100025,283,99977,183,100040,100,99965,100,100052,100,99962,100,100054,100,99960,100,100063,300,99949,100,100065,100,99942,200,100068,100,99929,100,100072,100,99920,100
2019-06-28 09:34:24.804909116,100016,286,99979,386,100020,183,99978,183,100025,283,99977,183,100040,100,99965,100,100052,100,99962,100,100054,100,99960,100,100063,300,99949,100,100065,100,99942,200,100068,100,99929,100,100072,100,99920,100
2019-06-28 09:34:28.718091221,100016,186,99979,386,100020,183,99978,183,100025,283,99977,183,100040,100,99965,100,100052,100,99962,100,100054,100,99960,100,100063,300,99949,100,100065,100,99942,200,100068,100,99929,100,100072,100,99920,100
2019-06-28 09:34:30.000000000,100016,163,99979,363,100020,163,99978,163,100025,263,99977,163,100040,163,99965,163,100052,100,99962,100,100054,100,99960,100,100063,300,99949,100,100065,100,99942,200,100068,100,99929,100,100072,100,99920,100
2019-06-28 09:34:39.082779943,100016,163,100007,100,100020,163,99979,363,100025,263,99978,163,100040,163,99977,163,100052,100,99965,163,100054,100,99962,100,100063,300,99960,100,100065,100,99949,100,100068,100,99942,200,100072,100,99929,100
2019-06-28 09:34:40.000000000,100016,352,100007,352,100020,100,99979,300,100025,200,99978,100,100040,100,99977,100,100052,100,99965,100,100054,100,99962,100,100063,300,99960,100,100065,100,99949,100,100068,100,99942,200,100072,100,99929,100
2019-06-28 09:34:48.803390177,100016,352,100007,352,100020,100,99979,300,100025,200,99978,100,100040,100,99977,100,100052,100,99965,100,100054,100,99962,100,100063,300,99960,100,100065,100,99949,100,100072,100,99942,200,100075,100,99929,100
2019-06-28 09:34:50.000000000,100016,186,100007,186,100020,183,99979,383,100025,283,99978,183,100040,100,99977,100,100052,100,99965,100,100054,100,99962,100,100063,300,99960,100,100065,100,99949,100,100072,100,99942,200,100075,100,99929,100
2019-06-28 09:35:00.000000000,100016,150,100007,150,100020,150,99979,350,100025,250,99978,150,100040,150,99977,150,100052,150,99965,150,100054,100,99962,100,100063,300,99960,100,100065,100,99949,100,100072,100,99942,200,100075,100,99929,100
2019-06-28 09:35:08.074514228,100016,150,100007,50,100020,150,99979,350,100025,250,99978,150,100040,150,99977,150,100052,150,99965,150,100054,100,99962,100,100063,300,99960,100,100065,100,99949,100,100072,100,99942,200,100075,100,99929,100
2019-06-28 09:35:10.000000000,100016,163,99979,363,100020,163,99978,163,100025,263,99977,163,100040,163,99965,163,100052,100,99962,100,100054,100,99960,100,100063,300,99949,100,100065,100,99942,200,100072,100,99929,100,100075,100,99920,100
2019-06-28 09:35:20.000000000,100016,352,99979,552,100020,100,99978,100,100025,200,99977,100,100040,100,99965,100,100052,100,99962,100,100054,100,99960,100,100063,300,99949,100,100065,100,99942,200,100072,100,99929,100,100075,100,99920,100
2019-06-28 09:35:28.379825580,100016,352,99979,552,100020,100,99978,100,100025,200,99977,100,100040,100,99965,100,100052,100,99962,100,100054,100,99960,100,100063,300,99949,100,100065,100,99942,200,100072,100,99929,100,100075,100,99920,100
2019-06-28 09:35:30.000000000,100016,352,99979,552,100020,100,99978,100,100025,200,99977,100,100040,100,99965,100,100052,100,99962,100,100054,100,99960,100,100063,300,99949,100,100065,100,99942,200,100072,100,99929,100,100075,100,99920,100
2019-06-28 09:35:30.576855769,100015,100,99979,452,100016,352,99978,100,100020,100,99977,100,100025,200,99965,100,100040,100,99962,100,100052,100,99960,100,100054,100,99949,100,100063,300,99942,200,100065,100,99929,100,100072,100,99920,100
2019-06-28 09:35:30.875032684,100015,100,99979,352,100016,352,99978,100,100020,100,99977,100,100025,200,99965,100,100040,100,99962,100,100052,100,99960,100,100054,100,99949,100,100063,200,99942,200,100065,100,99929,100,100072,100,99920,100
2019-06-28 09:35:32.217703613,100015,100,99979,352,100016,352,99978,100,100020,100,99977,100,100025,200,99965,100,100040,100,99962,100,100052,100,99960,100,100054,100,99949,100,100063,200,99942,200,100065,100,99929,100,100072,100,99920,100
2019-06-28 09:35:37.177353643,100015,100,99979,252,100016,352,99978,100,100020,100,99977,100,100025,200,99965,100,100040,100,99962,100,100052,100,99960,100,100054,100,99949,100,100063,200,99942,200,100065,100,99929,100,100072,100,99907,100
2019-06-28 09:35:38.080048245,100015,100,99979,252,100016,352,99978,100,100020,100,99977,100,100025,200,99962,100,100040,100,99960,100,100052,100,99949,100,100054,100,99942,200,100063,200,99929,100,100065,100,99907,100,100072,100,99862,100
2019-06-28 09:35:38.798509377,100015,100,99979,252,100016,352,99978,100,100020,100,99977,100,100025,200,99962,100,100040,100,99960,100,100052,100,99949,100,100054,100,99942,200,100063,200,99929,100,100065,100,99907,100,100072,100,99862,100
2019-06-28 09:35:40.000000000,100015,186,99978,186,100016,183,99977,183,100020,183,99962,183,100025,200,99960,100,100040,100,99949,100,100052,100,99942,200,100054,100,99929,100,100063,200,99907,100,100065,100,99862,100,100072,100,99836,100
2019-06-28 09:35:50.000000000,100015,186,99978,186,100016,183,99977,183,100020,183,99962,183,100025,200,99960,100,100040,100,99949,100,100052,100,99942,200,100054,100,99929,100,100063,200,99907,100,100065,100,99862,100,100072,100,99836,100
2019-06-28 09:35:56.426512900,99979,100,99978,186,100015,86,99977,183,100016,183,99962,183,100020,183,99960,100,100025,200,99949,100,100040,100,99942,200,100052,100,99929,100,100054,100,99907,100,100063,200,99862,100,100065,100,99836,100
2019-06-28 09:36:00.000000000,99979,186,99978,186,100016,183,99977,183,100020,183,99962,183,100025,200,99960,100,100040,100,99949,100,100052,100,99942,200,100054,100,99929,100,100063,200,99907,100,100065,100,99862,100,100072,100,99836,100
2019-06-28 09:36:10.000000000,99979,186,99978,186,100016,183,99977,183,100020,183,99962,183,100025,200,99960,100,100040,100,99949,100,100052,100,99942,200,100054,100,99929,100,100063,200,99907,100,100065,100,99862,100,100072,100,99836,100
2019-06-28 09:36:15.096503025,99979,286,99978,186,100016,83,99977,183,100020,183,99962,183,100025,200,99960,100,100040,100,99949,100,100052,100,99942,200,100054,100,99929,100,100063,200,99907,100,100065,100,99862,100,100072,100,99836,100
2019-06-28 09:36:20.000000000,99979,263,99978,163,100020,163,99977,163,100025,263,99962,163,100040,163,99960,163,100052,100,99949,100,100054,100,99942,200,100063,200,99929,100,100065,100,99907,100,100072,100,99862,100,100075,100,99836,100
2019-06-28 09:36:30.000000000,99979,452,99978,352,100020,100,99977,100,100025,200,99962,100,100040,100,99960,100,100052,100,99949,100,100054,100,99942,200,100063,200,99929,100,100065,100,99907,100,100072,100,99862,100,100075,100,99836,100
2019-06-28 09:36:40.000000000,99979,286,99978,186,100020,183,99977,183,100025,283,99962,183,100040,100,99960,100,100052,100,99949,100,100054,100,99942,200,100063,200,99929,100,100065,100,99907,100,100072,100,99862,100,100075,100,99836,100
2019-06-28 09:36:50.000000000,99979,286,99978,186,100020,183,99977,183,100025,283,99962,183,100040,100,99960,100,100052,100,99949,100,100054,100,99942,200,100063,200,99929,100,100065,100,99907,100,100072,100,99862,100,100075,100,99836,100
2019-06-28 09:37:00.000000000,99979,286,99978,186,100020,183,99977,183,100025,283,99962,183,100040,100,99960,100,100052,100,99949,100,100054,100,99942,200,100063,200,99929,100,100065,100,99907,100,100072,100,99862,100,100075,100,99836,100
2019-06-28 09:37:10.000000000,99979,250,99978,150,100020,150,99977,150,100025,250,99962,150,100040,150,99960,150,100052,150,99949,150,100054,100,99942,200,100063,200,99929,100,100065,100,99907,100,100072,100,99862,100,100075,100,99836,100
2019-06-28 09:37:10.564830555,99979,250,99978,150,100020,150,99977,150,100025,250,99962,150,100040,150,99960,150,100052,150,99949,150,100054,100,99942,200,100063,200,99929,100,100065,100,99907,100,100072,100,99862,100,100075,100,99836,100
2019-06-28 09:37:16.013601683,99979,250,99978,150,100020,150,99977,150,100025,250,99962,150,100040,150,99960,150,100052,150,99949,150,100054,100,99942,100,100063,200,99929,100,100065,100,99907,100,100072,100,99862,100,100075,100,99836,100
2019-06-28 09:37:20.000000000,99979,326,99978,226,100020,226,99977,226,100025,200,99962,100,100040,100,99960,100,100052,100,99949,100,100054,100,99942,100,100063,200,99929,100,100065,100,99907,100,100072,100,99862,100,100075,100,99836,100
2019-06-28 09:37:30.000000000,99979,263,99978,163,100020,163,99977,163,100025,263,99962,163,100040,163,99960,163,100052,100,99949,100,100054,100,99942,100,100063,200,99929,100,100065,100,99907,100,100072,100,99862,100,100075,100,99836,100
2019-06-28 09:37:40.000000000,99979,452,99978,352,100020,100,99977,100,100025,200,99962,100,100040,100,99960,100,100052,100,99949,100,100054,100,99942,100,100063,200,99929,100,100065,100,99907,100,100072,100,99862,100,100075,100,99836,100
2019-06-28 09:37:50.000000000,99979,326,99978,226,100020,226,99977,226,100025,200,99962,100,100040,100,99960,100,100052,100,99949,100,100054,100,99942,100,100063,200,99929,100,100065,100,99907,100,100072,100,99862,100,100075,100,99836,100
2019-06-28 09:37:50.121368798,99979,426,99978,226,100020,226,99977,226,100025,200,99962,100,100040,100,99960,100,100052,100,99949,100,100054,100,99942,100,100063,200,99929,100,100065,100,99907,100,100072,100,99862,100,100075,100,99836,100
2019-06-28 09:37:52.683338637,99979,426,99978,126,100020,226,99977,226,100025,200,99962,100,100040,100,99960,100,100052,100,99949,100,100054,100,99942,100,100063,200,99929,100,100065,100,99907,100,100072,100,99862,100,100075,100,99836,100
2019-06-28 09:38:00.000000000,99979,426,99977,226,100020,226,99962,226,100025,200,99960,100,100040,100,99949,100,100052,100,99942,100,100054,100,99929,100,100063,200,99907,100,100065,100,99862,100,100072,100,99836,100,100075,100,99822,100
2019-06-28 09:38:10.000000000,99979,363,99977,163,100020,163,99962,163,100025,263,99960,163,100040,163,99949,163,100052,100,99942,100,100054,100,99929,100,100063,200,99907,100,100065,100,99862,100,100072,100,99836,100,100075,100,99822,100
2019-06-28 09:38:20.000000000,99979,386,99977,186,100020,183,99962,183,100025,283,99960,183,100040,100,99949,100,100052,100,99942,100,100054,100,99929,100,100063,200,99907,100,100065,100,99862,100,100072,100,99836,100,100075,100,99822,100
2019-06-28 09:38:22.854447050,99979,386,99977,186,100020,183,99962,183,100025,283,99960,83,100040,100,99949,100,100052,100,99942,100,100054,100,99929,100,100063,200,99907,100,100065,100,99862,100,100072,100,99836,100,100075,100,99822,100
2019-06-28 09:38:24.136432804,99979,386,99977,86,100020,183,99962,183,100025,283,99960,83,100040,100,99949,100,100052,100,99942,100,100054,100,99929,100,100063,200,99907,100,100065,100,99862,100,100072,100,99836,100,100075,100,99822,100
2019-06-28 09:38:30.000000000,99979,386,99962,186,100020,183,99949,183,100025,283,99942,183,100040,100,99929,100,100052,100,99907,100,100054,100,99862,100,100063,200,99836,100,100065,100,99822,100,100072,100,99819,100,100075,100,99817,100
2019-06-28 09:38:31.393593023,99979,386,99962,86,100020,183,99949,183,100025,283,99942,183,100040,100,99929,100,100052,100,99907,100,100054,100,99862,100,100063,200,99836,100,100065,100,99822,100,100072,100,99819,100,100075,100,99817,100
2019-06-28 09:38:34.776535694,99979,386,99962,86,100020,183,99949,183,100025,283,99942,183,100040,100,99929,100,100052,100,99907,100,100054,100,99862,100,100063,200,99836,100,100065,100,99822,100,100072,100,99819,100,100075,100,99817,100
2019-06-28 09:38:40.000000000,99979,552,99949,352,100020,100,99942,100,100025,200,99929,100,100040,100,99907,100,100052,100,99862,100,100054,100,99836,100,100063,200,99822,100,100065,100,99819,100,100072,100,99817,100,100075,100,99460,100
2019-06-28 09:38:50.000000000,99979,552,99949,352,100020,100,99942,100,100025,200,99929,100,100040,100,99907,100,100052,100,99862,100,100054,100,99836,100,100063,200,99822,100,100065,100,99819,100,100072,100,99817,100,100075,100,99460,100
2019-06-28 09:39:00.000000000,99979,552,99949,352,100020,100,99942,100,100025,200,99929,100,100040,100,99907,100,100052,100,99862,100,100054,100,99836,100,100063,200,99822,100,100065,100,99819,100,100072,100,99817,100,100075,100,99460,100
2019-06-28 09:39:06.436909882,99979,552,99949,352,100020,100,99942,100,100025,200,99929,100,100040,100,99907,100,100052,100,99862,100,100054,100,99836,100,100063,200,99822,100,100065,100,99819,100,100072,100,99817,100,100075,100,99460,100
2019-06-28 09:39:10.000000000,99979,552,99949,352,100020,100,99942,100,100025,200,99929,100,100040,100,99907,100,100052,100,99862,100,100054,100,99836,100,100063,200,99822,100,100065,100,99819,100,100072,100,99817,100,100075,100,99460,100
2019-06-28 09:39:20.000000000,99979,363,99949,163,100020,163,99942,163,100025,263,99929,163,100040,163,99907,163,100052,100,99862,100,100054,100,99836,100,100063,200,99822,100,100065,100,99819,100,100072,100,99817,100,100075,100,99460,100
2019-06-28 09:39:30.000000000,99979,552,99949,352,100020,100,99942,100,100025,200,99929,100,100040,100,99907,100,100052,100,99862,100,100054,100,99836,100,100063,200,99822,100,100065,100,99819,100,100072,100,99817,100,100075,100,99460,100
2019-06-28 09:39:35.017888433,99977,100,99949,352,99979,452,99942,100,100020,100,99929,100,100025,200,99907,100,100040,100,99862,100,100052,100,99836,100,100054,100,99822,100,100063,200,99819,100,100065,100,99817,100,100072,100,99460,100
2019-06-28 09:39:37.175591497,99977,100,99949,252,99979,452,99942,100,100020,100,99929,100,100025,200,99907,100,100040,100,99862,100,100052,100,99836,100,100054,100,99822,100,100063,200,99819,100,100065,100,99817,100,100072,100,99460,100
2019-06-28 09:39:40.000000000,99977,352,99942,352,99979,200,99929,100,100020,100,99907,100,100025,200,99862,100,100040,100,99836,100,100052,100,99822,100,100054,100,99819,100,100063,200,99817,100,100065,100,99460,100,100072,100,99412,100
2019-06-28 09:39:49.378314521,99977,352,99942,252,99979,200,99929,100,100020,100,99907,100,100025,200,99836,100,100040,100,99822,100,100052,100,99819,100,100054,100,99817,100,100063,200,99460,100,100065,100,99412,100,100072,100,99300,100
2019-06-28 09:39:50.000000000,99977,226,99929,226,99979,326,99907,226,100020,100,99836,100,100025,200,99822,100,100040,100,99819,100,100052,100,99817,100,100054,100,99460,100,100063,200,99412,100,100065,100,99300,100,100072,100,99283,100
2019-06-28 09:39:52.267281512,99977,226,99929,126,99979,326,99907,226,100020,100,99836,100,100025,200,99822,100,100040,100,99819,100,100052,100,99817,100,100054,100,99460,100,100063,100,99412,100,100065,100,99300,100,100072,100,99283,100
2019-06-28 09:40:00.000000000,99977,186,99907,186,99979,283,99836,183,100020,183,99822,183,100025,200,99819,100,100040,100,99817,100,100052,100,99460,100,100054,100,99412,100,100063,100,99300,100,100065,100,99283,100,100072,100,99175,100
2019-06-28 09:40:10.000000000,99977,163,99907,163,99979,263,99836,163,100020,163,99822,163,100025,263,99819,163,100040,100,99817,100,100052,100,99460,100,100054,100,99412,100,100063,100,99300,100,100065,100,99283,100,100072,100,99175,100
2019-06-28 09:40:12.170845903,99977,163,99907,63,99979,263,99836,163,100020,163,99822,163,100025,263,99819,163,100040,100,99817,100,100052,100,99460,100,100054,100,99412,100,100063,100,99300,100,100065,100,99283,100,100072,100,99175,100
2019-06-28 09:40:20.000000000,99977,226,99836,226,99979,326,99822,226,100020,100,99819,100,100025,200,99817,100,100040,100,99460,100,100052,100,99412,100,100054,100,99300,100,100063,100,99283,100,100065,100,99175,100,100072,100,99055,100
2019-06-28 09:40:22.264786988,99929,100,99836,226,99977,226,99822,226,99979,326,99819,100,100020,100,99817,100,100025,200,99460,100,100040,100,99412,100,100052,100,99300,100,100054,100,99283,100,100063,100,99175,100,100065,100,99055,100
2019-06-28 09:40:24.618544578,99929,100,99836,126,99977,226,99822,226,99979,326,99819,100,100020,100,99817,100,100025,200,99460,100,100040,100,99412,100,100052,100,99300,100,100054,100,99175,100,100063,100,99055,100,100065,100,,
2019-06-28 09:40:26.503852449,99929,100,99836,26,99977,226,99822,226,99979,326,99819,100,100020,100,99817,100,100025,200,99460,100,100040,100,99412,100,100052,100,99300,100,100054,100,99175,100,100063,100,99055,100,100065,100,,
2019-06-28 09:40:30.000000000,99929,352,99822,352,99977,100,99819,100,99979,200,99817,100,100020,100,99460,100,100025,200,99412,100,100040,100,99300,100,100052,100,99175,100,100054,100,99055,100,100063,100,,,100065,100,,
2019-06-28 09:40:40.000000000,99929,226,99822,226,99977,226,99819,226,99979,200,99817,100,100020,100,99460,100,100025,200,99412,100,100040,100,99300,100,100052,100,99175,100,100054,100,99055,100,100063,100,,,100065,100,,
2019-06-28 09:40:50.000000000,99929,352,99822,352,99977,100,99819,100,99979,200,99817,100,100020,100,99460,100,100025,200,99412,100,100040,100,99300,100,100052,100,99175,100,100054,100,99055,100,100063,100,,,100065,100,,
2019-06-28 09:40:54.186246823,99929,352,99822,352,99939,100,99817,100,99977,100,99460,100,99979,200,99412,100,100020,100,99300,100,100025,200,99175,100,100040,100,99055,100,100052,100,,,100054,100,,,100063,100,,
2019-06-28 09:40:54.595716992,99929,352,99822,352,99939,100,99817,100,99977,100,99684,100,99979,200,99460,100,100020,100,99412,100,100025,200,99300,100,100040,100,99175,100,100052,100,99055,100,100054,100,,,100063,100,,
2019-06-28 09:41:00.000000000,99929,186,99822,186,99939,183,99817,183,99977,183,99684,183,99979,200,99460,100,100020,100,99412,100,100025,200,99300,100,100040,100,99175,100,100052,100,99055,100,100054,100,,,100063,100,,
2019-06-28 09:41:02.825768202,99929,186,99822,186,99939,183,99817,183,99967,100,99684,183,99977,183,99460,100,99979,200,99412,100,100020,100,99300,100,100025,100,99175,100,100040,100,99055,100,100052,100,,,100054,100,,
2019-06-28 09:41:10.000000000,99929,163,99822,163,99939,163,99817,163,99967,163,99684,163,99977,163,99460,163,99979,200,99412,100,100020,100,99300,100,100025,100,99175,100,100040,100,99055,100,100052,100,,,100054,100,,
2019-06-28 09:41:18.735081103,99929,163,99822,163,99939,163,99817,163,99967,163,99684,163,99977,163,99460,163,99979,200,99412,100,100020,100,99300,100,100025,100,99175,100,100040,100,99055,100,100052,100,,,100054,100,,
2019-06-28 09:41:19.333699593,99929,163,99836,100,99939,163,99822,163,99967,163,99817,163,99977,163,99684,163,99979,200,99460,163,100020,100,99412,100,100025,100,99300,100,100040,100,99175,100,100052,100,99055,100,100054,100,,
2019-06-28 09:41:20.000000000,99929,186,99836,186,99939,183,99822,183,99967,183,99817,183,99977,100,99684,100,99979,200,99460,100,100020,100,99412,100,100025,100,99300,100,100040,100,99175,100,100052,100,99055,100,100054,100,,
2019-06-28 09:41:25.972296291,99929,186,99836,286,99939,183,99822,183,99967,183,99817,183,99977,100,99684,100,99979,200,99460,100,100020,100,99412,100,100025,100,99300,100,100040,100,99175,100,100052,100,99055,100,100054,100,,
2019-06-28 09:41:30.000000000,99929,226,99836,326,99939,226,99822,226,99967,100,99817,100,99977,100,99684,100,99979,200,99460,100,100020,100,99412,100,100025,100,99300,100,100040,100,99175,100,100052,100,99055,100,100054,100,,
2019-06-28 09:41:30.486900757,99929,126,99836,326,99939,226,99822,226,99967,100,99817,100,99977,100,99684,100,99979,200,99460,100,100020,100,99412,100,100025,100,99300,100,100040,100,99175,100,100052,100,99055,100,100054,100,,
2019-06-28 09:41:40.000000000,99939,226,99836,326,99967,226,99822,226,99977,100,99817,100,99979,200,99684,100,100020,100,99460,100,100025,100,99412,100,100040,100,99300,100,100052,100,99175,100,100054,100,99055,100,100063,200,,
2019-06-28 09:41:50.000000000,99939,150,99836,250,99967,150,99822,150,99977,150,99817,150,99979,250,99684,150,100020,150,99460,150,100025,100,99412,100,100040,100,99300,100,100052,100,99175,100,100054,100,99055,100,100063,200,,
2019-06-28 09:42:00.000000000,99939,352,99836,452,99967,100,99822,100,99977,100,99817,100,99979,200,99684,100,100020,100,99460,100,100025,100,99412,100,100040,100,99300,100,100052,100,99175,100,100054,100,99055,100,100063,200,,
2019-06-28 09:42:10.000000000,99939,226,99836,326,99967,226,99822,226,99977,100,99817,100,99979,200,99684,100,100020,100,99460,100,100025,100,99412,100,100040,100,99300,100,100052,100,99175,100,100054,100,99055,100,100063,200,,
2019-06-28 09:42:11.033817655,99939,126,99836,226,99967,226,99822,226,99977,100,99817,100,99979,200,99684,100,100020,100,99460,100,100025,100,99412,100,100040,100,99300,100,100052,100,99175,100,100054,100,99055,100,100063,200,,
2019-06-28 09:42:20.000000000,99967,150,99836,150,99977,150,99822,150,99979,250,99817,150,100020,150,99684,150,100025,150,99460,150,100040,100,99412,100,100052,100,99300,100,100054,100,99175,100,100063,200,99055,100,100065,100,,
2019-06-28 09:42:23.056225106,99967,150,99836,150,99977,150,99822,150,99979,250,99817,150,100020,150,99684,150,100025,150,99460,150,100040,100,99412,100,100052,100,99339,100,100054,100,99300,100,100063,200,99175,100,100065,100,99055,100
2019-06-28 09:42:24.496407635,99895,100,99836,150,99967,150,99822,150,99977,150,99817,150,99979,250,99684,50,100020,150,99460,150,100025,150,99412,100,100040,100,99339,100,100052,100,99300,100,100054,100,99175,100,100063,200,99055,100
2019-06-28 09:42:30.000000000,99895,352,99836,352,99967,100,99822,100,99977,100,99817,100,99979,200,99460,100,100020,100,99412,100,100025,100,99339,100,100040,100,99300,100,100052,100,99175,100,100054,100,99055,100,100063,200,,
2019-06-28 09:42:40.000000000,99895,163,99836,163,99967,163,99822,163,99977,163,99817,163,99979,263,99460,163,100020,100,99412,100,100025,100,99339,100,100040,100,99300,100,100052,100,99175,100,100054,100,99055,100,100063,200,,
2019-06-28 09:42:43.565366795,99895,163,99836,163,99967,163,99822,163,99977,163,99817,163,99979,263,99460,163,100008,100,99412,100,100020,100,99339,100,100025,100,99300,100,100040,100,99175,100,100052,100,99055,100,100054,100,,
2019-06-28 09:42:50.000000000,99895,186,99836,186,99967,183,99822,183,99977,183,99817,183,99979,200,99460,100,100008,100,99412,100,100020,100,99339,100,100025,100,99300,100,100040,100,99175,100,100052,100,99055,100,100054,100,,
2019-06-28 09:42:53.463464281,99895,186,99888,100,99967,183,99836,186,99977,183,99822,183,99979,200,99817,183,100008,100,99460,100,100020,100,99412,100,100025,100,99339,100,100040,100,99300,100,100052,100,99175,100,100054,100,99055,100
2019-06-28 09:43:00.000000000,99895,352,99888,352,99967,100,99836,100,99977,100,99822,100,99979,200,99817,100,100008,100,99460,100,100020,100,99412,100,100025,100,99339,100,100040,100,99300,100,100052,100,99175,100,100054,100,99055,100
2019-06-28 09:43:10.000000000,99895,226,99888,226,99967,226,99836,226,99977,100,99822,100,99979,200,99817,100,100008,100,99460,100,100020,100,99412,100,100025,100,99339,100,100040,100,99300,100,100052,100,99175,100,100054,100,99055,100
2019-06-28 09:43:10.511750591,99895,226,99888,226,99967,226,99870,100,99977,100,99836,226,99979,200,99822,100,100008,100,99817,100,100020,100,99460,100,100025,100,99412,100,100040,100,99339,100,100054,100,99300,100,100063,200,99175,100
2019-06-28 09:43:20.000000000,99895,150,99888,150,99967,150,99870,150,99977,150,99836,150,99979,250,99822,150,100008,150,99817,150,100020,100,99460,100,100025,100,99412,100,100040,100,99339,100,100054,100,99300,100,100063,200,99175,100
2019-06-28 09:43:30.000000000,99895,186,99888,186,99967,183,99870,183,99977,183,99836,183,99979,200,99822,100,100008,100,99817,100,100020,100,99460,100,100025,100,99412,100,100040,100,99339,100,100054,100,99300,100,100063,200,99175,100
2019-06-28 09:43:31.032890583,99895,186,99888,186,99944,100,99870,183,99967,183,99836,183,99977,183,99822,100,99979,200,99817,100,100008,100,99460,100,100020,100,99412,100,100025,100,99339,100,100040,100,99300,100,100054,100,99175,100
2019-06-28 09:43:40.000000000,99895,150,99888,150,99944,150,99870,150,99967,150,99836,150,99977,150,99822,150,99979,250,99817,150,100008,100,99460,100,100020,100,99412,100,100025,100,99339,100,100040,100,99300,100,100054,100,99175,100
2019-06-28 09:43:45.397357669,99895,150,99888,150,99944,150,99870,150,99967,50,99836,150,99977,150,99822,150,99979,250,99817,150,100008,100,99460,100,100020,100,99435,100,100025,100,99412,100,100040,100,99339,100,100054,100,99300,100
2019-06-28 09:43:50.000000000,99895,352,99888,352,99944,100,99870,100,99977,100,99836,100,99979,200,99822,100,100008,100,99817,100,100020,100,99460,100,100025,100,99435,100,100040,100,99412,100,100054,100,99339,100,100063,100,99300,100
2019-06-28 09:44:00.000000000,99895,352,99888,352,99944,100,99870,100,99977,100,99836,100,99979,200,99822,100,100008,100,99817,100,100020,100,99460,100,100025,100,99435,100,100040,100,99412,100,100054,100,99339,100,100063,100,99300,100
2019-06-28 09:44:05.818058200,99895,352,99888,352,99944,100,99870,100,99977,100,99836,100,99979,200,99822,100,100020,100,99817,100,100025,100,99470,100,100040,100,99460,100,100054,100,99435,100,100063,100,99412,100,100065,100,99339,100
2019-06-28 09:44:10.000000000,99895,150,99888,150,99944,150,99870,150,99977,150,99836,150,99979,250,99822,150,100020,150,99817,150,100025,100,99470,100,100040,100,99460,100,100054,100,99435,100,100063,100,99412,100,100065,100,99339,100
2019-06-28 09:44:20.000000000,99895,163,99888,163,99944,163,99870,163,99977,163,99836,163,99979,263,99822,163,100020,100,99817,100,100025,100,99470,100,100040,100,99460,100,100054,100,99435,100,100063,100,99412,100,100065,100,99339,100
2019-06-28 09:44:26.897322151,99895,163,99888,63,99944,163,99870,163,99977,163,99836,163,99979,263,99822,163,100020,100,99817,100,100025,100,99685,100,100040,100,99470,100,100054,100,99460,100,100063,100,99435,100,100065,100,99412,100
2019-06-28 09:44:30.000000000,99895,150,99870,150,99944,150,99836,150,99977,150,99822,150,99979,250,99817,150,100020,150,99685,150,100025,100,99470,100,100040,100,99460,100,100054,100,99435,100,100063,100,99412,100,100065,100,99339,100
2019-06-28 09:44:30.842930646,99895,150,99870,150,99944,150,99836,150,99977,50,99822,150,99979,250,99817,150,100020,150,99685,150,100025,100,99470,100,100040,100,99460,100,100054,100,99435,100,100063,100,99412,100,100065,100,99339,100
2019-06-28 09:44:40.000000000,99895,150,99870,150,99944,150,99836,150,99979,250,99822,150,100020,150,99817,150,100025,150,99685,150,100040,100,99470,100,100054,100,99460,100,100063,100,99435,100,100065,100,99412,100,100072,100,99339,100
2019-06-28 09:44:50.000000000,99895,186,99870,186,99944,183,99836,183,99979,283,99822,183,100020,100,99817,100,100025,100,99685,100,100040,100,99470,100,100054,100,99460,100,100063,100,99435,100,100065,100,99412,100,100072,100,99339,100
2019-06-28 09:44:58.558049877,99895,186,99870,86,99944,183,99836,183,99979,283,99822,183,100020,100,99817,100,100025,100,99685,100,100040,100,99470,100,100054,100,99460,100,100063,100,99435,100,100065,100,99412,100,100072,100,99339,100
2019-06-28 09:45:00.000000000,99895,186,99836,186,99944,183,99822,183,99979,283,99817,183,100020,100,99685,100,100025,100,99470,100,100040,100,99460,100,100054,100,99435,100,100063,100,99412,100,100065,100,99339,100,100072,100,99300,100
2019-06-28 09:45:10.000000000,99895,150,99836,150,99944,150,99822,150,99979,250,99817,150,100020,150,99685,150,100025,150,99470,150,100040,100,99460,100,100054,100,99435,100,100063,100,99412,100,100065,100,99339,100,100072,100,99300,100
2019-06-28 09:45:20.000000000,99895,163,99836,163,99944,163,99822,163,99979,263,99817,163,100020,163,99685,163,100025,100,99470,100,100040,100,99460,100,100054,100,99435,100,100063,100,99412,100,100065,100,99339,100,100072,100,99300,100
2019-06-28 09:45:26.678743375,99895,163,99836,63,99944,163,99822,163,99979,263,99817,163,100020,163,99685,163,100025,100,99470,100,100040,100,99460,100,100054,100,99435,100,100063,100,99412,100,100065,100,99339,100,100072,100,99300,100
2019-06-28 09:45:29.732930005,99836,37,99822,163,99895,163,99817,163,99944,163,99685,163,99979,263,99470,100,100020,163,99460,100,100025,100,99435,100,100040,100,99412,100,100054,100,99339,100,100063,100,99300,100,100065,100,99175,100
2019-06-28 09:45:30.000000000,99836,87,99822,150,99895,150,99817,150,99944,150,99685,150,99979,250,99470,150,100020,150,99460,150,100025,100,99435,100,100040,100,99412,100,100054,100,99339,100,100063,100,99300,100,100065,100,99175,100
2019-06-28 09:45:40.000000000,99836,163,99822,226,99895,226,99817,226,99944,100,99685,100,99979,200,99470,100,100020,100,99460,100,100025,100,99435,100,100040,100,99412,100,100054,100,99339,100,100063,100,99300,100,100065,100,99175,100
2019-06-28 09:45:48.492926131,99836,163,99822,226,99895,226,99817,226,99944,100,99685,100,99979,200,99635,100,100020,100,99470,100,100025,100,99460,100,100040,100,99435,100,100054,100,99412,100,100063,100,99339,100,100065,100,99300,100
2019-06-28 09:45:50.000000000,99836,87,99822,150,99895,150,99817,150,99944,150,99685,150,99979,250,99635,150,100020,150,99470,150,100025,100,99460,100,100040,100,99435,100,100054,100,99412,100,100063,100,99339,100,100065,100,99300,100
2019-06-28 09:46:00.000000000,99836,100,99822,163,99895,163,99817,163,99944,163,99685,163,99979,263,99635,163,100020,100,99470,100,100025,100,99460,100,100040,100,99435,100,100054,100,99412,100,100063,100,99339,100,100065,100,99300,100
2019-06-28 09:46:08.414552367,99836,100,99822,163,99895,163,99817,163,99944,163,99814,100,99979,263,99685,163,100020,100,99635,63,100025,100,99470,100,100040,100,99460,100,100054,100,99435,100,100063,100,99412,100,100065,100,99339,100
2019-06-28 09:46:10.000000000,99836,87,99822,150,99895,150,99817,150,99944,150,99814,150,99979,250,99685,150,100020,150,99470,150,100025,100,99460,100,100040,100,99435,100,100054,100,99412,100,100063,100,99339,100,100065,100,99300,100
2019-06-28 09:46:17.854730505,99836,87,99822,150,99895,150,99817,150,99944,150,99814,150,99979,250,99685,150,100020,50,99470,150,100025,100,99460,100,100040,100,99435,100,100054,100,99416,100,100063,100,99412,100,100065,100,99339,100
2019-06-28 09:46:20.000000000,99836,123,99822,186,99895,183,99817,183,99944,183,99814,183,99979,200,99685,100,100025,100,99470,100,100040,100,99460,100,100054,100,99435,100,100063,100,99416,100,100065,100,99412,100,100072,100,99339,100
2019-06-28 09:46:30.000000000,99836,100,99822,163,99895,163,99817,163,99944,163,99814,163,99979,263,99685,163,100025,100,99470,100,100040,100,99460,100,100054,100,99435,100,100063,100,99416,100,100065,100,99412,100,100072,100,99339,100
2019-06-28 09:46:40.000000000,99836,87,99822,150,99895,150,99817,150,99944,150,99814,150,99979,250,99685,150,100025,150,99470,150,100040,100,99460,100,100054,100,99435,100,100063,100,99416,100,100065,100,99412,100,100072,100,99339,100
2019-06-28 09:46:50.000000000,99836,123,99822,186,99895,183,99817,183,99944,183,99814,183,99979,200,99685,100,100025,100,99470,100,100040,100,99460,100,100054,100,99435,100,100063,100,99416,100,100065,100,99412,100,100072,100,99339,100
2019-06-28 09:47:00.000000000,99836,87,99822,150,99895,150,99817,150,99944,150,99814,150,99979,250,99685,150,100025,150,99470,150,100040,100,99460,100,100054,100,99435,100,100063,100,99416,100,100065,100,99412,100,100072,100,99339,100
2019-06-28 09:47:10.000000000,99836,100,99822,163,99895,163,99817,163,99944,163,99814,163,99979,263,99685,163,100025,100,99470,100,100040,100,99460,100,100054,100,99435,100,100063,100,99416,100,100065,100,99412,100,100072,100,99339,100
2019-06-28 09:47:15.163626166,99836,100,99822,163,99895,163,99817,163,99944,163,99814,163,99979,263,99685,163,100025,100,99470,100,100040,100,99460,100,100054,100,99435,100,100063,100,99416,100,100065,100,99412,100,100072,100,99339,100
2019-06-28 09:47:20.000000000,99836,100,99822,163,99895,163,99817,163,99944,163,99814,163,99979,263,99685,163,100025,100,99470,100,100040,100,99460,100,100054,100,99435,100,100063,100,99416,100,100065,100,99412,100,100072,100,99339,100
2019-06-28 09:47:25.832901038,99836,100,99822,163,99895,163,99817,163,99944,163,99814,163,99979,263,99685,163,100025,100,99470,100,100040,100,99460,100,100054,100,99435,100,100063,100,99416,100,100065,100,99412,100,100072,100,99339,100
2019-06-28 09:47:29.648194414,99836,100,99822,163,99895,163,99817,163,99944,163,99814,163,99979,263,99685,163,100025,100,99470,100,100040,100,99460,100,100054,100,99435,100,100063,100,99416,100,100065,100,99412,100,100072,100,99339,100
2019-06-28 09:47:30.000000000,99836,123,99822,186,99895,183,99817,183,99944,183,99814,183,99979,200,99685,100,100025,100,99470,100,100040,100,99460,100,100054,100,99435,100,100063,100,99416,100,100065,100,99412,100,100072,100,99339,100
2019-06-28 09:47:40.000000000,99836,163,99822,226,99895,226,99817,226,99944,100,99814,100,99979,200,99685,100,100025,100,99470,100,100040,100,99460,100,100054,100,99435,100,100063,100,99416,100,100065,100,99412,100,100072,100,99339,100
2019-06-28 09:47:41.900030597,99836,263,99822,226,99895,226,99817,226,99944,100,99814,100,99979,100,99685,100,100025,100,99470,100,100040,100,99460,100,100054,100,99435,100,100063,100,99416,100,100065,100,99412,100,100072,100,99339,100
2019-06-28 09:47:50.000000000,99836,187,99822,150,99895,150,99817,150,99944,150,99814,150,99979,150,99685,150,100025,150,99470,150,100040,100,99460,100,100054,100,99435,100,100063,100,99416,100,100065,100,99412,100,100072,100,99339,100
2019-06-28 09:47:55.976855514,99836,187,99822,150,99895,150,99817,150,99944,50,99814,150,99979,150,99685,150,100025,150,99470,150,100040,100,99460,100,100054,100,99435,100,100063,100,99416,100,100065,100,99412,200,100072,100,99339,100
2019-06-28 09:48:00.000000000,99836,263,99822,226,99895,226,99817,226,99979,100,99814,100,100025,100,99685,100,100040,100,99470,100,100054,100,99460,100,100063,100,99435,100,100065,100,99416,100,100072,100,99412,200,100075,100,99339,100
2019-06-28 09:48:07.537814840,99836,226,99822,126,99895,226,99817,226,99979,100,99814,100,100025,100,99685,100,100040,100,99470,100,100054,100,99460,100,100063,100,99435,100,100065,100,99416,100,100072,100,99412,200,100075,100,99339,100
2019-06-28 09:48:10.000000000,99836,150,99817,150,99895,150,99814,150,99979,150,99685,150,100025,150,99470,150,100040,150,99460,150,100054,100,99435,100,100063,100,99416,100,100065,100,99412,200,100072,100,99339,100,100075,100,99300,100
2019-06-28 09:48:15.113733578,99836,150,99817,50,99895,150,99814,150,99979,150,99685,150,100025,150,99470,150,100040,150,99460,150,100054,100,99435,100,100063,100,99416,100,100065,100,99412,200,100072,100,99339,100,100075,100,99300,100
2019-06-28 09:48:18.001644208,99817,50,99814,150,99836,150,99685,150,99895,150,99470,150,99979,150,99460,150,100025,150,99435,100,100040,150,99416,100,100054,100,99412,200,100063,100,99339,100,100065,100,99300,100,100075,100,99175,100
2019-06-28 09:48:20.000000000,99817,176,99814,226,99836,226,99685,226,99895,100,99470,100,99979,100,99460,100,100025,100,99435,100,100040,100,99416,100,100054,100,99412,200,100063,100,99339,100,100065,100,99300,100,100075,100,99175,100
2019-06-28 09:48:30.000000000,99817,100,99814,150,99836,150,99685,150,99895,150,99470,150,99979,150,99460,150,100025,150,99435,150,100040,100,99416,100,100054,100,99412,200,100063,100,99339,100,100065,100,99300,100,100075,100,99175,100
2019-06-28 09:48:40.000000000,99817,176,99814,226,99836,226,99685,226,99895,100,99470,100,99979,100,99460,100,100025,100,99435,100,100040,100,99416,100,100054,100,99412,200,100063,100,99339,100,100065,100,99300,100,100075,100,99175,100
2019-06-28 09:48:42.027094014,99817,176,99814,126,99836,226,99685,226,99895,100,99470,100,99979,100,99460,100,100025,100,99435,100,100040,100,99416,100,100054,100,99412,200,100063,100,99339,100,100065,100,99300,100,100075,100,99175,100
2019-06-28 09:48:43.891088054,99817,176,99814,126,99836,226,99735,100,99895,100,99685,226,99979,100,99470,100,100025,100,99460,100,100040,100,99435,100,100054,100,99416,100,100063,100,99412,200,100065,100,99339,100,100075,100,99300,100
2019-06-28 09:48:50.000000000,99817,302,99735,352,99836,100,99685,100,99895,100,99470,100,99979,100,99460,100,100025,100,99435,100,100040,100,99416,100,100054,100,99412,200,100063,100,99339,100,100065,100,99300,100,100075,100,99175,100
2019-06-28 09:49:00.000000000,99817,113,99735,163,99836,163,99685,163,99895,163,99470,163,99979,163,99460,163,100025,100,99435,100,100040,100,99416,100,100054,100,99412,200,100063,100,99339,100,100065,100,99300,100,100075,100,99175,100
2019-06-28 09:49:10.000000000,99817,113,99735,163,99836,163,99685,163,99895,163,99470,163,99979,163,99460,163,100025,100,99435,100,100040,100,99416,100,100054,100,99412,200,100063,100,99339,100,100065,100,99300,100,100075,100,99175,100
2019-06-28 09:49:15.931411632,99817,113,99735,163,99836,163,99685,163,99895,163,99470,163,99979,163,99460,163,100040,100,99435,100,100054,100,99416,100,100063,100,99412,200,100065,100,99339,100,100075,100,99324,100,100095,100,99300,100
2019-06-28 09:49:18.035152411,99816,100,99735,163,99817,113,99685,163,99836,163,99470,163,99895,163,99460,163,99979,163,99435,100,100040,100,99416,100,100054,100,99412,200,100063,100,99339,100,100065,100,99324,100,100075,100,99300,100
2019-06-28 09:49:20.000000000,99816,226,99735,226,99817,176,99685,226,99836,100,99470,100,99895,100,99460,100,99979,100,99435,100,100040,100,99416,100,100054,100,99412,200,100063,100,99339,100,100065,100,99324,100,100075,100,99300,100
2019-06-28 09:49:24.339098990,99816,226,99735,126,99817,176,99685,226,99836,100,99470,100,99895,100,99460,100,99979,100,99435,100,100040,100,99416,100,100054,100,99412,100,100063,100,99339,100,100065,100,99324,100,100075,100,99300,100
2019-06-28 09:49:30.000000000,99816,150,99685,150,99817,100,99470,150,99836,150,99460,150,99895,150,99435,150,99979,150,99416,150,100040,100,99412,100,100054,100,99339,100,100063,100,99324,100,100065,100,99300,100,100075,100,99175,100
2019-06-28 09:49:39.431932125,99814,100,99685,150,99816,150,99470,150,99817,100,99460,150,99836,150,99435,150,99895,150,99416,150,99979,50,99412,100,100040,100,99339,100,100054,100,99324,100,100063,100,99300,100,100065,100,99175,100
2019-06-28 09:49:40.000000000,99814,352,99685,352,99816,100,99470,100,99817,50,99460,100,99836,100,99435,100,99895,100,99416,100,100040,100,99412,100,100054,100,99339,100,100063,100,99324,100,100065,100,99300,100,100075,100,99175,100
2019-06-28 09:49:50.000000000,99814,352,99685,352,99816,100,99470,100,99817,50,99460,100,99836,100,99435,100,99895,100,99416,100,100040,100,99412,100,100054,100,99339,100,100063,100,99324,100,100065,100,99300,100,100075,100,99175,100
2019-06-28 09:49:59.651420797,99814,352,99685,352,99816,100,99470,100,99817,50,99460,100,99836,100,99435,100,99895,100,99416,100,100040,100,99412,100,100054,100,99405,100,100063,100,99339,100,100075,100,99324,100,100095,100,99300,100
2019-06-28 09:50:00.000000000,99814,150,99685,150,99816,150,99470,150,99817,100,99460,150,99836,150,99435,150,99895,150,99416,150,100040,100,99412,100,100054,100,99405,100,100063,100,99339,100,100075,100,99324,100,100095,100,99300,100
2019-06-28 09:50:10.000000000,99814,163,99685,163,99816,163,99470,163,99817,113,99460,163,99836,163,99435,163,99895,100,99416,100,100040,100,99412,100,100054,100,99405,100,100063,100,99339,100,100075,100,99324,100,100095,100,99300,100
2019-06-28 09:50:20.000000000,99814,186,99685,186,99816,183,99470,183,99817,133,99460,183,99836,100,99435,100,99895,100,99416,100,100040,100,99412,100,100054,100,99405,100,100063,100,99339,100,100075,100,99324,100,100095,100,99300,100
2019-06-28 09:50:26.792141670,99814,186,99685,86,99816,183,99470,183,99817,133,99460,183,99836,100,99435,100,99895,100,99416,100,100040,100,99412,100,100054,100,99405,100,100063,100,99339,100,100075,100,99324,100,100095,100,99300,100
2019-06-28 09:50:30.000000000,99814,352,99470,352,99816,100,99460,100,99817,50,99435,100,99836,100,99416,100,99895,100,99412,100,100040,100,99405,100,100054,100,99339,100,100063,100,99324,100,100075,100,99300,100,100095,100,99175,100
2019-06-28 09:50:40.000000000,99814,226,99470,226,99816,226,99460,226,99817,50,99435,100,99836,100,99416,100,99895,100,99412,100,100040,100,99405,100,100054,100,99339,100,100063,100,99324,100,100075,100,99300,100,100095,100,99175,100
2019-06-28 09:50:50.000000000,99814,226,99470,226,99816,226,99460,226,99817,50,99435,100,99836,100,99416,100,99895,100,99412,100,100040,100,99405,100,100054,100,99339,100,100063,100,99324,100,100075,100,99300,100,100095,100,99175,100
2019-06-28 09:51:00.000000000,99814,226,99470,226,99816,226,99460,226,99817,50,99435,100,99836,100,99416,100,99895,100,99412,100,100040,100,99405,100,100054,100,99339,100,100063,100,99324,100,100075,100,99300,100,100095,100,99175,100
2019-06-28 09:51:01.906770267,99814,226,99705,100,99816,226,99470,226,99817,50,99460,126,99836,100,99435,100,99895,100,99416,100,100040,100,99412,100,100054,100,99405,100,100063,100,99339,100,100075,100,99324,100,100095,100,99300,100
2019-06-28 09:51:06.793442070,99735,100,99705,100,99814,226,99470,226,99816,226,99460,126,99817,50,99435,100,99836,100,99416,100,99895,100,99412,100,100040,100,99405,100,100054,100,99339,100,100063,100,99324,100,100075,100,99300,100
2019-06-28 09:51:10.000000000,99735,186,99705,186,99814,183,99470,183,99816,183,99435,183,99817,50,99416,100,99836,100,99412,100,99895,100,99405,100,100040,100,99339,100,100054,100,99324,100,100063,100,99300,100,100075,100,99175,100
2019-06-28 09:51:20.000000000,99735,226,99705,226,99814,226,99470,226,99816,100,99435,100,99817,50,99416,100,99836,100,99412,100,99895,100,99405,100,100040,100,99339,100,100054,100,99324,100,100063,100,99300,100,100075,100,99175,100
2019-06-28 09:51:30.000000000,99735,352,99705,352,99814,100,99470,100,99816,100,99435,100,99817,50,99416,100,99836,100,99412,100,99895,100,99405,100,100040,100,99339,100,100054,100,99324,100,100063,100,99300,100,100075,100,99175,100
2019-06-28 09:51:38.786595252,99735,352,99705,352,99814,100,99545,100,99816,100,99470,100,99817,50,99435,100,99836,100,99416,100,99895,100,99412,100,100040,100,99405,100,100054,100,99339,100,100075,100,99324,100,100095,100,99300,100
2019-06-28 09:51:40.000000000,99735,150,99705,150,99814,150,99545,150,99816,150,99470,150,99817,100,99435,150,99836,150,99416,150,99895,100,99412,100,100040,100,99405,100,100054,100,99339,100,100075,100,99324,100,100095,100,99300,100
2019-06-28 09:51:47.628747553,99735,50,99705,150,99814,50,99545,150,99816,150,99470,150,99817,100,99435,150,99836,150,99416,150,99895,100,99412,100,100040,100,99405,100,100054,100,99339,100,100075,100,99324,100,100095,100,99300,100
2019-06-28 09:51:50.000000000,99816,352,99705,352,99817,50,99545,100,99836,100,99470,100,99895,100,99435,100,100040,100,99416,100,100054,100,99412,100,100075,100,99405,100,100095,100,99339,100,100126,100,99324,100,,,99300,100
2019-06-28 09:52:00.000000000,99816,163,99705,163,99817,113,99545,163,99836,163,99470,163,99895,163,99435,163,100040,100,99416,100,100054,100,99412,100,100075,100,99405,100,100095,100,99339,100,100126,100,99324,100,,,99300,100
2019-06-28 09:52:10.000000000,99816,186,99705,186,99817,133,99545,183,99836,183,99470,183,99895,100,99435,100,100040,100,99416,100,100054,100,99412,100,100075,100,99405,100,100095,100,99339,100,100126,100,99324,100,,,99300,100
2019-06-28 09:52:20.000000000,99816,186,99705,186,99817,133,99545,183,99836,183,99470,183,99895,100,99435,100,100040,100,99416,100,100054,100,99412,100,100075,100,99405,100,100095,100,99339,100,100126,100,99324,100,,,99300,100
2019-06-28 09:52:29.247877496,99816,186,99705,86,99817,133,99545,183,99836,183,99470,183,99895,100,99435,100,100040,100,99416,100,100054,100,99412,100,100075,100,99405,100,100095,100,99339,100,100126,100,99300,100,,,99175,100
2019-06-28 09:52:30.000000000,99816,352,99545,352,99817,50,99470,100,99836,100,99435,100,99895,100,99416,100,100040,100,99412,100,100054,100,99405,100,100075,100,99339,100,100095,100,99300,100,100126,100,99175,100,,,99055,100
2019-06-28 09:52:40.000000000,99816,352,99545,352,99817,50,99470,100,99836,100,99435,100,99895,100,99416,100,100040,100,99412,100,100054,100,99405,100,100075,100,99339,100,100095,100,99300,100,100126,100,99175,100,,,99055,100
2019-06-28 09:52:43.134928343,99578,100,99545,352,99816,352,99470,100,99817,50,99435,100,99836,100,99416,100,99895,100,99412,100,100040,100,99405,100,100054,100,99339,100,100075,100,99300,100,100095,100,99175,100,100126,100,99055,100
2019-06-28 09:52:43.219235826,99578,100,99545,352,99816,352,99470,100,99817,50,99435,100,99836,100,99416,100,99895,100,99412,100,100040,100,99405,100,100054,100,99400,100,100075,100,99339,100,100095,100,99300,100,100126,100,99175,100
2019-06-28 09:52:50.000000000,99578,163,99545,163,99816,163,99470,163,99817,113,99435,163,99836,163,99416,163,99895,100,99412,100,100040,100,99405,100,100054,100,99400,100,100075,100,99339,100,100095,100,99300,100,100126,100,99175,100
2019-06-28 09:53:00.000000000,99578,226,99545,226,99816,226,99470,226,99817,50,99435,100,99836,100,99416,100,99895,100,99412,100,100040,100,99405,100,100054,100,99400,100,100075,100,99339,100,100095,100,99300,100,100126,100,99175,100
2019-06-28 09:53:10.000000000,99578,186,99545,186,99816,183,99470,183,99817,133,99435,183,99836,100,99416,100,99895,100,99412,100,100040,100,99405,100,100054,100,99400,100,100075,100,99339,100,100095,100,99300,100,100126,100,99175,100
2019-06-28 09:53:16.129852899,99578,186,99545,186,99816,183,99470,183,99817,133,99435,183,99836,100,99416,100,99895,100,99412,100,100040,100,99405,100,100054,100,99400,100,100075,100,99339,100,100095,100,99300,100,100126,100,99213,100
2019-06-28 09:53:20.000000000,99578,163,99545,163,99816,163,99470,163,99817,113,99435,163,99836,163,99416,163,99895,100,99412,100,100040,100,99405,100,100054,100,99400,100,100075,100,99339,100,100095,100,99300,100,100126,100,99213,100
2019-06-28 09:53:30.000000000,99578,163,99545,163,99816,163,99470,163,99817,113,99435,163,99836,163,99416,163,99895,100,99412,100,100040,100,99405,100,100054,100,99400,100,100075,100,99339,100,100095,100,99300,100,100126,100,99213,100
2019-06-28 09:53:35.032328487,99578,163,99545,163,99609,100,99470,163,99816,163,99435,163,99817,113,99416,163,99836,163,99412,100,99895,100,99405,100,100040,100,99400,100,100054,100,99339,100,100075,100,99300,100,100095,100,99213,100
2019-06-28 09:53:35.877617254,99578,163,99545,163,99609,100,99471,100,99816,163,99470,163,99817,113,99435,163,99836,163,99416,163,99895,100,99412,100,100040,100,99405,100,100054,100,99400,100,100075,100,99339,100,100095,100,99300,100
2019-06-28 09:53:40.000000000,99578,186,99545,186,99609,183,99471,183,99816,183,99470,183,99817,50,99435,100,99836,100,99416,100,99895,100,99412,100,100040,100,99405,100,100054,100,99400,100,100075,100,99339,100,100095,100,99300,100
2019-06-28 09:53:41.903423411,99578,186,99545,186,99609,183,99471,183,99816,183,99470,183,99817,50,99435,100,99895,100,99416,100,100040,100,99412,100,100054,100,99405,100,100075,100,99400,100,100095,100,99339,100,100126,100,99300,100
2019-06-28 09:53:49.657280478,99578,186,99545,186,99609,183,99471,183,99816,183,99470,183,99817,50,99435,100,99895,100,99416,100,100040,100,99412,100,100054,100,99408,100,100075,100,99405,100,100095,100,99400,100,100126,100,99339,100
2019-06-28 09:53:50.000000000,99578,186,99545,186,99609,183,99471,183,99816,183,99470,183,99817,50,99435,100,99895,100,99416,100,100040,100,99412,100,100054,100,99408,100,100075,100,99405,100,100095,100,99400,100,100126,100,99339,100
2019-06-28 09:53:52.374286184,99578,186,99545,86,99609,183,99471,183,99816,183,99470,183,99817,50,99435,100,99895,100,99416,100,100040,100,99412,100,100054,100,99408,100,100075,100,99405,100,100095,100,99400,100,100126,100,99339,100
2019-06-28 09:53:55.022843461,99577,100,99545,86,99578,186,99471,183,99609,183,99470,183,99816,183,99435,100,99817,50,99416,100,99895,100,99412,100,100040,100,99408,100,100054,100,99405,100,100075,100,99400,100,100095,100,99339,100
2019-06-28 09:54:00.000000000,99577,163,99471,163,99578,163,99470,163,99609,163,99435,163,99816,163,99416,163,99817,50,99412,100,99895,100,99408,100,100040,100,99405,100,100054,100,99400,100,100075,100,99339,100,100095,100,99300,100
2019-06-28 09:54:10.000000000,99577,150,99471,150,99578,150,99470,150,99609,150,99435,150,99816,150,99416,150,99817,100,99412,150,99895,100,99408,100,100040,100,99405,100,100054,100,99400,100,100075,100,99339,100,100095,100,99300,100
2019-06-28 09:54:20.000000000,99577,226,99471,226,99578,226,99470,226,99609,100,99435,100,99816,100,99416,100,99817,50,99412,100,99895,100,99408,100,100040,100,99405,100,100054,100,99400,100,100075,100,99339,100,100095,100,99300,100
2019-06-28 09:54:28.253374840,99577,226,99544,100,99578,226,99471,226,99609,100,99470,226,99816,100,99435,100,99817,50,99416,100,99895,100,99408,100,100040,100,99405,100,100054,100,99400,100,100075,100,99339,100,100095,100,99300,100
2019-06-28 09:54:28.346214589,99577,226,99544,100,99578,226,99471,226,99609,100,99470,226,99816,100,99435,100,99817,50,99416,100,99895,100,99408,100,100040,100,99405,100,100054,100,99400,100,100075,100,99339,100,100095,100,99311,100
2019-06-28 09:54:30.000000000,99577,186,99544,186,99578,183,99471,183,99609,183,99470,183,99816,100,99435,100,99817,50,99416,100,99895,100,99408,100,100040,100,99405,100,100054,100,99400,100,100075,100,99339,100,100095,100,99311,100
2019-06-28 09:54:38.188355245,99577,186,99544,186,99578,183,99471,183,99609,183,99470,183,99816,100,99435,100,99895,100,99416,100,100040,100,99408,100,100054,100,99405,100,100075,100,99400,100,100095,100,99365,100,100126,100,99339,100
2019-06-28 09:54:40.000000000,99577,226,99544,226,99578,226,99471,226,99609,100,99470,100,99816,100,99435,100,99895,100,99416,100,100040,100,99408,100,100054,100,99405,100,100075,100,99400,100,100095,100,99365,100,100126,100,99339,100
2019-06-28 09:54:50.000000000,99577,150,99544,150,99578,150,99471,150,99609,150,99470,150,99816,150,99435,150,99895,150,99416,150,100040,100,99408,100,100054,100,99405,100,100075,100,99400,100,100095,100,99365,100,100126,100,99339,100
2019-06-28 09:54:55.740585244,99577,150,99544,150,99578,150,99471,150,99609,150,99470,150,99789,100,99435,150,99816,150,99416,150,99895,150,99408,100,100040,100,99405,100,100054,100,99400,100,100075,100,99365,100,100095,100,99339,100
2019-06-28 09:55:00.000000000,99577,226,99544,226,99578,226,99471,226,99609,100,99470,100,99789,100,99435,100,99816,100,99416,100,99895,100,99408,100,100040,100,99405,100,100054,100,99400,100,100075,100,99365,100,100095,100,99339,100
2019-06-28 09:55:07.057963651,99577,226,99544,226,99578,226,99471,226,99609,100,99470,100,99789,100,99435,100,99799,100,99416,100,99816,100,99408,100,99895,100,99405,100,100040,100,99400,100,100054,100,99365,100,100075,100,99339,100
2019-06-28 09:55:10.000000000,99577,226,99544,226,99578,226,99471,226,99609,100,99470,100,99789,100,99435,100,99799,100,99416,100,99816,100,99408,100,99895,100,99405,100,100040,100,99400,100,100054,100,99365,100,100075,100,99339,100
2019-06-28 09:55:17.766124531,99577,226,99544,226,99578,226,99471,226,99609,100,99470,100,99705,100,99435,100,99789,100,99416,100,99799,100,99408,100,99816,100,99405,100,99895,100,99400,100,100040,100,99365,100,100054,100,99339,100
2019-06-28 09:55:20.000000000,99577,352,99544,352,99578,100,99471,100,99609,100,99470,100,99705,100,99435,100,99789,100,99416,100,99799,100,99408,100,99816,100,99405,100,99895,100,99400,100,100040,100,99365,100,100054,100,99339,100
2019-06-28 09:55:30.000000000,99577,226,99544,226,99578,226,99471,226,99609,100,99470,100,99705,100,99435,100,99789,100,99416,100,99799,100,99408,100,99816,100,99405,100,99895,100,99400,100,100040,100,99365,100,100054,100,99339,100
2019-06-28 09:55:31.035312147,99577,226,99544,126,99578,226,99471,226,99609,100,99470,100,99705,100,99435,100,99789,100,99416,100,99799,100,99408,100,99816,100,99405,100,99895,100,99400,100,100040,100,99365,100,100054,100,99339,100
2019-06-28 09:55:40.000000000,99577,163,99471,163,99578,163,99470,163,99609,163,99435,163,99705,163,99416,163,99789,100,99408,100,99799,100,99405,100,99816,100,99400,100,99895,100,99365,100,100040,100,99339,100,100054,100,99311,100
2019-06-28 09:55:50.000000000,99577,226,99471,226,99578,226,99470,226,99609,100,99435,100,99705,100,99416,100,99789,100,99408,100,99799,100,99405,100,99816,100,99400,100,99895,100,99365,100,100040,100,99339,100,100054,100,99311,100
2019-06-28 09:56:00.000000000,99577,163,99471,163,99578,163,99470,163,99609,163,99435,163,99705,163,99416,163,99789,100,99408,100,99799,100,99405,100,99816,100,99400,100,99895,100,99365,100,100040,100,99339,100,100054,100,99311,100
2019-06-28 09:56:07.613861877,99577,163,99471,163,99578,163,99470,163,99609,163,99435,163,99705,163,99416,163,99789,100,99408,100,99799,100,99405,100,99816,100,99400,100,99895,100,99365,100,100040,100,99339,100,100054,100,99311,100
2019-06-28 09:56:10.000000000,99577,150,99471,150,99578,150,99470,150,99609,150,99435,150,99705,150,99416,150,99789,150,99408,150,99799,100,99405,100,99816,100,99400,100,99895,100,99365,100,100040,100,99339,100,100054,100,99311,100
2019-06-28 09:56:20.000000000,99577,186,99471,186,99578,183,99470,183,99609,183,99435,183,99705,100,99416,100,99789,100,99408,100,99799,100,99405,100,99816,100,99400,100,99895,100,99365,100,100040,100,99339,100,100054,100,99311,100
2019-06-28 09:56:25.583759648,99577,186,99471,186,99578,183,99470,183,99609,183,99435,183,99705,100,99416,100,99789,100,99408,100,99799,100,99405,100,99816,100,99400,100,99895,100,99365,100,100040,100,99339,100,100054,100,99300,100
2019-06-28 09:56:28.660243625,99577,186,99471,186,99578,183,99470,183,99609,183,99435,183,99705,100,99416,100,99789,100,99408,100,99799,100,99405,100,99816,100,99400,100,99895,100,99365,100,100040,100,99339,100,100054,100,99300,100
2019-06-28 09:56:30.000000000,99577,352,99471,352,99578,100,99470,100,99609,100,99435,100,99705,100,99416,100,99789,100,99408,100,99799,100,99405,100,99816,100,99400,100,99895,100,99365,100,100040,100,99339,100,100054,100,99300,100
2019-06-28 09:56:31.312926225,99577,352,99471,252,99578,100,99470,100,99609,100,99435,100,99705,100,99416,100,99789,100,99408,100,99799,100,99405,100,99816,100,99400,100,99895,100,99365,100,100040,100,99339,100,100054,100,99300,100
2019-06-28 09:56:40.000000000,99577,163,99470,163,99578,163,99435,163,99609,163,99416,163,99705,163,99408,163,99789,100,99405,100,99799,100,99400,100,99816,100,99365,100,99895,100,99339,100,100040,100,99300,100,100054,100,99213,100
2019-06-28 09:56:50.000000000,99577,226,99470,226,99578,226,99435,226,99609,100,99416,100,99705,100,99408,100,99789,100,99405,100,99799,100,99400,100,99816,100,99365,100,99895,100,99339,100,100040,100,99300,100,100054,100,99213,100
2019-06-28 09:57:00.000000000,99577,186,99470,186,99578,183,99435,183,99609,183,99416,183,99705,100,99408,100,99789,100,99405,100,99799,100,99400,100,99816,100,99365,100,99895,100,99339,100,100040,100,99300,100,100054,100,99213,100
2019-06-28 09:57:10.000000000,99577,226,99470,226,99578,226,99435,226,99609,100,99416,100,99705,100,99408,100,99789,100,99405,100,99799,100,99400,100,99816,100,99365,100,99895,100,99339,100,100040,100,99300,100,100054,100,99213,100
2019-06-28 09:57:12.044547081,99577,226,99470,126,99578,226,99435,226,99609,100,99416,100,99705,100,99408,100,99789,100,99405,100,99799,100,99400,100,99816,100,99365,100,99895,100,99339,100,100040,100,99300,100,100054,100,99213,100
2019-06-28 09:57:20.000000000,99577,352,99435,352,99578,100,99416,100,99609,100,99408,100,99705,100,99405,100,99789,100,99400,100,99799,100,99365,100,99816,100,99339,100,99895,100,99300,100,100040,100,99213,100,100054,100,99175,100
2019-06-28 09:57:30.000000000,99577,186,99435,186,99578,183,99416,183,99609,183,99408,183,99705,100,99405,100,99789,100,99400,100,99799,100,99365,100,99816,100,99339,100,99895,100,99300,100,100040,100,99213,100,100054,100,99175,100
2019-06-28 09:57:40.000000000,99577,150,99435,150,99578,150,99416,150,99609,150,99408,150,99705,150,99405,150,99789,150,99400,150,99799,100,99365,100,99816,100,99339,100,99895,100,99300,100,100040,100,99213,100,100054,100,99175,100
2019-06-28 09:57:50.000000000,99577,186,99435,186,99578,183,99416,183,99609,183,99408,183,99705,100,99405,100,99789,100,99400,100,99799,100,99365,100,99816,100,99339,100,99895,100,99300,100,100040,100,99213,100,100054,100,99175,100
2019-06-28 09:57:51.263577300,99577,186,99435,86,99578,183,99416,183,99609,183,99408,183,99705,100,99405,100,99789,100,99400,100,99799,100,99365,100,99816,100,99339,100,99895,100,99300,100,100040,100,99213,100,100054,100,99175,100
2019-06-28 09:57:56.287082112,99577,186,99435,86,99578,183,99416,183,99609,183,99408,183,99705,100,99405,100,99789,100,99400,100,99799,100,99365,100,99816,100,99339,100,99895,100,99300,100,100040,100,99213,100,100054,100,99175,100
2019-06-28 09:58:00.000000000,99577,226,99416,226,99578,226,99408,226,99609,100,99405,100,99705,100,99400,100,99789,100,99365,100,99799,100,99339,100,99816,100,99300,100,99895,100,99213,100,100040,100,99175,100,100054,100,99046,100
2019-06-28 09:58:10.000000000,99577,226,99416,226,99578,226,99408,226,99609,100,99405,100,99705,100,99400,100,99789,100,99365,100,99799,100,99339,100,99816,100,99300,100,99895,100,99213,100,100040,100,99175,100,100054,100,99046,100
2019-06-28 09:58:20.000000000,99577,352,99416,352,99578,100,99408,100,99609,100,99405,100,99705,100,99400,100,99789,100,99365,100,99799,100,99339,100,99816,100,99300,100,99895,100,99213,100,100040,100,99175,100,100054,100,99046,100
2019-06-28 09:58:21.440081507,99577,352,99416,252,99578,100,99408,100,99609,100,99405,100,99705,100,99400,100,99789,100,99365,100,99799,100,99339,100,99816,100,99300,100,99895,100,99213,100,100040,100,99046,100,100054,100,98932,100
2019-06-28 09:58:26.175246609,99577,352,99416,252,99578,100,99408,100,99609,100,99405,100,99705,100,99400,100,99789,100,99365,100,99799,100,99339,100,99816,100,99300,100,99895,100,99213,100,100040,100,99046,100,100054,100,98932,100
2019-06-28 09:58:30.000000000,99577,352,99408,352,99578,100,99405,100,99609,100,99400,100,99705,100,99365,100,99789,100,99339,100,99799,100,99300,100,99816,100,99213,100,99895,100,99046,100,100040,100,98932,100,100054,100,98920,100
2019-06-28 09:58:30.076787397,99435,100,99408,352,99577,352,99405,100,99578,100,99400,100,99609,100,99365,100,99705,100,99339,100,99789,100,99300,100,99799,100,99213,100,99816,100,99046,100,99895,100,98932,100,100040,100,98920,100
2019-06-28 09:58:40.000000000,99435,150,99408,150,99577,150,99405,150,99578,150,99400,150,99609,150,99365,150,99705,150,99339,150,99789,100,99300,100,99799,100,99213,100,99816,100,99046,100,99895,100,98932,100,100040,100,98920,100
2019-06-28 09:58:47.703885107,99435,150,99408,150,99577,150,99405,150,99578,150,99400,150,99609,150,99365,150,99705,150,99339,150,99789,100,99300,100,99799,100,99213,100,99816,100,99046,100,99895,100,98932,100,100040,100,98920,100
2019-06-28 09:58:50.000000000,99435,226,99408,226,99577,226,99405,226,99578,100,99400,100,99609,100,99365,100,99705,100,99339,100,99789,100,99300,100,99799,100,99213,100,99816,100,99046,100,99895,100,98932,100,100040,100,98920,100
2019-06-28 09:58:57.431258092,99435,226,99408,126,99577,226,99405,226,99578,100,99400,100,99609,100,99365,100,99705,100,99339,100,99789,100,99300,100,99799,100,99213,100,99816,100,99046,100,99895,100,98932,100,100040,100,98920,100
2019-06-28 09:59:00.000000000,99435,150,99405,150,99577,150,99400,150,99578,150,99365,150,99609,150,99339,150,99705,150,99300,150,99789,100,99213,100,99799,100,99046,100,99816,100,98932,100,99895,100,98920,100,100040,100,98866,100
2019-06-28 09:59:10.000000000,99435,352,99405,352,99577,100,99400,100,99578,100,99365,100,99609,100,99339,100,99705,100,99300,100,99789,100,99213,100,99799,100,99046,100,99816,100,98932,100,99895,100,98920,100,100040,100,98866,100
2019-06-28 09:59:13.265700949,99435,352,99405,352,99577,100,99400,100,99578,100,99365,100,99609,100,99339,100,99705,100,99300,100,99789,100,99213,100,99799,100,99046,100,99816,100,98932,100,99895,100,98925,100,100040,100,98920,100
2019-06-28 09:59:20.000000000,99435,186,99405,186,99577,183,99400,183,99578,183,99365,183,99609,100,99339,100,99705,100,99300,100,99789,100,99213,100,99799,100,99046,100,99816,100,98932,100,99895,100,98925,100,100040,100,98920,100
2019-06-28 09:59:30.000000000,99435,150,99405,150,99577,150,99400,150,99578,150,99365,150,99609,150,99339,150,99705,150,99300,150,99789,100,99213,100,99799,100,99046,100,99816,100,98932,100,99895,100,98925,100,100040,100,98920,100
2019-06-28 09:59:30.818427473,99416,100,99405,150,99435,50,99400,150,99577,150,99365,150,99578,150,99339,150,99609,150,99300,150,99705,150,99213,100,99789,100,99046,100,99799,100,98932,100,99816,100,98925,100,99895,100,98920,100
2019-06-28 09:59:40.000000000,99416,226,99405,226,99577,226,99400,226,99578,100,99365,100,99609,100,99339,100,99705,100,99300,100,99789,100,99213,100,99799,100,99046,100,99816,100,98932,100,99895,100,98925,100,100040,100,98920,100
2019-06-28 09:59:50.000000000,99416,163,99405,163,99577,163,99400,163,99578,163,99365,163,99609,163,99339,163,99705,100,99300,100,99789,100,99213,100,99799,100,99046,100,99816,100,98932,100,99895,100,98925,100,100040,100,98920,100
2019-06-28 10:00:00.000000000,99416,150,99405,150,99577,150,99400,150,99578,150,99365,150,99609,150,99339,150,99705,150,99300,150,99789,100,99213,100,99799,100,99046,100,99816,100,98932,100,99895,100,98925,100,100040,100,98920,100
2019-06-28 10:00:10.000000000,99416,186,99405,186,99577,183,99400,183,99578,183,99365,183,99609,100,99339,100,99705,100,99300,100,99789,100,99213,100,99799,100,99046,100,99816,100,98932,100,99895,100,98925,100,100040,100,98920,100
2019-06-28 10:00:15.230952422,99416,186,99405,186,99577,183,99400,183,99578,183,99365,183,99609,100,99339,100,99705,100,99300,100,99789,100,99232,100,99799,100,99213,100,99816,100,99046,100,99895,100,98932,100,100040,100,98925,100
2019-06-28 10:00:20.000000000,99416,352,99405,352,99577,100,99400,100,99578,100,99365,100,99609,100,99339,100,99705,100,99300,100,99789,100,99232,100,99799,100,99213,100,99816,100,99046,100,99895,100,98932,100,100040,100,98925,100
2019-06-28 10:00:29.500489257,99416,452,99405,352,99577,100,99400,100,99578,100,99365,100,99609,100,99339,100,99705,100,99300,100,99789,100,99232,100,99799,100,99213,100,99816,100,99046,100,99895,100,98932,100,100040,100,98925,100
2019-06-28 10:00:30.000000000,99416,286,99405,186,99577,183,99400,183,99578,183,99365,183,99609,100,99339,100,99705,100,99300,100,99789,100,99232,100,99799,100,99213,100,99816,100,99046,100,99895,100,98932,100,100040,100,98925,100
2019-06-28 10:00:32.242744160,99416,286,99405,186,99577,183,99400,183,99578,183,99365,183,99609,100,99339,100,99705,100,99300,100,99789,100,99232,100,99799,100,99213,100,99895,100,99046,100,100040,100,98932,100,100054,100,98925,100
2019-06-28 10:00:40.000000000,99416,263,99405,163,99577,163,99400,163,99578,163,99365,163,99609,163,99339,163,99705,100,99300,100,99789,100,99232,100,99799,100,99213,100,99895,100,99046,100,100040,100,98932,100,100054,100,98925,100
2019-06-28 10:00:50.000000000,99416,452,99405,352,99577,100,99400,100,99578,100,99365,100,99609,100,99339,100,99705,100,99300,100,99789,100,99232,100,99799,100,99213,100,99895,100,99046,100,100040,100,98932,100,100054,100,98925,100
2019-06-28 10:00:57.117538549,99416,452,99405,352,99577,100,99400,100,99578,100,99398,100,99609,100,99365,100,99705,100,99339,100,99789,100,99300,100,99799,100,99232,100,99895,100,99213,100,100040,100,99046,100,100054,100,98925,100
2019-06-28 10:01:00.000000000,99416,286,99405,186,99577,183,99400,183,99578,183,99398,183,99609,100,99365,100,99705,100,99339,100,99789,100,99300,100,99799,100,99232,100,99895,100,99213,100,100040,100,99046,100,100054,100,98925,100
2019-06-28 10:01:04.698259019,99416,286,99409,100,99577,183,99405,186,99578,183,99400,183,99609,100,99398,183,99705,100,99365,100,99789,100,99339,100,99799,100,99300,100,99895,100,99232,100,100040,100,99213,100,100054,100,99046,100
2019-06-28 10:01:10.000000000,99416,250,99409,150,99577,150,99405,150,99578,150,99400,150,99609,150,99398,150,99705,150,99365,150,99789,100,99339,100,99799,100,99300,100,99895,100,99232,100,100040,100,99213,100,100054,100,99046,100
2019-06-28 10:01:20.000000000,99416,326,99409,226,99577,226,99405,226,99578,100,99400,100,99609,100,99398,100,99705,100,99365,100,99789,100,99339,100,99799,100,99300,100,99895,100,99232,100,100040,100,99213,100,100054,100,99046,100
2019-06-28 10:01:30.000000000,99416,263,99409,163,99577,163,99405,163,99578,163,99400,163,99609,163,99398,163,99705,100,99365,100,99789,100,99339,100,99799,100,99300,100,99895,100,99232,100,100040,100,99213,100,100054,100,99046,100
2019-06-28 10:01:34.012625560,99416,263,99409,163,99577,163,99405,163,99578,163,99400,163,99609,163,99398,163,99789,100,99365,100,99799,100,99339,100,99895,100,99300,100,100040,100,99232,100,100054,100,99213,100,100075,100,99046,100
2019-06-28 10:01:37.207518908,99416,263,99409,163,99577,163,99405,163,99578,163,99400,163,99609,163,99398,163,99789,100,99365,100,99799,100,99339,100,99895,100,99300,100,100040,100,99232,100,100054,100,99213,100,100075,100,99103,100
2019-06-28 10:01:40.000000000,99416,286,99409,186,99577,183,99405,183,99578,183,99400,183,99609,100,99398,100,99789,100,99365,100,99799,100,99339,100,99895,100,99300,100,100040,100,99232,100,100054,100,99213,100,100075,100,99103,100
2019-06-28 10:01:42.457861782,99416,386,99409,186,99577,183,99405,183,99578,183,99400,183,99609,100,99398,100,99789,100,99365,100,99799,100,99339,100,99895,100,99300,100,100040,100,99232,100,100054,100,99213,100,100075,100,99103,100
2019-06-28 10:01:50.000000000,99416,426,99409,226,99577,226,99405,226,99578,100,99400,100,99609,100,99398,100,99789,100,99365,100,99799,100,99339,100,99895,100,99300,100,100040,100,99232,100,100054,100,99213,100,100075,100,99103,100
2019-06-28 10:01:55.873719458,99416,426,99409,226,99422,100,99405,226,99577,226,99400,100,99578,100,99398,100,99609,100,99365,100,99789,100,99339,100,99799,100,99300,100,99895,100,99232,100,100040,100,99213,100,100054,100,99103,100
2019-06-28 10:02:00.000000000,99416,386,99409,186,99422,183,99405,183,99577,183,99400,183,99578,100,99398,100,99609,100,99365,100,99789,100,99339,100,99799,100,99300,100,99895,100,99232,100,100040,100,99213,100,100054,100,99103,100
2019-06-28 10:02:07.875821429,99416,386,99409,86,99422,183,99405,183,99577,183,99400,183,99578,100,99398,100,99609,100,99365,100,99789,100,99339,100,99799,100,99300,100,99895,100,99232,100,100040,100,99213,100,100054,100,99103,100
2019-06-28 10:02:10.000000000,99416,426,99405,226,99422,226,99400,226,99577,100,99398,100,99578,100,99365,100,99609,100,99339,100,99789,100,99300,100,99799,100,99232,100,99895,100,99213,100,100040,100,99103,100,100054,100,99046,100
2019-06-28 10:02:15.744823657,99416,426,99405,226,99422,226,99400,226,99577,100,99398,100,99578,100,99365,100,99609,100,99339,100,99789,100,99300,100,99799,100,99232,100,99895,100,99228,100,100040,100,99213,100,100054,100,99103,100
2019-06-28 10:02:16.970332410,99416,426,99405,226,99422,226,99400,226,99578,100,99398,100,99609,100,99365,100,99789,100,99339,100,99799,100,99300,100,99895,100,99232,100,100040,100,99228,100,100054,100,99213,100,100075,100,99103,100
2019-06-28 10:02:20.000000000,99416,350,99405,150,99422,150,99400,150,99578,150,99398,150,99609,150,99365,150,99789,150,99339,150,99799,100,99300,100,99895,100,99232,100,100040,100,99228,100,100054,100,99213,100,100075,100,99103,100
2019-06-28 10:02:22.668343798,99416,350,99405,150,99422,150,99400,150,99578,50,99398,150,99609,150,99365,150,99789,150,99339,150,99799,100,99300,100,99895,100,99276,100,100040,100,99232,100,100054,100,99228,100,100075,100,99213,100
2019-06-28 10:02:30.000000000,99416,426,99405,226,99422,226,99400,226,99609,100,99398,100,99789,100,99365,100,99799,100,99339,100,99895,100,99300,100,100040,100,99276,100,100054,100,99232,100,100075,100,99228,100,100095,100,99213,100
2019-06-28 10:02:38.898140885,99416,326,99405,226,99422,226,99400,226,99609,100,99398,100,99789,100,99365,100,99799,100,99339,100,99895,100,99300,100,100040,100,99276,100,100054,100,99232,100,100075,100,99228,100,100095,100,99213,100
2019-06-28 10:02:40.000000000,99416,452,99405,352,99422,100,99400,100,99609,100,99398,100,99789,100,99365,100,99799,100,99339,100,99895,100,99300,100,100040,100,99276,100,100054,100,99232,100,100075,100,99228,100,100095,100,99213,100
2019-06-28 10:02:50.000000000,99416,286,99405,186,99422,183,99400,183,99609,183,99398,183,99789,100,99365,100,99799,100,99339,100,99895,100,99300,100,100040,100,99276,100,100054,100,99232,100,100075,100,99228,100,100095,100,99213,100
2019-06-28 10:02:58.527895217,99415,100,99405,186,99416,286,99400,183,99422,183,99398,183,99609,183,99365,100,99789,100,99339,100,99799,100,99300,100,99895,100,99276,100,100040,100,99232,100,100054,100,99228,100,100075,100,99213,100
2019-06-28 10:02:58.585201290,99415,100,99405,86,99416,286,99400,183,99422,183,99398,183,99609,183,99365,100,99789,100,99339,100,99799,100,99300,100,99895,100,99276,100,100040,100,99232,100,100054,100,99228,100,100075,100,99213,100
2019-06-28 10:03:00.000000000,99415,226,99400,226,99416,326,99398,226,99422,100,99365,100,99609,100,99339,100,99789,100,99300,100,99799,100,99276,100,99895,100,99232,100,100040,100,99228,100,100054,100,99213,100,100075,100,99103,100
2019-06-28 10:03:10.000000000,99415,352,99400,352,99416,200,99398,100,99422,100,99365,100,99609,100,99339,100,99789,100,99300,100,99799,100,99276,100,99895,100,99232,100,100040,100,99228,100,100054,100,99213,100,100075,100,99103,100
2019-06-28 10:03:17.798593066,99415,352,99400,352,99416,200,99398,100,99422,100,99365,100,99609,100,99339,100,99789,100,99300,100,99799,100,99276,100,99895,100,99232,100,100040,100,99228,100,100054,100,99213,100,100075,100,99108,100
2019-06-28 10:03:18.081037015,99415,352,99400,352,99416,200,99398,100,99422,100,99365,100,99609,100,99339,100,99789,100,99300,100,99799,100,99276,100,99895,100,99228,100,100040,100,99213,100,100054,100,99108,100,100075,100,99103,100
2019-06-28 10:03:20.000000000,99415,352,99400,352,99416,200,99398,100,99422,100,99365,100,99609,100,99339,100,99789,100,99300,100,99799,100,99276,100,99895,100,99228,100,100040,100,99213,100,100054,100,99108,100,100075,100,99103,100
2019-06-28 10:03:30.000000000,99415,163,99400,163,99416,263,99398,163,99422,163,99365,163,99609,163,99339,163,99789,100,99300,100,99799,100,99276,100,99895,100,99228,100,100040,100,99213,100,100054,100,99108,100,100075,100,99103,100
2019-06-28 10:03:40.000000000,99415,186,99400,186,99416,283,99398,183,99422,183,99365,183,99609,100,99339,100,99789,100,99300,100,99799,100,99276,100,99895,100,99228,100,100040,100,99213,100,100054,100,99108,100,100075,100,99103,100
2019-06-28 10:03:50.000000000,99415,226,99400,226,99416,326,99398,226,99422,100,99365,100,99609,100,99339,100,99789,100,99300,100,99799,100,99276,100,99895,100,99228,100,100040,100,99213,100,100054,100,99108,100,100075,100,99103,100
2019-06-28 10:04:00.000000000,99415,352,99400,352,99416,200,99398,100,99422,100,99365,100,99609,100,99339,100,99789,100,99300,100,99799,100,99276,100,99895,100,99228,100,100040,100,99213,100,100054,100,99108,100,100075,100,99103,100
2019-06-28 10:04:01.715122124,99415,352,99400,352,99416,200,99398,100,99422,100,99365,100,99582,100,99339,100,99609,100,99300,100,99789,100,99276,100,99895,100,99228,100,100040,100,99213,100,100054,100,99108,100,100075,100,99103,100
2019-06-28 10:04:07.138199618,99415,352,99410,100,99416,200,99400,352,99422,100,99398,100,99582,100,99365,100,99609,100,99339,100,99789,100,99300,100,99895,100,99276,100,100040,100,99228,100,100054,100,99213,100,100075,100,99108,100
2019-06-28 10:04:10.000000000,99415,150,99410,150,99416,250,99400,150,99422,150,99398,150,99582,150,99365,150,99609,150,99339,150,99789,100,99300,100,99895,100,99276,100,100040,100,99228,100,100054,100,99213,100,100075,100,99108,100
2019-06-28 10:04:16.905628386,99415,150,99410,150,99416,250,99400,150,99422,150,99398,150,99582,150,99371,100,99609,150,99365,150,99789,100,99339,150,99895,100,99300,100,100040,100,99276,100,100054,100,99228,100,100075,100,99108,100
2019-06-28 10:04:20.000000000,99415,186,99410,186,99416,283,99400,183,99422,183,99398,183,99582,100,99371,100,99609,100,99365,100,99789,100,99339,100,99895,100,99300,100,100040,100,99276,100,100054,100,99228,100,100075,100,99108,100
2019-06-28 10:04:30.000000000,99415,226,99410,226,99416,326,99400,226,99422,100,99398,100,99582,100,99371,100,99609,100,99365,100,99789,100,99339,100,99895,100,99300,100,100040,100,99276,100,100054,100,99228,100,100075,100,99108,100
2019-06-28 10:04:31.956852944,99415,226,99410,226,99416,326,99400,226,99422,100,99398,100,99582,100,99371,100,99609,100,99365,100,99789,100,99339,100,99895,100,99300,100,100040,100,99276,100,100054,100,99269,100,100075,100,99228,100
2019-06-28 10:04:40.000000000,99415,150,99410,150,99416,250,99400,150,99422,150,99398,150,99582,150,99371,150,99609,150,99365,150,99789,100,99339,100,99895,100,99300,100,100040,100,99276,100,100054,100,99269,100,100075,100,99228,100
2019-06-28 10:04:50.000000000,99415,163,99410,163,99416,263,99400,163,99422,163,99398,163,99582,163,99371,163,99609,100,99365,100,99789,100,99339,100,99895,100,99300,100,100040,100,99276,100,100054,100,99269,100,100075,100,99228,100
2019-06-28 10:05:00.000000000,99415,186,99410,186,99416,283,99400,183,99422,183,99398,183,99582,100,99371,100,99609,100,99365,100,99789,100,99339,100,99895,100,99300,100,100040,100,99276,100,100054,100,99269,100,100075,100,99228,100
2019-06-28 10:05:08.939430551,99415,186,99410,186,99416,283,99400,183,99422,183,99398,183,99582,100,99395,100,99609,100,99371,100,99789,100,99365,100,99895,100,99339,100,100040,100,99300,100,100054,100,99276,100,100075,100,99269,100
2019-06-28 10:05:10.000000000,99415,163,99410,163,99416,263,99400,163,99422,163,99398,163,99582,163,99395,163,99609,100,99371,100,99789,100,99365,100,99895,100,99339,100,100040,100,99300,100,100054,100,99276,100,100075,100,99269,100
2019-06-28 10:05:20.000000000,99415,186,99410,186,99416,283,99400,183,99422,183,99398,183,99582,100,99395,100,99609,100,99371,100,99789,100,99365,100,99895,100,99339,100,100040,100,99300,100,100054,100,99276,100,100075,100,99269,100
2019-06-28 10:05:30.000000000,99415,150,99410,150,99416,250,99400,150,99422,150,99398,150,99582,150,99395,150,99609,150,99371,150,99789,100,99365,100,99895,100,99339,100,100040,100,99300,100,100054,100,99276,100,100075,100,99269,100
2019-06-28 10:05:40.000000000,99415,226,99410,226,99416,326,99400,226,99422,100,99398,100,99582,100,99395,100,99609,100,99371,100,99789,100,99365,100,99895,100,99339,100,100040,100,99300,100,100054,100,99276,100,100075,100,99269,100
2019-06-28 10:05:42.571252787,99415,126,99410,226,99416,326,99400,226,99422,100,99398,100,99582,100,99395,100,99609,100,99371,100,99789,100,99365,100,100040,100,99339,100,100054,100,99300,100,100075,100,99276,100,100095,100,99269,100
2019-06-28 10:05:50.000000000,99416,250,99410,150,99422,150,99400,150,99582,150,99398,150,99609,150,99395,150,99789,150,99371,150,100040,100,99365,100,100054,100,99339,100,100075,100,99300,100,100095,100,99276,100,100126,100,99269,100
2019-06-28 10:05:54.865254013,99416,150,99410,150,99422,150,99400,150,99582,150,99398,150,99609,150,99395,150,99789,150,99371,150,100040,100,99365,100,100054,100,99339,100,100075,100,99300,100,100095,100,99276,100,100126,100,99269,100
2019-06-28 10:06:00.000000000,99416,352,99410,352,99422,100,99400,100,99582,100,99398,100,99609,100,99395,100,99789,100,99371,100,100040,100,99365,100,100054,100,99339,100,100075,100,99300,100,100095,100,99276,100,100126,100,99269,100
2019-06-28 10:06:02.476149431,99416,252,99410,352,99422,100,99400,100,99582,100,99398,100,99609,100,99395,100,99789,100,99371,100,100040,100,99365,100,100054,100,99339,100,100075,100,99300,100,100095,100,99276,100,100126,100,99269,100
2019-06-28 10:06:04.183578863,99416,152,99410,352,99422,100,99400,100,99582,100,99398,100,99609,100,99395,100,99789,100,99371,100,100040,100,99365,100,100054,100,99339,100,100075,100,99300,100,100095,100,99276,100,100126,100,99269,100
2019-06-28 10:06:10.000000000,99422,352,99410,352,99582,100,99400,100,99609,100,99398,100,99789,100,99395,100,100040,100,99371,100,100054,100,99365,100,100075,100,99339,100,100095,100,99300,100,100126,100,99276,100,,,99269,100
2019-06-28 10:06:10.018314080,99422,252,99410,352,99582,100,99400,100,99609,100,99398,100,99789,100,99395,100,100040,100,99371,100,100054,100,99365,100,100075,100,99339,100,100095,100,99300,100,100126,100,99276,100,,,99269,100
2019-06-28 10:06:20.000000000,99582,352,99410,352,99609,100,99400,100,99789,100,99398,100,100040,100,99395,100,100054,100,99371,100,100075,100,99365,100,100095,100,99339,100,100126,100,99300,100,,,99276,100,,,99269,100
2019-06-28 10:06:26.700442149,99582,252,99410,352,99609,100,99400,100,99789,100,99398,100,100040,100,99395,100,100054,100,99371,100,100075,100,99365,100,100095,100,99339,100,100126,100,99300,100,,,99276,100,,,99269,100
2019-06-28 10:06:29.912725501,99582,252,99410,352,99609,100,99400,100,99789,100,99398,100,100040,100,99395,100,100054,100,99371,100,100075,100,99365,100,100095,100,99339,100,100126,100,99300,100,100450,100,99276,100,,,99269,100
2019-06-28 10:06:30.000000000,99609,186,99410,186,99789,183,99400,183,100040,183,99398,183,100054,100,99395,100,100075,100,99371,100,100095,100,99365,100,100126,100,99339,100,100450,100,99300,100,,,99276,100,,,99269,100
2019-06-28 10:06:40.000000000,99609,163,99410,163,99789,163,99400,163,100040,163,99398,163,100054,163,99395,163,100075,100,99371,100,100095,100,99365,100,100126,100,99339,100,100450,100,99300,100,,,99276,100,,,99269,100
2019-06-28 10:06:50.000000000,99609,186,99410,186,99789,183,99400,183,100040,183,99398,183,100054,100,99395,100,100075,100,99371,100,100095,100,99365,100,100126,100,99339,100,100450,100,99300,100,,,99276,100,,,99269,100
2019-06-28 10:07:00.000000000,99609,186,99410,186,99789,183,99400,183,100040,183,99398,183,100054,100,99395,100,100075,100,99371,100,100095,100,99365,100,100126,100,99339,100,100450,100,99300,100,,,99276,100,,,99269,100
2019-06-28 10:07:10.000000000,99609,163,99410,163,99789,163,99400,163,100040,163,99398,163,100054,163,99395,163,100075,100,99371,100,100095,100,99365,100,100126,100,99339,100,100450,100,99300,100,,,99276,100,,,99269,100
2019-06-28 10:07:13.462514156,99609,163,99602,100,99789,163,99410,163,100040,163,99400,63,100054,163,99398,163,100075,100,99395,163,100095,100,99371,100,100126,100,99365,100,100450,100,99339,100,,,99300,100,,,99276,100
2019-06-28 10:07:19.616938400,99609,163,99602,100,99789,163,99422,100,100040,163,99410,163,100054,163,99400,63,100075,100,99398,163,100095,100,99395,163,100126,100,99371,100,100450,100,99365,100,,,99339,100,,,99300,100
2019-06-28 10:07:20.000000000,99609,186,99602,186,99789,183,99422,183,100040,183,99410,183,100054,100,99398,100,100075,100,99395,100,100095,100,99371,100,100126,100,99365,100,100450,100,99339,100,,,99300,100,,,99276,100
2019-06-28 10:07:27.749877050,99609,186,99602,186,99789,183,99422,283,100040,183,99410,183,100054,100,99398,100,100075,100,99395,100,100095,100,99371,100,100126,100,99365,100,100450,100,99339,100,,,99300,100,,,99276,100
2019-06-28 10:07:30.000000000,99609,163,99602,163,99789,163,99422,263,100040,163,99410,163,100054,163,99398,163,100075,100,99395,100,100095,100,99371,100,100126,100,99365,100,100450,100,99339,100,,,99300,100,,,99276,100
2019-06-28 10:07:31.406745473,99609,63,99602,163,99789,163,99422,263,100040,163,99410,163,100054,163,99398,163,100095,100,99395,100,100126,100,99371,100,100450,100,99365,100,,,99339,100,,,99300,100,,,99276,100
