,ask_price_1,ask_size_1,bid_price_1,bid_size_1,ask_price_2,ask_size_2,bid_price_2,bid_size_2,ask_price_3,ask_size_3,bid_price_3,bid_size_3,ask_price_4,ask_size_4,bid_price_4,bid_size_4,ask_price_5,ask_size_5,bid_price_5,bid_size_5,ask_price_6,ask_size_6,bid_price_6,bid_size_6,ask_price_7,ask_size_7,bid_price_7,bid_size_7,ask_price_8,ask_size_8,bid_price_8,bid_size_8,ask_price_9,ask_size_9,bid_price_9,bid_size_9,ask_price_10,ask_size_10,bid_price_10,bid_size_10
2019-06-28 09:30:00.000000001,100059,100,99865,100,,,,,,,,,,,,,,,,,,,,,,,,,,,,,,,,,,,,
2019-06-28 09:30:00.000000003,100025,100,99906,100,100059,100,99865,100,,,,,,,,,,,,,,,,,,,,,,,,,,,,,,,,
2019-06-28 09:30:00.000000004,100025,100,99990,100,100059,100,99906,100,,,99865,100,,,,,,,,,,,,,,,,,,,,,,,,,,,,
2019-06-28 09:30:00.000000008,100025,100,99990,100,100059,100,99906,100,,,99865,100,,,99862,100,,,99858,100,,,99839,100,,,,,,,,,,,,,,,,
2019-06-28 09:30:00.000000009,100025,100,99990,100,100059,100,99912,100,,,99906,100,,,99865,100,,,99862,100,,,99858,100,,,99839,100,,,,,,,,,,,,
2019-06-28 09:30:00.000000010,100025,100,99990,100,100044,100,99912,100,100059,100,99906,100,,,99865,100,,,99862,100,,,99858,100,,,99839,100,,,,,,,,,,,,
2019-06-28 09:30:00.000000011,100025,100,99990,100,100044,100,99912,100,100059,100,99906,100,100084,100,99865,100,,,99862,100,,,99858,100,,,99839,100,,,,,,,,,,,,
2019-06-28 09:30:00.000000012,100025,100,99990,100,100044,100,99912,100,100059,100,99906,100,100084,100,99865,100,,,99862,100,,,99858,100,,,99844,100,,,99839,100,,,,,,,,
2019-06-28 09:30:00.000000013,100025,100,99990,100,100044,100,99933,100,100059,100,99912,100,100070,100,99906,100,100084,100,99865,100,,,99862,100,,,99858,100,,,99844,100,,,99839,100,,,,
2019-06-28 09:30:00.000000015,100025,100,99990,100,100044,100,99933,100,100059,100,99912,100,100070,100,99906,100,100084,100,99865,100,100093,100,99862,100,,,99858,100,,,99844,100,,,99839,100,,,,
2019-06-28 09:30:00.000000016,100025,100,99990,100,100034,100,99933,100,100044,100,99912,100,100059,100,99906,100,100070,100,99865,100,100084,100,99862,100,100093,100,99858,100,,,99844,100,,,99839,100,,,,
2019-06-28 09:30:00.000000017,100025,100,99990,100,100034,100,99933,100,100044,100,99912,100,100059,100,99906,100,100062,100,99865,100,100070,100,99862,100,100084,100,99858,100,100093,100,99844,100,,,99839,100,,,,
2019-06-28 09:30:00.000000019,100025,100,99990,100,100026,100,99933,100,100034,100,99920,100,100044,100,99912,100,100059,100,99906,100,100062,100,99865,100,100070,100,99862,100,100084,100,99858,100,100093,100,99844,100,,,99839,100
2019-06-28 09:30:00.000000022,100025,100,99990,100,100026,100,99938,100,100034,100,99933,100,100044,100,99920,100,100059,100,99912,100,100062,100,99906,100,100070,100,99865,100,100084,100,99862,100,100093,100,99858,100,,,99844,100
2019-06-28 09:30:00.000000023,100025,100,99990,100,100026,100,99963,100,100034,100,99938,100,100044,100,99933,100,100059,100,99920,100,100062,100,99912,100,100070,100,99906,100,100084,100,99865,100,100093,100,99862,100,,,99858,100
2019-06-28 09:30:00.000000024,100025,100,99990,100,100026,100,99963,100,100034,100,99938,100,100044,100,99933,100,100059,100,99920,100,100062,100,99912,100,100070,100,99906,100,100084,100,99883,100,100093,100,99865,100,,,99862,100
2019-06-28 09:30:00.000000026,100025,100,99990,100,100026,100,99963,100,100034,100,99938,100,100044,100,99933,100,100059,100,99920,100,100062,100,99912,100,100070,100,99906,100,100073,100,99883,100,100084,100,99865,100,100093,100,99862,100
2019-06-28 09:30:00.000000031,100025,100,99997,100,100026,100,99990,100,100034,100,99983,100,100044,100,99978,100,100059,100,99963,100,100062,100,99938,100,100067,100,99933,100,100070,100,99920,100,100073,100,99912,100,100084,100,99906,100
2019-06-28 09:30:00.000000032,100025,100,99997,100,100026,100,99990,100,100034,100,99983,100,100044,100,99978,100,100059,100,99963,100,100062,100,99938,100,100067,100,99933,100,100070,100,99920,100,100073,100,99912,100,100084,100,99906,100
2019-06-28 09:30:00.000000033,100025,100,99997,100,100026,100,99990,100,100034,100,99983,100,100044,100,99978,100,100059,100,99963,100,100062,100,99938,100,100067,100,99933,100,100070,100,99920,100,100073,100,99912,100,100084,100,99906,100
2019-06-28 09:30:00.000000036,100025,100,99997,100,100026,100,99990,100,100034,100,99983,100,100044,100,99978,100,100059,100,99963,100,100062,100,99938,100,100067,100,99933,100,100070,100,99920,100,100073,100,99912,100,100084,100,99906,100
2019-06-28 09:30:00.000000038,100025,100,99997,100,100026,100,99992,100,100034,100,99990,100,100044,100,99983,100,100059,100,99978,100,100062,100,99963,100,100067,100,99938,100,100070,100,99933,100,100073,100,99920,100,100084,100,99912,100
2019-06-28 09:30:00.000000041,100025,100,99997,100,100026,100,99992,100,100034,100,99990,100,100044,100,99984,100,100059,100,99983,100,100062,100,99978,100,100067,100,99963,100,100070,100,99938,100,100073,100,99933,100,100084,100,99920,100
2019-06-28 09:30:00.000000042,100025,100,99997,100,100026,100,99992,100,100034,100,99990,100,100044,100,99984,100,100059,100,99983,100,100062,100,99978,100,100067,100,99963,100,100070,100,99961,100,100073,100,99938,100,100084,100,99933,100
2019-06-28 09:30:00.000000043,100026,100,99997,100,100034,100,99992,100,100044,100,99990,100,100059,100,99984,100,100062,100,99983,100,100067,100,99978,100,100070,100,99963,100,100073,100,99961,100,100084,100,99938,100,100085,100,99933,100
2019-06-28 09:30:00.000000044,100026,100,99992,100,100034,100,99990,100,100044,100,99984,100,100059,100,99983,100,100062,100,99978,100,100067,100,99963,100,100070,100,99961,100,100073,100,99938,100,100084,100,99933,100,100085,100,99920,100
2019-06-28 09:30:00.000000045,100026,100,100019,100,100034,100,99992,100,100044,100,99990,100,100059,100,99984,100,100062,100,99983,100,100067,100,99978,100,100070,100,99963,100,100073,100,99961,100,100084,100,99938,100,100085,100,99933,100
2019-06-28 09:30:00.000000047,100034,100,100019,100,100044,100,99992,100,100059,100,99990,100,100062,100,99984,100,100067,100,99983,100,100070,100,99978,100,100073,100,99963,100,100084,100,99961,100,100085,100,99938,100,100092,100,99933,100
2019-06-28 09:30:00.000000049,100034,100,100020,100,100044,100,100019,100,100059,100,99992,100,100062,100,99990,100,100067,100,99984,100,100070,100,99983,100,100073,100,99978,100,100084,100,99963,100,100085,100,99961,100,100092,100,99938,100
2019-06-28 09:30:00.000000053,100034,100,100020,100,100044,100,100019,100,100059,200,99992,100,100062,100,99990,100,100067,100,99984,100,100070,100,99983,100,100073,100,99978,100,100084,100,99963,100,100085,100,99961,100,100092,100,99938,100
2019-06-28 09:30:00.000000055,100034,100,100031,100,100044,100,100020,100,100059,200,100019,100,100062,100,99992,100,100067,100,99990,100,100070,100,99984,100,100073,100,99983,100,100084,100,99978,100,100085,100,99963,100,100092,100,99961,100
2019-06-28 09:30:00.000000059,100034,100,100031,100,100044,100,100020,100,100059,200,100019,100,100062,100,99992,100,100067,100,99990,100,100070,100,99984,100,100073,100,99983,100,100084,100,99978,100,100085,100,99963,100,100092,100,99961,100
2019-06-28 09:30:00.000000061,100034,100,100020,100,100044,100,100019,100,100059,200,99992,100,100062,100,99990,100,100067,100,99984,100,100070,100,99983,100,100073,100,99978,100,100084,100,99963,100,100085,100,99961,100,100092,100,99938,100
2019-06-28 09:30:00.000000063,100034,100,100020,100,100044,100,100019,100,100059,200,99992,100,100062,100,99990,100,100067,100,99984,100,100070,100,99983,100,100073,100,99978,100,100084,100,99963,100,100085,100,99961,100,100092,100,99938,100
2019-06-28 09:30:00.000000064,100034,100,100020,100,100044,100,100019,100,100059,200,99992,100,100062,100,99990,100,100067,100,99984,100,100070,100,99983,100,100073,100,99978,100,100084,100,99963,100,100085,100,99961,100,100092,100,99938,100
2019-06-28 09:30:00.000000065,100034,100,100020,100,100044,100,100019,100,100059,200,99992,100,100062,100,99990,100,100067,100,99984,100,100070,100,99983,100,100073,100,99978,100,100084,100,99963,100,100085,100,99961,100,100092,100,99938,100
2019-06-28 09:30:00.000000066,100031,100,100020,100,100034,100,100019,100,100044,100,99992,100,100059,200,99990,100,100062,100,99984,100,100067,100,99983,100,100070,100,99978,100,100073,100,99963,100,100084,100,99961,100,100085,100,99938,100
2019-06-28 09:30:00.000000067,100031,100,100019,100,100034,100,99992,100,100044,100,99990,100,100059,200,99984,100,100062,100,99983,100,100067,100,99978,100,100070,100,99963,100,100073,100,99961,100,100084,100,99938,100,100085,100,99933,100
2019-06-28 09:30:00.000000068,100030,100,100019,100,100031,100,99992,100,100034,100,99990,100,100044,100,99984,100,100059,200,99983,100,100062,100,99978,100,100067,100,99963,100,100070,100,99961,100,100073,100,99938,100,100084,100,99933,100
2019-06-28 09:30:00.000000071,100030,100,100019,100,100031,100,99992,100,100034,100,99990,100,100044,100,99984,100,100059,200,99983,100,100062,100,99978,100,100067,100,99963,100,100070,100,99961,100,100073,100,99938,100,100084,100,99933,100
2019-06-28 09:30:00.000000074,100030,200,100019,100,100031,100,99992,100,100034,100,99990,100,100044,100,99984,100,100059,200,99983,100,100062,100,99978,100,100067,100,99963,100,100070,100,99961,100,100073,100,99938,100,100084,100,99933,100
2019-06-28 09:30:00.000000078,100025,100,100019,100,100030,200,99992,100,100031,100,99990,100,100034,100,99987,100,100044,100,99984,100,100059,200,99983,100,100062,100,99978,100,100067,100,99963,100,100070,100,99961,200,100073,100,99938,100
2019-06-28 09:30:00.000000079,100030,200,100019,100,100031,100,99992,100,100034,100,99990,100,100044,200,99987,100,100059,200,99984,100,100062,100,99983,100,100067,100,99978,100,100070,100,99963,100,100073,100,99961,200,100084,100,99938,100
2019-06-28 09:30:00.000000081,100030,200,100019,100,100031,100,99992,100,100034,100,99990,100,100044,200,99987,100,100059,200,99984,100,100062,100,99983,100,100067,100,99978,100,100070,100,99963,100,100073,100,99961,200,100084,100,99938,100
2019-06-28 09:30:00.000000082,100030,200,100019,100,100031,100,99992,100,100034,100,99990,100,100044,200,99987,100,100059,200,99984,100,100062,100,99983,100,100067,100,99978,100,100070,100,99963,100,100073,100,99961,200,100084,100,99938,100
2019-06-28 09:30:00.000000083,100030,200,100019,100,100031,100,99992,100,100034,100,99990,100,100044,200,99987,100,100059,200,99984,100,100062,100,99983,100,100067,100,99978,100,100070,100,99963,100,100072,100,99961,200,100073,100,99938,100
2019-06-28 09:30:00.000000092,100030,200,100019,100,100031,100,99992,100,100034,100,99990,100,100044,200,99987,100,100059,200,99984,100,100062,100,99983,100,100067,100,99978,100,100068,100,99963,100,100070,100,99961,200,100072,100,99954,100
2019-06-28 09:30:00.000000094,100025,100,100019,100,100030,200,99992,100,100031,100,99990,100,100034,100,99987,100,100044,200,99984,100,100059,200,99983,100,100062,100,99978,100,100067,100,99963,100,100068,100,99961,200,100070,100,99954,100
2019-06-28 09:30:00.000000099,100025,200,100019,100,100030,200,99992,100,100031,100,99990,100,100034,100,99987,100,100044,200,99984,100,100059,200,99983,100,100062,100,99978,100,100067,100,99963,100,100068,100,99961,200,100070,100,99954,100
2019-06-28 09:30:10.000000000,100025,502,100019,402,100030,200,99992,100,100031,100,99990,100,100034,100,99987,100,100044,200,99984,100,100059,200,99983,100,100062,100,99978,100,100067,100,99963,100,100068,100,99961,200,100070,100,99954,100
2019-06-28 09:30:13.944688340,100025,502,100019,402,100030,200,99992,100,100031,100,99990,100,100034,100,99987,100,100044,200,99984,100,100059,200,99983,100,100062,100,99978,100,100067,100,99963,100,100068,100,99961,200,100070,100,99954,100
2019-06-28 09:30:20.000000000,100025,303,100019,203,100030,300,99992,200,100031,200,99990,200,100034,100,99987,100,100044,200,99984,100,100059,200,99983,100,100062,100,99978,100,100067,100,99963,100,100068,100,99961,200,100070,100,99954,100
2019-06-28 09:30:30.000000000,100025,351,100019,251,100030,351,99992,251,100031,100,99990,100,100034,100,99987,100,100044,200,99984,100,100059,200,99983,100,100062,100,99978,100,100067,100,99963,100,100068,100,99961,200,100070,100,99954,100
2019-06-28 09:30:39.177270573,100025,251,100019,251,100030,351,99992,251,100031,100,99990,100,100034,100,99987,100,100044,200,99984,100,100059,200,99983,100,100062,100,99978,100,100067,100,99963,100,100068,100,99961,200,100070,100,99954,100
2019-06-28 09:30:40.000000000,100025,160,100019,160,100030,260,99992,160,100031,160,99990,160,100034,160,99987,160,100044,260,99984,160,100059,200,99983,100,100062,100,99978,100,100067,100,99963,100,100068,100,99961,200,100070,100,99954,100
2019-06-28 09:30:50.000000000,100025,160,100019,160,100030,260,99992,160,100031,160,99990,160,100034,160,99987,160,100044,260,99984,160,100059,200,99983,100,100062,100,99978,100,100067,100,99963,100,100068,100,99961,200,100070,100,99954,100
2019-06-28 09:31:00.000000000,100025,176,100019,176,100030,276,99992,176,100031,176,99990,176,100034,176,99987,176,100044,200,99984,100,100059,200,99983,100,100062,100,99978,100,100067,100,99963,100,100068,100,99961,200,100070,100,99954,100
2019-06-28 09:31:06.087333526,100025,176,100019,76,100030,276,99992,176,100031,176,99990,176,100034,176,99987,176,100044,200,99984,100,100059,200,99983,100,100062,100,99978,100,100067,100,99963,100,100068,100,99961,200,100070,100,99954,100
2019-06-28 09:31:10.000000000,100025,176,99992,176,100030,276,99990,176,100031,176,99987,176,100034,176,99984,176,100044,200,99983,100,100059,200,99978,100,100062,100,99963,100,100067,100,99961,200,100068,100,99954,100,100070,100,99938,100
2019-06-28 09:31:17.628637168,100025,176,99992,176,100030,276,99990,176,100031,176,99987,176,100034,176,99984,176,100038,100,99983,100,100044,200,99978,100,100059,200,99963,100,100062,100,99961,200,100067,100,99954,100,100068,100,99938,100
2019-06-28 09:31:18.230159585,100025,176,99992,176,100030,276,99990,176,100031,176,99987,176,100034,176,99984,176,100038,100,99983,100,100044,200,99978,100,100059,200,99963,100,100062,100,99961,200,100068,100,99954,100,100070,100,99938,100
2019-06-28 09:31:20.000000000,100025,251,99992,251,100030,351,99990,251,100031,100,99987,100,100034,100,99984,100,100038,100,99983,100,100044,200,99978,100,100059,200,99963,100,100062,100,99961,200,100068,100,99954,100,100070,100,99938,100
2019-06-28 09:31:30.000000000,100025,402,99992,402,100030,200,99990,100,100031,100,99987,100,100034,100,99984,100,100038,100,99983,100,100044,200,99978,100,100059,200,99963,100,100062,100,99961,200,100068,100,99954,100,100070,100,99938,100
2019-06-28 09:31:40.000000000,100025,203,99992,203,100030,300,99990,200,100031,200,99987,200,100034,100,99984,100,100038,100,99983,100,100044,200,99978,100,100059,200,99963,100,100062,100,99961,200,100068,100,99954,100,100070,100,99938,100
2019-06-28 09:31:44.492908140,100025,203,99992,103,100030,300,99990,200,100031,200,99987,200,100034,100,99984,100,100038,100,99983,100,100044,200,99978,100,100059,200,99963,100,100062,100,99961,200,100068,100,99938,100,100070,100,99933,100
2019-06-28 09:31:50.000000000,100025,402,99990,402,100030,200,99987,100,100031,100,99984,100,100034,100,99983,100,100038,100,99978,100,100044,200,99963,100,100059,200,99961,200,100062,100,99938,100,100068,100,99933,100,100070,100,99921,100
2019-06-28 09:31:53.855829386,100025,402,99990,302,100030,200,99987,100,100031,100,99984,100,100034,100,99983,100,100038,100,99978,100,100044,200,99963,100,100059,200,99961,200,100062,100,99938,100,100068,100,99933,100,100070,100,99921,100
2019-06-28 09:31:59.717145143,100025,402,99990,202,100030,200,99987,100,100031,100,99984,100,100034,100,99983,100,100038,100,99978,100,100044,100,99963,100,100059,200,99961,200,100062,100,99938,100,100068,100,99933,100,100070,100,99921,100
2019-06-28 09:32:00.000000000,100025,251,99987,251,100030,351,99984,251,100031,100,99983,100,100034,100,99978,100,100038,100,99963,100,100044,100,99961,200,100059,200,99938,100,100062,100,99933,100,100068,100,99921,100,100070,100,99920,100
2019-06-28 09:32:01.485377246,100025,251,99987,251,100030,351,99984,251,100031,100,99983,100,100034,100,99978,100,100038,100,99963,100,100044,100,99961,200,100059,200,99938,100,100062,100,99933,100,100068,100,99921,100,100070,100,99920,100
2019-06-28 09:32:09.571943191,100025,251,99987,151,100030,351,99984,251,100031,100,99983,100,100034,100,99978,100,100038,100,99963,100,100044,100,99961,200,100059,200,99938,100,100062,100,99933,100,100068,100,99921,100,100070,100,99920,100
2019-06-28 09:32:10.000000000,100025,402,99984,402,100030,200,99983,100,100031,100,99978,100,100034,100,99963,100,100038,100,99961,200,100044,100,99938,100,100059,200,99933,100,100062,100,99921,100,100068,100,99920,100,100070,100,99919,100
2019-06-28 09:32:20.000000000,100025,203,99984,203,100030,300,99983,200,100031,200,99978,200,100034,100,99963,100,100038,100,99961,200,100044,100,99938,100,100059,200,99933,100,100062,100,99921,100,100068,100,99920,100,100070,100,99919,100
2019-06-28 09:32:30.000000000,100025,203,99984,203,100030,300,99983,200,100031,200,99978,200,100034,100,99963,100,100038,100,99961,200,100044,100,99938,100,100059,200,99933,100,100062,100,99921,100,100068,100,99920,100,100070,100,99919,100
2019-06-28 09:32:33.483891288,100025,203,99984,203,100030,300,99983,200,100031,200,99978,200,100034,100,99963,100,100038,100,99961,200,100044,100,99938,100,100059,200,99933,100,100062,100,99921,100,100068,100,99920,100,100070,100,99919,100
2019-06-28 09:32:34.459472108,100025,203,99988,100,100030,300,99984,203,100031,200,99983,200,100034,100,99978,200,100038,100,99963,100,100044,100,99961,200,100059,200,99938,100,100062,100,99933,100,100068,100,99921,100,100070,100,99920,100
2019-06-28 09:32:35.235864256,100025,203,99988,100,100030,300,99984,203,100031,200,99983,200,100034,100,99978,200,100038,100,99963,100,100044,100,99961,200,100059,200,99938,100,100062,100,99933,100,100068,100,99921,100,100070,100,99920,100
2019-06-28 09:32:37.626911079,100025,203,99988,100,100030,300,99984,203,100031,200,99983,200,100034,100,99978,200,100038,100,99963,100,100044,100,99961,200,100059,200,99938,100,100062,200,99933,100,100068,100,99921,100,100070,100,99920,100
2019-06-28 09:32:40.000000000,100025,203,99988,203,100030,300,99984,200,100031,200,99983,200,100034,100,99978,100,100038,100,99963,100,100044,100,99961,200,100059,200,99938,100,100062,200,99933,100,100068,100,99921,100,100070,100,99920,100
2019-06-28 09:32:45.444741752,100025,203,99988,103,100030,300,99984,200,100031,200,99983,200,100038,100,99978,100,100044,100,99963,100,100059,200,99961,200,100062,200,99938,100,100068,100,99933,100,100070,100,99921,100,100072,100,99920,100
2019-06-28 09:32:50.000000000,100025,203,99984,203,100030,300,99983,200,100031,200,99978,200,100038,100,99963,100,100044,100,99961,200,100059,200,99938,100,100062,200,99933,100,100068,100,99921,100,100070,100,99920,100,100072,100,99919,100
2019-06-28 09:32:55.383664610,100025,203,99984,203,100030,300,99983,200,100031,200,99978,200,100038,100,99963,100,100059,200,99961,200,100062,200,99938,100,100068,100,99933,100,100070,100,99921,100,100072,100,99920,100,100073,100,99919,100
2019-06-28 09:33:00.000000000,100025,251,99984,251,100030,351,99983,251,100031,100,99978,100,100038,100,99963,100,100059,200,99961,200,100062,200,99938,100,100068,100,99933,100,100070,100,99921,100,100072,100,99920,100,100073,100,99919,100
2019-06-28 09:33:04.990346400,100025,251,99984,151,100030,351,99983,251,100031,100,99978,100,100038,100,99963,100,100059,200,99961,200,100062,200,99938,100,100068,100,99933,100,100070,100,99921,100,100072,100,99920,100,100073,100,99919,100
2019-06-28 09:33:10.000000000,100025,176,99983,176,100030,276,99978,176,100031,176,99963,176,100038,176,99961,276,100059,200,99938,100,100062,200,99933,100,100068,100,99921,100,100070,100,99920,100,100072,100,99919,100,100073,100,99906,100
2019-06-28 09:33:20.000000000,100025,203,99983,203,100030,300,99978,200,100031,200,99963,200,100038,100,99961,200,100059,200,99938,100,100062,200,99933,100,100068,100,99921,100,100070,100,99920,100,100072,100,99919,100,100073,100,99906,100
2019-06-28 09:33:30.000000000,100025,176,99983,176,100030,276,99978,176,100031,176,99963,176,100038,176,99961,276,100059,200,99938,100,100062,200,99933,100,100068,100,99921,100,100070,100,99920,100,100072,100,99919,100,100073,100,99906,100
2019-06-28 09:33:33.130923241,100025,176,99983,176,100030,276,99978,176,100031,176,99963,176,100038,176,99961,276,100059,200,99938,100,100062,200,99933,100,100068,100,99921,100,100070,100,99920,100,100072,100,99919,100,100073,100,99906,100
2019-06-28 09:33:40.000000000,100025,203,99983,203,100030,300,99978,200,100031,200,99963,200,100038,100,99961,200,100059,200,99938,100,100062,200,99933,100,100068,100,99921,100,100070,100,99920,100,100072,100,99919,100,100073,100,99906,100
2019-06-28 09:33:42.641911090,100025,203,99983,203,100030,300,99978,200,100031,200,99963,200,100038,100,99961,200,100059,200,99938,100,100062,200,99933,100,100068,100,99921,100,100070,100,99920,100,100072,100,99919,100,100073,100,99906,100
2019-06-28 09:33:50.000000000,100025,402,99983,402,100030,200,99978,100,100031,100,99963,100,100038,100,99961,200,100059,200,99938,100,100062,200,99933,100,100068,100,99921,100,100070,100,99920,100,100072,100,99919,100,100073,100,99906,100
2019-06-28 09:34:00.000000000,100025,402,99983,402,100030,200,99978,100,100031,100,99963,100,100038,100,99961,200,100059,200,99938,100,100062,200,99933,100,100068,100,99921,100,100070,100,99920,100,100072,100,99919,100,100073,100,99906,100
2019-06-28 09:34:02.962078178,100025,402,99983,402,100030,200,99978,100,100031,100,99963,100,100038,100,99961,200,100059,200,99938,100,100062,200,99933,100,100068,100,99921,100,100070,100,99920,100,100072,100,99919,100,100073,100,99906,100
2019-06-28 09:34:10.000000000,100025,402,99983,402,100030,200,99978,100,100031,100,99963,100,100038,100,99961,200,100059,200,99938,100,100062,200,99933,100,100068,100,99921,100,100070,100,99920,100,100072,100,99919,100,100073,100,99906,100
2019-06-28 09:34:20.000000000,100025,251,99983,251,100030,351,99978,251,100031,100,99963,100,100038,100,99961,200,100059,200,99938,100,100062,200,99933,100,100068,100,99921,100,100070,100,99920,100,100072,100,99919,100,100073,100,99906,100
2019-06-28 09:34:20.623451287,100025,251,99983,151,100030,351,99978,251,100031,100,99963,100,100038,100,99961,100,100059,200,99938,100,100062,200,99933,100,100068,100,99921,100,100070,100,99920,100,100072,100,99919,100,100073,100,99906,100
2019-06-28 09:34:25.470044236,100025,251,99983,151,100030,351,99978,251,100031,100,99963,100,100038,100,99961,100,100055,100,99938,100,100059,200,99933,100,100062,200,99921,100,100068,100,99920,100,100070,100,99919,100,100072,100,99906,100
2019-06-28 09:34:30.000000000,100025,402,99978,402,100030,200,99963,100,100031,100,99961,100,100038,100,99938,100,100055,100,99933,100,100059,200,99921,100,100062,200,99920,100,100068,100,99919,100,100070,100,99906,100,100072,100,99901,100
2019-06-28 09:34:40.000000000,100025,251,99978,251,100030,351,99963,251,100031,100,99961,100,100038,100,99938,100,100055,100,99933,100,100059,200,99921,100,100062,200,99920,100,100068,100,99919,100,100070,100,99906,100,100072,100,99901,100
2019-06-28 09:34:44.201249611,99999,100,99978,251,100025,251,99963,251,100030,351,99961,100,100031,100,99938,100,100038,100,99933,100,100055,100,99921,100,100059,200,99920,100,100062,200,99919,100,100068,100,99906,100,100070,100,99901,100
2019-06-28 09:34:45.841016447,99999,100,99978,251,100025,151,99963,251,100030,351,99961,100,100031,100,99938,100,100038,100,99933,100,100055,100,99921,100,100059,200,99920,100,100062,200,99919,100,100068,100,99906,100,100070,100,99901,100
2019-06-28 09:34:50.000000000,99999,176,99978,176,100030,276,99963,176,100031,176,99961,176,100038,176,99938,176,100055,100,99933,100,100059,200,99921,100,100062,200,99920,100,100068,100,99919,100,100070,100,99906,100,100072,100,99901,100
2019-06-28 09:34:54.844622352,99999,176,99978,76,100030,276,99963,176,100031,176,99961,176,100038,176,99938,176,100055,100,99933,100,100059,200,99921,100,100062,200,99920,100,100068,100,99919,100,100070,100,99906,100,100072,100,99901,100
2019-06-28 09:35:00.000000000,99999,402,99963,402,100030,200,99961,100,100031,100,99938,100,100038,100,99933,100,100055,100,99921,100,100059,200,99920,100,100062,200,99919,100,100068,100,99906,100,100070,100,99901,100,100072,100,99900,100
2019-06-28 09:35:10.000000000,99999,251,99963,251,100030,351,99961,251,100031,100,99938,100,100038,100,99933,100,100055,100,99921,100,100059,200,99920,100,100062,200,99919,100,100068,100,99906,100,100070,100,99901,100,100072,100,99900,100
2019-06-28 09:35:15.810520555,99999,251,99963,251,100030,351,99961,251,100031,100,99938,100,100038,100,99933,100,100055,100,99921,100,100059,200,99920,100,100062,100,99919,100,100068,100,99906,100,100070,100,99901,100,100072,100,99900,100
2019-06-28 09:35:20.000000000,99999,251,99963,251,100030,351,99961,251,100031,100,99938,100,100038,100,99933,100,100055,100,99921,100,100059,200,99920,100,100062,100,99919,100,100068,100,99906,100,100070,100,99901,100,100072,100,99900,100
2019-06-28 09:35:30.000000000,99999,203,99963,203,100030,300,99961,200,100031,200,99938,200,100038,100,99933,100,100055,100,99921,100,100059,200,99920,100,100062,100,99919,100,100068,100,99906,100,100070,100,99901,100,100072,100,99900,100
2019-06-28 09:35:40.000000000,99999,176,99963,176,100030,276,99961,176,100031,176,99938,176,100038,176,99933,176,100055,100,99921,100,100059,200,99920,100,100062,100,99919,100,100068,100,99906,100,100070,100,99901,100,100072,100,99900,100
2019-06-28 09:35:50.000000000,99999,402,99963,402,100030,200,99961,100,100031,100,99938,100,100038,100,99933,100,100055,100,99921,100,100059,200,99920,100,100062,100,99919,100,100068,100,99906,100,100070,100,99901,100,100072,100,99900,100
2019-06-28 09:35:54.495988785,99999,402,99984,100,100030,200,99963,402,100031,100,99961,100,100038,100,99938,100,100055,100,99933,100,100059,200,99921,100,100062,100,99920,100,100068,100,99919,100,100070,100,99906,100,100072,100,99901,100
2019-06-28 09:36:00.000000000,99999,160,99984,160,100030,260,99963,160,100031,160,99961,160,100038,160,99938,160,100055,160,99933,160,100059,200,99921,100,100062,100,99920,100,100068,100,99919,100,100070,100,99906,100,100072,100,99901,100
2019-06-28 09:36:10.000000000,99999,251,99984,251,100030,351,99963,251,100031,100,99961,100,100038,100,99938,100,100055,100,99933,100,100059,200,99921,100,100062,100,99920,100,100068,100,99919,100,100070,100,99906,100,100072,100,99901,100
2019-06-28 09:36:20.000000000,99999,160,99984,160,100030,260,99963,160,100031,160,99961,160,100038,160,99938,160,100055,160,99933,160,100059,200,99921,100,100062,100,99920,100,100068,100,99919,100,100070,100,99906,100,100072,100,99901,100
2019-06-28 09:36:30.000000000,99999,402,99984,402,100030,200,99963,100,100031,100,99961,100,100038,100,99938,100,100055,100,99933,100,100059,200,99921,100,100062,100,99920,100,100068,100,99919,100,100070,100,99906,100,100072,100,99901,100
2019-06-28 09:36:30.409277841,99999,402,99984,302,100030,200,99963,100,100031,100,99961,100,100038,100,99938,100,100055,100,99933,100,100059,200,99921,100,100062,100,99920,100,100068,100,99919,100,100070,100,99906,100,100072,100,99901,100
2019-06-28 09:36:40.000000000,99999,176,99963,176,100030,276,99961,176,100031,176,99938,176,100038,176,99933,176,100055,100,99921,100,100059,200,99920,100,100062,100,99919,100,100068,100,99906,100,100070,100,99901,100,100072,100,99900,100
2019-06-28 09:36:44.949865964,99984,100,99963,176,99999,176,99961,176,100030,276,99938,176,100031,176,99933,176,100038,176,99921,100,100055,100,99920,100,100059,200,99919,100,100062,100,99906,100,100068,100,99901,100,100070,100,99900,100
2019-06-28 09:36:50.000000000,99984,160,99963,160,99999,160,99961,160,100030,260,99938,160,100031,160,99933,160,100038,160,99921,160,100055,100,99920,100,100059,200,99919,100,100062,100,99906,100,100068,100,99901,100,100070,100,99900,100
2019-06-28 09:37:00.000000000,99984,176,99963,176,99999,176,99961,176,100030,276,99938,176,100031,176,99933,176,100038,100,99921,100,100055,100,99920,100,100059,200,99919,100,100062,100,99906,100,100068,100,99901,100,100070,100,99900,100
2019-06-28 09:37:00.711044976,99984,176,99963,176,99999,176,99961,176,100030,276,99938,176,100031,176,99933,176,100038,100,99921,100,100055,100,99920,100,100059,200,99919,100,100062,100,99906,100,100068,100,99901,100,100070,100,99900,100
2019-06-28 09:37:04.395675969,99984,176,99963,76,99999,176,99961,176,100030,276,99938,176,100031,176,99933,176,100038,100,99921,100,100055,100,99920,100,100059,200,99919,100,100062,100,99906,100,100068,100,99901,100,100070,100,99900,100
2019-06-28 09:37:10.000000000,99984,176,99961,176,99999,176,99938,176,100030,276,99933,176,100031,176,99921,176,100038,100,99920,100,100055,100,99919,100,100059,200,99906,100,100062,100,99901,100,100068,100,99900,100,100070,100,99883,100
2019-06-28 09:37:10.212088480,99984,176,99961,76,99999,176,99938,176,100030,276,99933,176,100031,176,99921,176,100038,100,99920,100,100055,100,99919,100,100059,200,99906,100,100062,100,99901,100,100068,100,99900,100,100070,100,99883,100
2019-06-28 09:37:20.000000000,99984,402,99938,402,99999,100,99933,100,100030,200,99921,100,100031,100,99920,100,100038,100,99919,100,100055,100,99906,100,100059,200,99901,100,100062,100,99900,100,100068,100,99883,100,100070,100,99872,100
2019-06-28 09:37:30.000000000,99984,203,99938,203,99999,200,99933,200,100030,300,99921,200,100031,100,99920,100,100038,100,99919,100,100055,100,99906,100,100059,200,99901,100,100062,100,99900,100,100068,100,99883,100,100070,100,99872,100
2019-06-28 09:37:30.679580671,99984,203,99938,203,99999,200,99933,200,100030,300,99921,200,100031,100,99920,100,100038,100,99919,100,100055,100,99901,100,100059,200,99900,100,100062,100,99883,100,100068,100,99872,100,100070,100,99865,100
2019-06-28 09:37:33.514957727,99963,100,99938,203,99984,203,99933,200,99999,200,99921,200,100030,300,99920,100,100031,100,99919,100,100038,100,99901,100,100055,100,99900,100,100059,200,99883,100,100062,100,99872,100,100068,100,99865,100
2019-06-28 09:37:40.000000000,99963,203,99938,203,99984,200,99933,200,99999,200,99921,200,100030,200,99920,100,100031,100,99919,100,100038,100,99901,100,100055,100,99900,100,100059,200,99883,100,100062,100,99872,100,100068,100,99865,100
2019-06-28 09:37:50.000000000,99963,203,99938,203,99984,200,99933,200,99999,200,99921,200,100030,200,99920,100,100031,100,99919,100,100038,100,99901,100,100055,100,99900,100,100059,200,99883,100,100062,100,99872,100,100068,100,99865,100
2019-06-28 09:37:54.505495133,99963,203,99938,203,99984,200,99933,200,99999,200,99921,200,100030,200,99920,100,100031,100,99919,100,100038,100,99900,100,100055,100,99883,100,100059,200,99872,100,100062,100,99865,100,100068,100,99862,100
2019-06-28 09:37:55.665830459,99963,203,99938,103,99984,200,99933,200,99999,200,99921,200,100030,200,99920,100,100031,100,99919,100,100038,100,99900,100,100055,100,99883,100,100059,200,99872,100,100062,100,99865,100,100068,100,99862,100
2019-06-28 09:37:59.902345986,99963,203,99938,103,99984,200,99933,200,99999,200,99921,200,100030,200,99920,100,100031,100,99919,100,100038,100,99900,100,100055,100,99883,100,100059,200,99872,100,100062,100,99865,100,100068,100,99862,100
2019-06-28 09:38:00.000000000,99963,203,99933,203,99984,200,99921,200,99999,200,99920,200,100030,200,99919,100,100031,100,99900,100,100038,100,99883,100,100055,100,99872,100,100059,200,99865,100,100062,100,99862,100,100068,100,99859,100
2019-06-28 09:38:09.161982998,99963,203,99933,103,99984,200,99921,200,99999,200,99920,200,100030,200,99919,100,100031,100,99900,100,100038,100,99883,100,100055,100,99872,100,100059,200,99865,100,100062,100,99862,100,100068,100,99859,100
2019-06-28 09:38:10.000000000,99963,203,99921,203,99984,200,99920,200,99999,200,99919,200,100030,200,99900,100,100031,100,99883,100,100038,100,99872,100,100055,100,99865,100,100059,200,99862,100,100062,100,99859,100,100068,100,99841,100
2019-06-28 09:38:16.554182023,99938,100,99921,203,99963,203,99920,200,99984,200,99919,200,99999,200,99900,100,100030,200,99883,100,100031,100,99872,100,100038,100,99865,100,100055,100,99862,100,100059,200,99859,100,100062,100,99841,100
2019-06-28 09:38:20.000000000,99938,251,99921,251,99963,251,99920,251,99984,100,99919,100,99999,100,99900,100,100030,200,99883,100,100031,100,99872,100,100038,100,99865,100,100055,100,99862,100,100059,200,99859,100,100062,100,99841,100
2019-06-28 09:38:20.383804896,99938,251,99921,251,99963,251,99920,251,99984,100,99919,100,99999,100,99900,100,100030,200,99883,100,100031,100,99872,100,100038,100,99865,100,100055,100,99862,100,100059,200,99859,100,100062,100,99841,100
2019-06-28 09:38:22.835765865,99938,251,99921,151,99963,251,99920,151,99984,100,99919,100,99999,100,99900,100,100030,200,99883,100,100031,100,99872,100,100038,100,99865,100,100055,100,99862,100,100059,200,99859,100,100062,100,99841,100
2019-06-28 09:38:28.782054657,99938,251,99921,151,99963,151,99920,151,99984,100,99919,100,99999,100,99900,100,100030,200,99883,100,100031,100,99872,100,100038,100,99865,100,100055,100,99862,100,100059,200,99859,100,100062,100,99841,100
2019-06-28 09:38:30.000000000,99938,402,99919,402,99984,100,99900,100,99999,100,99883,100,100030,200,99872,100,100031,100,99865,100,100038,100,99862,100,100055,100,99859,100,100059,200,99841,100,100062,100,99623,100,100068,100,99584,100
2019-06-28 09:38:40.000000000,99938,402,99919,402,99984,100,99900,100,99999,100,99883,100,100030,200,99872,100,100031,100,99865,100,100038,100,99862,100,100055,100,99859,100,100059,200,99841,100,100062,100,99623,100,100068,100,99584,100
2019-06-28 09:38:50.000000000,99938,251,99919,251,99984,251,99900,251,99999,100,99883,100,100030,200,99872,100,100031,100,99865,100,100038,100,99862,100,100055,100,99859,100,100059,200,99841,100,100062,100,99623,100,100068,100,99584,100
2019-06-28 09:39:00.000000000,99938,176,99919,176,99984,176,99900,176,99999,176,99883,176,100030,276,99872,176,100031,100,99865,100,100038,100,99862,100,100055,100,99859,100,100059,200,99841,100,100062,100,99623,100,100068,100,99584,100
2019-06-28 09:39:10.000000000,99938,160,99919,160,99984,160,99900,160,99999,160,99883,160,100030,260,99872,160,100031,160,99865,160,100038,100,99862,100,100055,100,99859,100,100059,200,99841,100,100062,100,99623,100,100068,100,99584,100
2019-06-28 09:39:11.663604175,99938,60,99919,160,99984,160,99900,160,99999,160,99883,160,100030,260,99872,160,100031,160,99865,160,100038,100,99862,100,100055,100,99859,100,100059,200,99841,100,100062,100,99623,100,100068,100,99584,100
2019-06-28 09:39:13.265890917,99938,60,99919,160,99984,160,99900,160,99999,160,99883,160,100030,260,99872,160,100031,160,99865,160,100038,100,99862,100,100055,100,99859,100,100059,200,99841,100,100062,100,99623,100,100068,100,99584,100
2019-06-28 09:39:20.000000000,99984,251,99919,251,99999,251,99900,251,100030,200,99883,100,100031,100,99872,100,100038,100,99865,100,100055,100,99862,100,100059,200,99859,100,100062,100,99841,100,100068,100,99623,100,100072,100,99584,100
2019-06-28 09:39:25.825800843,99984,151,99919,251,99999,251,99900,251,100030,200,99883,100,100031,100,99872,100,100038,100,99865,100,100055,100,99859,100,100059,200,99841,100,100062,100,99623,100,100068,100,99584,100,100072,100,99583,100
2019-06-28 09:39:30.000000000,99999,160,99919,160,100030,260,99900,160,100031,160,99883,160,100038,160,99872,160,100055,160,99865,160,100059,200,99859,100,100062,100,99841,100,100068,100,99623,100,100072,100,99584,100,100080,100,99583,100
2019-06-28 09:39:30.538487765,99999,60,99919,160,100030,260,99900,160,100031,160,99883,160,100038,160,99872,160,100055,160,99865,160,100059,200,99859,100,100062,100,99841,100,100068,100,99623,100,100072,100,99584,100,100080,100,99583,100
2019-06-28 09:39:40.000000000,100030,260,99919,160,100031,160,99900,160,100038,160,99883,160,100055,160,99872,160,100059,260,99865,160,100062,100,99859,100,100068,100,99841,100,100072,100,99623,100,100080,100,99584,100,100084,100,99583,100
2019-06-28 09:39:50.000000000,100030,276,99919,176,100031,176,99900,176,100038,176,99883,176,100055,176,99872,176,100059,200,99865,100,100062,100,99859,100,100068,100,99841,100,100072,100,99623,100,100080,100,99584,100,100084,100,99583,100
2019-06-28 09:40:00.000000000,100030,351,99919,251,100031,251,99900,251,100038,100,99883,100,100055,100,99872,100,100059,200,99865,100,100062,100,99859,100,100068,100,99841,100,100072,100,99623,100,100080,100,99584,100,100084,100,99583,100
2019-06-28 09:40:00.548066188,100030,351,99919,251,100031,251,99900,151,100038,100,99883,100,100055,100,99872,100,100059,200,99865,100,100062,100,99859,100,100068,100,99841,100,100072,100,99623,100,100080,100,99584,100,100084,100,99583,100
2019-06-28 09:40:10.000000000,100030,502,99919,402,100031,100,99883,100,100038,100,99872,100,100055,100,99865,100,100059,200,99859,100,100062,100,99841,100,100068,100,99623,100,100072,100,99584,100,100080,100,99583,100,100084,100,99533,100
2019-06-28 09:40:15.128490008,100030,502,99919,402,100031,100,99883,100,100038,100,99872,100,100055,100,99865,100,100059,200,99859,100,100062,100,99841,100,100068,100,99623,100,100072,100,99584,100,100080,100,99583,100,100084,100,99533,100
2019-06-28 09:40:17.199099003,100030,402,99919,402,100031,100,99883,100,100038,100,99872,100,100055,100,99865,100,100059,200,99859,100,100062,100,99841,100,100068,100,99623,100,100072,100,99584,100,100080,100,99583,100,100084,100,99533,100
2019-06-28 09:40:20.000000000,100030,203,99919,203,100031,200,99883,200,100038,200,99872,200,100055,100,99865,100,100059,200,99859,100,100062,100,99841,100,100068,100,99623,100,100072,100,99584,100,100080,100,99583,100,100084,100,99533,100
2019-06-28 09:40:30.000000000,100030,176,99919,176,100031,176,99883,176,100038,176,99872,176,100055,176,99865,176,100059,200,99859,100,100062,100,99841,100,100068,100,99623,100,100072,100,99584,100,100080,100,99583,100,100084,100,99533,100
2019-06-28 09:40:34.751289294,100030,176,99919,176,100031,176,99883,176,100038,176,99872,176,100055,176,99865,176,100059,200,99859,100,100062,100,99841,100,100068,100,99623,100,100072,100,99584,100,100080,100,99583,100,100084,100,99533,100
2019-06-28 09:40:40.000000000,100030,402,99919,402,100031,100,99883,100,100038,100,99872,100,100055,100,99865,100,100059,200,99859,100,100062,100,99841,100,100068,100,99623,100,100072,100,99584,100,100080,100,99583,100,100084,100,99533,100
2019-06-28 09:40:45.204605532,100030,402,99999,100,100031,100,99919,402,100038,100,99883,100,100055,100,99872,100,100059,200,99865,100,100062,100,99859,100,100068,100,99841,100,100072,100,99623,100,100080,100,99584,100,100084,100,99583,100
2019-06-28 09:40:50.000000000,100030,402,99999,402,100031,100,99919,100,100038,100,99883,100,100055,100,99872,100,100059,200,99865,100,100062,100,99859,100,100068,100,99841,100,100072,100,99623,100,100080,100,99584,100,100084,100,99583,100
2019-06-28 09:40:53.502237652,100030,402,99999,402,100031,100,99919,100,100038,100,99883,100,100055,100,99872,100,100059,200,99865,100,100062,100,99859,100,100068,100,99841,100,100072,100,99623,100,100080,100,99584,100,100084,100,99583,100
2019-06-28 09:41:00.000000000,100030,176,99999,176,100031,176,99919,176,100038,176,99883,176,100055,176,99872,176,100059,200,99865,100,100062,100,99859,100,100068,100,99841,100,100072,100,99623,100,100080,100,99584,100,100084,100,99583,100
2019-06-28 09:41:10.000000000,100030,176,99999,176,100031,176,99919,176,100038,176,99883,176,100055,176,99872,176,100059,200,99865,100,100062,100,99859,100,100068,100,99841,100,100072,100,99623,100,100080,100,99584,100,100084,100,99583,100
2019-06-28 09:41:20.000000000,100030,203,99999,203,100031,200,99919,200,100038,200,99883,200,100055,100,99872,100,100059,200,99865,100,100062,100,99859,100,100068,100,99841,100,100072,100,99623,100,100080,100,99584,100,100084,100,99583,100
2019-06-28 09:41:30.000000000,100030,176,99999,176,100031,176,99919,176,100038,176,99883,176,100055,176,99872,176,100059,200,99865,100,100062,100,99859,100,100068,100,99841,100,100072,100,99623,100,100080,100,99584,100,100084,100,99583,100
2019-06-28 09:41:37.655400419,100030,176,99999,176,100031,176,99919,176,100038,176,99883,76,100055,176,99872,176,100059,200,99865,100,100062,100,99859,100,100068,100,99841,100,100072,100,99623,100,100080,100,99584,100,100084,100,99583,100
2019-06-28 09:41:40.000000000,100030,203,99999,203,100031,200,99919,200,100038,200,99872,200,100055,100,99865,100,100059,200,99859,100,100062,100,99841,100,100068,100,99623,100,100072,100,99584,100,100080,100,99583,100,100084,100,99533,100
2019-06-28 09:41:48.618207289,100030,203,99999,303,100031,200,99919,200,100038,200,99872,200,100055,100,99865,100,100059,200,99859,100,100062,100,99841,100,100068,100,99623,100,100072,100,99584,100,100080,100,99583,100,100084,100,99533,100
2019-06-28 09:41:50.000000000,100030,160,99999,260,100031,160,99919,160,100038,160,99872,160,100055,160,99865,160,100059,260,99859,160,100062,100,99841,100,100068,100,99623,100,100072,100,99584,100,100080,100,99583,100,100084,100,99533,100
2019-06-28 09:42:00.000000000,100030,251,99999,351,100031,251,99919,251,100038,100,99872,100,100055,100,99865,100,100059,200,99859,100,100062,100,99841,100,100068,100,99623,100,100072,100,99584,100,100080,100,99583,100,100084,100,99533,100
2019-06-28 09:42:10.000000000,100030,160,99999,260,100031,160,99919,160,100038,160,99872,160,100055,160,99865,160,100059,260,99859,160,100062,100,99841,100,100068,100,99623,100,100072,100,99584,100,100080,100,99583,100,100084,100,99533,100
2019-06-28 09:42:20.000000000,100030,176,99999,276,100031,176,99919,176,100038,176,99872,176,100055,176,99865,176,100059,200,99859,100,100062,100,99841,100,100068,100,99623,100,100072,100,99584,100,100080,100,99583,100,100084,100,99533,100
2019-06-28 09:42:30.000000000,100030,176,99999,276,100031,176,99919,176,100038,176,99872,176,100055,176,99865,176,100059,200,99859,100,100062,100,99841,100,100068,100,99623,100,100072,100,99584,100,100080,100,99583,100,100084,100,99533,100
2019-06-28 09:42:32.091213423,100030,176,99999,276,100031,176,99919,76,100038,176,99872,176,100055,176,99865,176,100059,200,99859,100,100062,100,99841,100,100068,100,99623,100,100072,100,99584,100,100080,100,99583,100,100084,100,99533,100
2019-06-28 09:42:36.302683679,100030,76,99999,276,100031,176,99919,76,100038,176,99872,176,100055,176,99865,176,100059,200,99859,100,100062,100,99841,100,100068,100,99623,100,100072,100,99583,100,100080,100,99533,100,100084,100,99400,100
2019-06-28 09:42:36.863878541,100031,176,100030,24,100038,176,99999,276,100055,176,99919,76,100059,200,99872,176,100062,100,99865,176,100068,100,99859,100,100072,100,99841,100,100080,100,99623,100,100084,100,99583,100,100092,100,99533,100
2019-06-28 09:42:38.996034478,100031,76,100030,24,100038,176,99999,276,100055,176,99919,76,100059,200,99872,176,100062,100,99865,176,100068,100,99859,100,100072,100,99841,100,100080,100,99623,100,100084,100,99583,100,100092,100,99533,100
2019-06-28 09:42:40.000000000,100038,176,100030,100,100055,176,99999,276,100059,276,99872,176,100062,176,99865,176,100068,100,99859,100,100072,100,99841,100,100080,100,99623,100,100084,100,99583,100,100092,100,99533,100,100152,100,99369,100
2019-06-28 09:42:50.000000000,100038,203,100030,127,100055,200,99999,300,100059,300,99872,200,100062,100,99865,100,100068,100,99859,100,100072,100,99841,100,100080,100,99623,100,100084,100,99583,100,100092,100,99533,100,100152,100,99369,100
2019-06-28 09:42:57.858059935,100038,103,100030,127,100055,200,99999,300,100059,300,99872,200,100062,100,99865,100,100068,100,99859,100,100072,100,99841,100,100080,100,99623,100,100084,100,99583,100,100092,100,99533,100,100152,100,99369,100
2019-06-28 09:43:00.000000000,100055,160,100030,84,100059,260,99999,260,100062,160,99872,160,100068,160,99865,160,100072,160,99859,160,100080,100,99841,100,100084,100,99623,100,100092,100,99583,100,100152,100,99533,100,100613,100,99369,100
2019-06-28 09:43:04.188929567,100055,60,100030,84,100059,260,99999,260,100062,160,99872,60,100068,160,99865,160,100072,160,99859,160,100080,100,99841,100,100084,100,99623,100,100092,100,99583,100,100152,100,99533,100,100613,100,99369,100
2019-06-28 09:43:10.000000000,100059,303,100030,127,100062,200,99999,300,100068,200,99865,200,100072,100,99859,100,100080,100,99841,100,100084,100,99623,100,100092,100,99583,100,100152,100,99533,100,100613,100,99369,100,100619,100,99351,100
2019-06-28 09:43:11.457481053,100059,303,100030,127,100062,200,99999,300,100068,200,99865,200,100072,100,99859,100,100080,100,99841,100,100084,100,99623,100,100092,100,99583,100,100152,100,99533,100,100613,100,99369,100,100619,100,99351,100
2019-06-28 09:43:20.000000000,100059,276,100030,100,100062,176,99999,276,100068,176,99865,176,100072,176,99859,176,100080,100,99841,100,100084,100,99623,100,100092,100,99583,100,100152,100,99533,100,100613,100,99369,100,100619,100,99351,100
2019-06-28 09:43:21.599115921,100059,176,100030,100,100062,176,99999,276,100068,176,99865,176,100072,176,99859,176,100080,100,99841,100,100084,100,99623,100,100092,100,99583,100,100152,100,99533,100,100613,100,99369,100,100619,100,99351,100
2019-06-28 09:43:27.975798358,100059,176,100055,100,100062,176,100030,100,100068,176,99999,276,100072,176,99865,176,100080,100,99859,176,100084,100,99841,100,100092,100,99623,100,100152,100,99583,100,100613,100,99533,100,100619,100,99369,100
2019-06-28 09:43:30.000000000,100059,160,100055,160,100062,160,100030,84,100068,160,99999,260,100072,160,99865,160,100080,160,99859,160,100084,100,99841,100,100092,100,99623,100,100152,100,99583,100,100613,100,99533,100,100619,100,99369,100
2019-06-28 09:43:30.308034300,100059,60,100055,160,100062,160,100030,84,100068,160,99999,260,100072,160,99865,160,100080,160,99859,160,100084,100,99841,100,100092,100,99623,100,100152,100,99583,100,100613,100,99533,100,100619,100,99369,100
2019-06-28 09:43:37.768510444,100062,160,100059,40,100068,160,100055,160,100072,160,100030,84,100080,160,99999,260,100084,100,99865,160,100092,100,99859,160,100613,100,99841,100,100619,100,99623,100,100666,100,99583,100,100703,100,99533,100
2019-06-28 09:43:40.000000000,100062,251,100059,191,100068,251,100055,251,100072,100,100030,24,100080,100,99999,200,100084,100,99865,100,100092,100,99859,100,100613,100,99841,100,100619,100,99623,100,100666,100,99583,100,100703,100,99533,100
2019-06-28 09:43:48.807110657,100062,251,100059,191,100068,251,100055,251,100072,100,99999,200,100080,100,99865,100,100084,100,99859,100,100092,100,99841,100,100613,100,99623,100,100619,100,99583,100,100666,100,99533,100,100703,100,99369,100
2019-06-28 09:43:50.000000000,100062,203,100059,143,100068,200,100055,200,100072,200,99999,300,100080,100,99865,100,100084,100,99859,100,100092,100,99841,100,100613,100,99623,100,100619,100,99583,100,100666,100,99533,100,100703,100,99369,100
2019-06-28 09:44:00.000000000,100062,402,100059,342,100068,100,100055,100,100072,100,99999,200,100080,100,99865,100,100084,100,99859,100,100092,100,99841,100,100613,100,99623,100,100619,100,99583,100,100666,100,99533,100,100703,100,99369,100
2019-06-28 09:44:02.378572199,100062,402,100059,442,100068,100,99999,200,100072,100,99865,100,100080,100,99859,100,100084,100,99841,100,100092,100,99623,100,100613,100,99583,100,100619,100,99533,100,100666,100,99369,100,100703,100,99351,100
2019-06-28 09:44:03.388276593,100062,302,100059,442,100068,100,99999,200,100072,100,99865,100,100080,100,99859,100,100084,100,99841,100,100092,100,99623,100,100613,100,99583,100,100619,100,99533,100,100666,100,99369,100,100703,100,99351,100
2019-06-28 09:44:10.000000000,100068,176,100059,216,100072,176,99999,276,100080,176,99865,176,100084,176,99859,176,100092,100,99841,100,100613,100,99623,100,100619,100,99583,100,100666,100,99533,100,100703,100,99369,100,100720,100,99351,100
2019-06-28 09:44:20.000000000,100068,160,100059,200,100072,160,99999,260,100080,160,99865,160,100084,160,99859,160,100092,160,99841,160,100613,100,99623,100,100619,100,99583,100,100666,100,99533,100,100703,100,99369,100,100720,100,99351,100
2019-06-28 09:44:20.939997688,100068,160,100059,200,100072,160,99999,260,100080,160,99865,60,100084,160,99859,160,100092,160,99841,160,100613,100,99623,100,100619,100,99583,100,100666,100,99533,100,100703,100,99369,100,100720,100,99351,100
2019-06-28 09:44:30.000000000,100068,160,100059,200,100072,160,99999,260,100080,160,99859,160,100084,160,99841,160,100092,160,99623,160,100613,100,99583,100,100619,100,99533,100,100666,100,99369,100,100703,100,99351,100,100720,100,,
2019-06-28 09:44:34.142756315,100068,60,100059,200,100072,160,99999,260,100080,160,99859,160,100084,160,99841,160,100092,160,99623,160,100613,100,99583,100,100619,100,99533,100,100666,100,99369,100,100703,100,99351,100,100720,100,,
2019-06-28 09:44:40.000000000,100072,203,100059,243,100080,200,99999,300,100084,200,99859,200,100092,100,99841,100,100613,100,99623,100,100619,100,99583,100,100666,100,99533,100,100703,100,99369,100,100720,100,99351,100,100777,100,,
2019-06-28 09:44:45.696139048,100072,103,100059,243,100080,200,99999,300,100084,200,99859,200,100092,100,99623,100,100613,100,99583,100,100619,100,99533,100,100666,100,99369,100,100703,100,99351,100,100720,100,,,100777,100,,
2019-06-28 09:44:50.000000000,100080,402,100059,442,100084,100,99999,200,100092,100,99859,100,100613,100,99623,100,100619,100,99583,100,100666,100,99533,100,100703,100,99369,100,100720,100,99351,100,100777,100,,,,,,
2019-06-28 09:45:00.000000000,100080,160,100059,200,100084,160,99999,260,100092,160,99859,160,100613,160,99623,160,100619,160,99583,160,100666,100,99533,100,100703,100,99369,100,100720,100,99351,100,100777,100,,,,,,
2019-06-28 09:45:03.052560212,100080,160,100068,100,100084,160,100059,200,100092,160,99999,260,100613,160,99859,160,100619,160,99623,160,100666,100,99583,160,100703,100,99533,100,100720,100,99369,100,100777,100,99351,100,,,,
2019-06-28 09:45:10.000000000,100080,402,100068,402,100084,100,100059,140,100092,100,99999,200,100613,100,99859,100,100619,100,99623,100,100666,100,99583,100,100703,100,99533,100,100720,100,99369,100,100777,100,99351,100,,,,
2019-06-28 09:45:20.000000000,100080,402,100068,402,100084,100,100059,140,100092,100,99999,200,100613,100,99859,100,100619,100,99623,100,100666,100,99583,100,100703,100,99533,100,100720,100,99369,100,100777,100,99351,100,,,,
2019-06-28 09:45:26.874957852,100080,402,100068,402,100084,100,100059,140,100092,100,99999,200,100613,100,99859,100,100619,100,99623,100,100666,100,99583,100,100703,100,99533,100,100720,100,99369,100,100777,100,99351,100,101615,100,,
2019-06-28 09:45:30.000000000,100080,251,100068,251,100084,251,100059,291,100092,100,99999,200,100613,100,99859,100,100619,100,99623,100,100666,100,99583,100,100703,100,99533,100,100720,100,99369,100,100777,100,99351,100,101615,100,,
2019-06-28 09:45:40.000000000,100080,203,100068,203,100084,200,100059,240,100092,200,99999,300,100613,100,99859,100,100619,100,99623,100,100666,100,99583,100,100703,100,99533,100,100720,100,99369,100,100777,100,99351,100,101615,100,,
2019-06-28 09:45:41.596860934,100080,203,100068,303,100084,200,100059,240,100092,200,99999,200,100613,100,99859,100,100619,100,99623,100,100666,100,99583,100,100703,100,99533,100,100720,100,99369,100,100777,100,99351,100,101615,100,,
2019-06-28 09:45:50.000000000,100080,203,100068,303,100084,200,100059,240,100092,200,99999,200,100613,100,99859,100,100619,100,99623,100,100666,100,99583,100,100703,100,99533,100,100720,100,99369,100,100777,100,99351,100,101615,100,,
2019-06-28 09:46:00.000000000,100080,160,100068,260,100084,160,100059,200,100092,160,99999,160,100613,160,99859,160,100619,160,99623,160,100666,100,99583,100,100703,100,99533,100,100720,100,99369,100,100777,100,99351,100,101615,100,,
2019-06-28 09:46:01.417780593,100080,160,100068,260,100084,160,100059,200,100092,160,99999,160,100613,160,99859,160,100619,160,99623,160,100666,100,99583,100,100703,100,99533,100,100720,100,99369,100,100777,100,99351,100,101615,100,,
2019-06-28 09:46:05.881113249,100080,160,100068,360,100084,160,100059,200,100092,160,99999,160,100613,160,99859,160,100619,160,99623,160,100666,100,99583,100,100703,100,99533,100,100720,100,99369,100,100777,100,99351,100,101615,100,,
2019-06-28 09:46:10.000000000,100080,176,100068,376,100084,176,100059,216,100092,176,99999,176,100613,176,99859,176,100619,100,99623,100,100666,100,99583,100,100703,100,99533,100,100720,100,99369,100,100777,100,99351,100,101615,100,,
2019-06-28 09:46:20.000000000,100080,251,100068,451,100084,251,100059,291,100092,100,99999,100,100613,100,99859,100,100619,100,99623,100,100666,100,99583,100,100703,100,99533,100,100720,100,99369,100,100777,100,99351,100,101615,100,,
2019-06-28 09:46:24.687172617,100080,251,100068,451,100084,251,100059,291,100092,100,99999,100,100613,100,99859,100,100619,100,99623,100,100666,100,99583,100,100703,100,99533,100,100720,100,99369,100,100777,100,99351,100,101512,100,,
2019-06-28 09:46:30.000000000,100080,160,100068,360,100084,160,100059,200,100092,160,99999,160,100613,160,99859,160,100619,160,99623,160,100666,100,99583,100,100703,100,99533,100,100720,100,99369,100,100777,100,99351,100,101512,100,,
2019-06-28 09:46:37.607167062,100080,60,100068,360,100084,160,100059,200,100092,160,99999,160,100613,160,99859,160,100619,160,99623,160,100703,100,99583,100,100720,100,99533,100,100777,100,99369,100,101512,100,99351,100,101615,100,,
2019-06-28 09:46:40.000000000,100084,251,100068,451,100092,251,100059,291,100613,100,99999,100,100619,100,99859,100,100703,100,99623,100,100720,100,99583,100,100777,100,99533,100,101512,100,99369,100,101615,100,99351,100,101987,100,,
2019-06-28 09:46:50.000000000,100084,176,100068,376,100092,176,100059,216,100613,176,99999,176,100619,176,99859,176,100703,100,99623,100,100720,100,99583,100,100777,100,99533,100,101512,100,99369,100,101615,100,99351,100,101987,100,,
2019-06-28 09:46:52.951326557,100084,76,100068,376,100092,176,100059,216,100613,176,99999,176,100619,176,99859,176,100703,100,99623,100,100720,100,99583,100,100777,100,99533,100,101512,100,99369,100,101615,100,99351,100,101987,100,,
2019-06-28 09:47:00.000000000,100092,402,100068,602,100613,100,100059,140,100619,100,99999,100,100703,100,99859,100,100720,100,99623,100,100777,100,99583,100,101512,100,99533,100,101615,100,99369,100,101987,100,99351,100,,,,
2019-06-28 09:47:03.267677656,100092,402,100080,100,100613,100,100068,602,100619,100,100059,140,100703,100,99999,100,100720,100,99859,100,100777,100,99623,100,101512,100,99583,100,101615,100,99533,100,101987,100,99369,100,,,99351,100
2019-06-28 09:47:10.000000000,100092,251,100080,251,100613,251,100068,451,100619,100,100059,140,100703,100,99999,100,100720,100,99859,100,100777,100,99623,100,101512,100,99583,100,101615,100,99533,100,101987,100,99369,100,,,99351,100
2019-06-28 09:47:19.191830234,100092,251,100080,351,100613,251,100068,451,100619,100,100059,140,100703,100,99999,100,100720,100,99859,100,100777,100,99623,100,101512,100,99583,100,101615,100,99533,100,101987,100,99369,100,,,99351,100
2019-06-28 09:47:20.000000000,100092,402,100080,502,100613,100,100068,300,100619,100,100059,140,100703,100,99999,100,100720,100,99859,100,100777,100,99623,100,101512,100,99583,100,101615,100,99533,100,101987,100,99369,100,,,99351,100
2019-06-28 09:47:21.620065235,100092,302,100080,602,100613,100,100068,300,100619,100,100059,140,100703,100,99999,100,100720,100,99859,100,100777,100,99623,100,101512,100,99583,100,101615,100,99533,100,101987,100,99369,100,,,99351,100
2019-06-28 09:47:30.000000000,100613,176,100080,376,100619,176,100068,376,100703,176,100059,216,100720,176,99999,176,100777,100,99859,100,101512,100,99623,100,101615,100,99583,100,101987,100,99533,100,,,99369,100,,,99351,100
2019-06-28 09:47:37.687175089,100613,176,100080,376,100619,76,100068,376,100703,176,100059,216,100720,176,99999,176,100777,100,99859,100,101512,100,99623,100,101615,100,99583,100,101947,100,99533,100,101987,100,99369,100,,,99351,100
2019-06-28 09:47:40.000000000,100613,251,100080,451,100703,251,100068,451,100720,100,100059,140,100777,100,99999,100,101512,100,99859,100,101615,100,99623,100,101947,100,99583,100,101987,100,99533,100,,,99369,100,,,99351,100
2019-06-28 09:47:50.000000000,100613,203,100080,403,100703,200,100068,400,100720,200,100059,240,100777,100,99999,100,101512,100,99859,100,101615,100,99623,100,101947,100,99583,100,101987,100,99533,100,,,99369,100,,,99351,100
2019-06-28 09:47:52.412762804,100613,103,100080,403,100703,200,100068,400,100720,200,100059,240,100777,100,99999,100,101512,100,99859,100,101615,100,99623,100,101947,100,99583,100,101987,100,99533,100,,,99369,100,,,99351,100
2019-06-28 09:47:59.308168208,100613,3,100080,403,100703,200,100068,400,100720,200,100059,240,100777,100,99999,100,101512,100,99859,100,101615,100,99623,100,101947,100,99583,100,101987,100,99533,100,,,99369,100,,,99351,100
2019-06-28 09:48:00.000000000,100703,160,100080,360,100720,160,100068,360,100777,160,100059,200,101512,160,99999,160,101615,160,99859,160,101947,100,99623,100,101987,100,99583,100,,,99533,100,,,99369,100,,,99351,100
2019-06-28 09:48:10.000000000,100703,402,100080,602,100720,100,100068,300,100777,100,100059,140,101512,100,99999,100,101615,100,99859,100,101947,100,99623,100,101987,100,99583,100,,,99533,100,,,99369,100,,,99351,100
2019-06-28 09:48:11.486556322,100703,302,100080,602,100720,100,100068,300,100777,100,100059,140,101512,100,99999,100,101615,100,99859,100,101947,100,99623,100,101987,100,99583,100,,,99533,100,,,99369,100,,,99351,100
2019-06-28 09:48:19.579855067,100703,302,100080,602,100720,100,100068,300,100777,100,100059,140,101512,100,99999,100,101615,100,99859,100,101887,100,99623,100,101947,100,99583,100,101987,100,99533,100,,,99369,100,,,99351,100
2019-06-28 09:48:20.000000000,100720,402,100080,602,100777,100,100068,300,101512,100,100059,140,101615,100,99999,100,101887,100,99859,100,101947,100,99623,100,101987,100,99583,100,,,99533,100,,,99369,100,,,99351,100
2019-06-28 09:48:21.886689089,100720,402,100080,602,100777,100,100068,300,101512,100,100059,140,101615,100,99999,100,101656,100,99859,100,101887,100,99623,100,101947,100,99583,100,101987,100,99369,100,,,99351,100,,,,
2019-06-28 09:48:30.000000000,100720,203,100080,403,100777,200,100068,400,101512,200,100059,240,101615,100,99999,100,101656,100,99859,100,101887,100,99623,100,101947,100,99583,100,101987,100,99369,100,,,99351,100,,,,
2019-06-28 09:48:40.000000000,100720,203,100080,403,100777,200,100068,400,101512,200,100059,240,101615,100,99999,100,101656,100,99859,100,101887,100,99623,100,101947,100,99583,100,101987,100,99369,100,,,99351,100,,,,
2019-06-28 09:48:50.000000000,100720,402,100080,602,100777,100,100068,300,101512,100,100059,140,101615,100,99999,100,101656,100,99859,100,101887,100,99623,100,101947,100,99583,100,101987,100,99369,100,,,99351,100,,,,
2019-06-28 09:49:00.000000000,100720,176,100080,376,100777,176,100068,376,101512,176,100059,216,101615,176,99999,176,101656,100,99859,100,101887,100,99623,100,101947,100,99583,100,101987,100,99369,100,,,99351,100,,,,
2019-06-28 09:49:10.000000000,100720,402,100080,602,100777,100,100068,300,101512,100,100059,140,101615,100,99999,100,101656,100,99859,100,101887,100,99623,100,101947,100,99583,100,101987,100,99369,100,,,99351,100,,,,
2019-06-28 09:49:20.000000000,100720,402,100080,602,100777,100,100068,300,101512,100,100059,140,101615,100,99999,100,101656,100,99859,100,101887,100,99623,100,101947,100,99583,100,101987,100,99369,100,,,99351,100,,,,
2019-06-28 09:49:30.000000000,100720,251,100080,451,100777,251,100068,451,101512,100,100059,140,101615,100,99999,100,101656,100,99859,100,101887,100,99623,100,101947,100,99583,100,101987,100,99369,100,,,99351,100,,,,
2019-06-28 09:49:32.717725860,100720,251,100613,100,100777,251,100080,351,101512,100,100068,451,101615,100,100059,140,101656,100,99999,100,101887,100,99859,100,101947,100,99623,100,101987,100,99583,100,,,99369,100,,,99351,100
2019-06-28 09:49:40.000000000,100720,402,100613,402,100777,100,100080,200,101512,100,100068,300,101615,100,100059,140,101656,100,99999,100,101887,100,99859,100,101947,100,99623,100,101987,100,99583,100,,,99369,100,,,99351,100
2019-06-28 09:49:50.000000000,100720,251,100613,251,100777,251,100080,351,101512,100,100068,300,101615,100,100059,140,101656,100,99999,100,101887,100,99859,100,101947,100,99623,100,101987,100,99583,100,,,99369,100,,,99351,100
2019-06-28 09:50:00.000000000,100720,176,100613,176,100777,176,100080,276,101512,176,100068,376,101615,176,100059,216,101656,100,99999,100,101887,100,99859,100,101947,100,99623,100,101987,100,99583,100,,,99369,100,,,99351,100
2019-06-28 09:50:10.000000000,100720,160,100613,160,100777,160,100080,260,101512,160,100068,360,101615,160,100059,200,101656,160,99999,160,101887,100,99859,100,101947,100,99623,100,101987,100,99583,100,,,99369,100,,,99351,100
2019-06-28 09:50:20.000000000,100720,203,100613,203,100777,200,100080,300,101512,200,100068,400,101615,100,100059,140,101656,100,99999,100,101887,100,99859,100,101947,100,99623,100,101987,100,99583,100,,,99369,100,,,99351,100
2019-06-28 09:50:30.000000000,100720,203,100613,203,100777,200,100080,300,101512,200,100068,400,101615,100,100059,140,101656,100,99999,100,101887,100,99859,100,101947,100,99623,100,101987,100,99583,100,,,99369,100,,,99351,100
2019-06-28 09:50:40.000000000,100720,251,100613,251,100777,251,100080,351,101512,100,100068,300,101615,100,100059,140,101656,100,99999,100,101887,100,99859,100,101947,100,99623,100,101987,100,99583,100,,,99369,100,,,99351,100
2019-06-28 09:50:50.000000000,100720,402,100613,402,100777,100,100080,200,101512,100,100068,300,101615,100,100059,140,101656,100,99999,100,101887,100,99859,100,101947,100,99623,100,101987,100,99583,100,,,99369,100,,,99351,100
2019-06-28 09:50:58.699703565,100720,402,100699,100,100777,100,100613,402,101512,100,100080,200,101615,100,100068,300,101656,100,100059,140,101887,100,99999,100,101947,100,99859,100,101987,100,99623,100,,,99583,100,,,99369,100
2019-06-28 09:51:00.000000000,100720,251,100699,251,100777,251,100613,251,101512,100,100080,200,101615,100,100068,300,101656,100,100059,140,101887,100,99999,100,101947,100,99859,100,101987,100,99623,100,,,99583,100,,,99369,100
2019-06-28 09:51:09.304816566,100720,251,100699,151,100777,251,100613,251,101512,100,100080,200,101615,100,100068,300,101656,100,100059,140,101887,100,99999,100,101947,100,99859,100,101987,100,99623,100,,,99583,100,,,99369,100
2019-06-28 09:51:10.000000000,100720,176,100613,176,100777,176,100080,276,101512,176,100068,376,101615,176,100059,216,101656,100,99999,100,101887,100,99859,100,101947,100,99623,100,101987,100,99583,100,,,99369,100,,,99351,100
2019-06-28 09:51:20.000000000,100720,176,100613,176,100777,176,100080,276,101512,176,100068,376,101615,176,100059,216,101656,100,99999,100,101887,100,99859,100,101947,100,99623,100,101987,100,99583,100,,,99369,100,,,99351,100
2019-06-28 09:51:20.205085058,100720,176,100613,176,100777,176,100080,276,100782,100,100068,376,101512,176,100059,216,101615,176,99999,100,101656,100,99859,100,101887,100,99623,100,101947,100,99583,100,101987,100,99369,100,,,99351,100
2019-06-28 09:51:30.000000000,100720,251,100613,251,100777,251,100080,351,100782,100,100068,300,101512,100,100059,140,101615,100,99999,100,101656,100,99859,100,101887,100,99623,100,101947,100,99583,100,101987,100,99369,100,,,99351,100
2019-06-28 09:51:40.000000000,100720,402,100613,402,100777,100,100080,200,100782,100,100068,300,101512,100,100059,140,101615,100,99999,100,101656,100,99859,100,101887,100,99623,100,101947,100,99583,100,101987,100,99369,100,,,99351,100
2019-06-28 09:51:50.000000000,100720,203,100613,203,100777,200,100080,300,100782,200,100068,400,101512,100,100059,140,101615,100,99999,100,101656,100,99859,100,101887,100,99623,100,101947,100,99583,100,101987,100,99369,100,,,99351,100
2019-06-28 09:51:50.997439536,100720,203,100613,203,100777,200,100533,100,100782,200,100080,300,101512,100,100068,400,101615,100,100059,140,101656,100,99999,100,101887,100,99859,100,101947,100,99623,100,101987,100,99583,100,,,99369,100
2019-06-28 09:51:53.488729945,100720,203,100613,203,100777,200,100533,100,100782,200,100080,300,101032,100,100068,400,101512,100,100059,140,101615,100,99999,100,101656,100,99859,100,101887,100,99623,100,101947,100,99583,100,101987,100,99369,100
2019-06-28 09:52:00.000000000,100720,203,100613,203,100777,200,100533,200,100782,200,100080,300,101032,100,100068,300,101512,100,100059,140,101615,100,99999,100,101656,100,99859,100,101887,100,99623,100,101947,100,99583,100,101987,100,99369,100
2019-06-28 09:52:08.080560089,100720,103,100613,203,100777,200,100533,200,100782,200,100080,300,101032,100,100068,300,101512,100,100059,140,101615,100,99999,100,101656,100,99859,100,101887,100,99623,100,101947,100,99583,100,101987,100,99369,100
2019-06-28 09:52:10.000000000,100777,402,100613,402,100782,100,100533,100,101032,100,100080,200,101512,100,100068,300,101615,100,100059,140,101656,100,99999,100,101887,100,99859,100,101947,100,99623,100,101987,100,99583,100,,,99369,100
2019-06-28 09:52:20.000000000,100777,160,100613,160,100782,160,100533,160,101032,160,100080,260,101512,160,100068,360,101615,160,100059,200,101656,100,99999,100,101887,100,99859,100,101947,100,99623,100,101987,100,99583,100,,,99369,100
2019-06-28 09:52:30.000000000,100777,251,100613,251,100782,251,100533,251,101032,100,100080,200,101512,100,100068,300,101615,100,100059,140,101656,100,99999,100,101887,100,99859,100,101947,100,99623,100,101987,100,99583,100,,,99369,100
2019-06-28 09:52:40.000000000,100777,160,100613,160,100782,160,100533,160,101032,160,100080,260,101512,160,100068,360,101615,160,100059,200,101656,100,99999,100,101887,100,99859,100,101947,100,99623,100,101987,100,99583,100,,,99369,100
2019-06-28 09:52:50.000000000,100777,160,100613,160,100782,160,100533,160,101032,160,100080,260,101512,160,100068,360,101615,160,100059,200,101656,100,99999,100,101887,100,99859,100,101947,100,99623,100,101987,100,99583,100,,,99369,100
2019-06-28 09:53:00.000000000,100777,402,100613,402,100782,100,100533,100,101032,100,100080,200,101512,100,100068,300,101615,100,100059,140,101656,100,99999,100,101887,100,99859,100,101947,100,99623,100,101987,100,99583,100,,,99369,100
2019-06-28 09:53:03.390272676,100777,402,100700,100,100782,100,100613,402,101032,100,100533,100,101512,100,100080,200,101615,100,100068,300,101656,100,100059,140,101887,100,99999,100,101947,100,99859,100,101987,100,99623,100,,,99583,100
2019-06-28 09:53:06.579161342,100777,402,100700,100,100782,100,100613,402,101032,100,100533,100,101470,100,100080,200,101512,100,100068,300,101615,100,100059,140,101656,100,99999,100,101887,100,99859,100,101947,100,99623,100,101987,100,99583,100
2019-06-28 09:53:10.000000000,100777,251,100700,251,100782,251,100613,251,101032,100,100533,100,101470,100,100080,200,101512,100,100068,300,101615,100,100059,140,101656,100,99999,100,101887,100,99859,100,101947,100,99623,100,101987,100,99583,100
2019-06-28 09:53:20.000000000,100777,203,100700,203,100782,200,100613,200,101032,200,100533,200,101470,100,100080,200,101512,100,100068,300,101615,100,100059,140,101656,100,99999,100,101887,100,99859,100,101947,100,99623,100,101987,100,99583,100
2019-06-28 09:53:30.000000000,100777,203,100700,203,100782,200,100613,200,101032,200,100533,200,101470,100,100080,200,101512,100,100068,300,101615,100,100059,140,101656,100,99999,100,101887,100,99859,100,101947,100,99623,100,101987,100,99583,100
2019-06-28 09:53:32.861214037,100777,203,100700,303,100782,200,100613,200,101032,200,100533,200,101470,100,100080,200,101512,100,100068,200,101615,100,100059,140,101656,100,99999,100,101887,100,99859,100,101947,100,99623,100,101987,100,99583,100
2019-06-28 09:53:40.000000000,100777,203,100700,303,100782,200,100613,200,101032,200,100533,200,101470,100,100080,200,101512,100,100068,200,101615,100,100059,140,101656,100,99999,100,101887,100,99859,100,101947,100,99623,100,101987,100,99583,100
2019-06-28 09:53:40.730762473,100777,203,100700,303,100782,200,100613,200,101032,200,100533,200,101430,100,100080,200,101470,100,100068,200,101512,100,100059,140,101615,100,99999,100,101656,100,99859,100,101887,100,99623,100,101947,100,99583,100
2019-06-28 09:53:48.955970395,100777,203,100700,303,100782,200,100613,200,101032,200,100533,200,101430,100,100080,200,101470,100,100068,100,101512,100,100059,140,101615,100,99999,100,101656,100,99859,100,101887,100,99623,100,101947,100,99583,100
2019-06-28 09:53:50.000000000,100777,203,100700,303,100782,200,100613,200,101032,200,100533,200,101430,100,100080,200,101470,100,100068,100,101512,100,100059,140,101615,100,99999,100,101656,100,99859,100,101887,100,99623,100,101947,100,99583,100
2019-06-28 09:54:00.000000000,100777,251,100700,351,100782,251,100613,251,101032,100,100533,100,101430,100,100080,200,101470,100,100068,100,101512,100,100059,140,101615,100,99999,100,101656,100,99859,100,101887,100,99623,100,101947,100,99583,100
2019-06-28 09:54:10.000000000,100777,160,100700,260,100782,160,100613,160,101032,160,100533,160,101430,160,100080,260,101470,160,100068,160,101512,100,100059,140,101615,100,99999,100,101656,100,99859,100,101887,100,99623,100,101947,100,99583,100
2019-06-28 09:54:10.978116874,100777,160,100700,260,100782,160,100613,160,101032,160,100533,160,101309,100,100080,260,101430,160,100068,160,101470,160,100059,140,101512,100,99999,100,101615,100,99859,100,101656,100,99583,100,101887,100,99369,100
2019-06-28 09:54:20.000000000,100777,251,100700,351,100782,251,100613,251,101032,100,100533,100,101309,100,100080,200,101430,100,100068,100,101470,100,100059,140,101512,100,99999,100,101615,100,99859,100,101656,100,99583,100,101887,100,99369,100
2019-06-28 09:54:30.000000000,100777,203,100700,303,100782,200,100613,200,101032,200,100533,200,101309,100,100080,200,101430,100,100068,100,101470,100,100059,140,101512,100,99999,100,101615,100,99859,100,101656,100,99583,100,101887,100,99369,100
2019-06-28 09:54:33.324264435,100777,203,100700,303,100782,200,100613,200,101032,200,100533,200,101309,100,100080,200,101430,100,100068,100,101459,100,100059,140,101470,100,99999,100,101512,100,99859,100,101615,100,99583,100,101656,100,99369,100
2019-06-28 09:54:40.000000000,100777,176,100700,276,100782,176,100613,176,101032,176,100533,176,101309,176,100080,276,101430,100,100068,100,101459,100,100059,140,101470,100,99999,100,101512,100,99859,100,101615,100,99583,100,101656,100,99369,100
2019-06-28 09:54:49.059423007,100777,76,100700,276,100782,176,100613,176,101032,176,100533,176,101309,176,100080,276,101430,100,100068,100,101459,100,100059,140,101470,100,99999,100,101512,100,99859,100,101615,100,99583,100,101656,100,99369,100
2019-06-28 09:54:50.000000000,100782,176,100700,276,101032,176,100613,176,101309,176,100533,176,101430,176,100080,276,101459,100,100068,100,101470,100,100059,140,101512,100,99999,100,101615,100,99859,100,101656,100,99583,100,101887,100,99369,100
2019-06-28 09:55:00.000000000,100782,160,100700,260,101032,160,100613,160,101309,160,100533,160,101430,160,100080,260,101459,160,100068,160,101470,100,100059,140,101512,100,99999,100,101615,100,99859,100,101656,100,99583,100,101887,100,99369,100
2019-06-28 09:55:03.387093333,100782,160,100720,100,101032,160,100700,260,101309,160,100613,60,101430,160,100533,160,101459,160,100080,260,101470,100,100068,160,101512,100,100059,140,101615,100,99999,100,101656,100,99859,100,101887,100,99583,100
2019-06-28 09:55:10.000000000,100782,160,100720,160,101032,160,100700,260,101309,160,100533,160,101430,160,100080,260,101459,160,100068,160,101470,100,100059,140,101512,100,99999,100,101615,100,99859,100,101656,100,99583,100,101887,100,99369,100
2019-06-28 09:55:10.136332802,100782,60,100720,160,101032,160,100700,260,101309,60,100533,160,101430,160,100080,260,101459,160,100068,160,101470,100,100059,140,101512,100,99999,100,101615,100,99859,100,101656,100,99583,100,101887,100,99369,100
2019-06-28 09:55:14.785445773,100782,60,100720,160,101032,160,100700,260,101309,60,100533,160,101430,160,100080,260,101459,160,100068,60,101470,100,100059,140,101512,100,99999,100,101615,100,99859,100,101656,100,99583,100,101887,100,99369,100
2019-06-28 09:55:17.202890794,101032,160,100782,40,101309,60,100720,160,101430,160,100700,260,101459,160,100533,160,101470,100,100080,260,101512,100,100068,60,101615,100,100059,140,101656,100,99999,100,101887,100,99859,100,101947,100,99583,100
2019-06-28 09:55:20.000000000,101032,203,100782,143,101430,200,100720,200,101459,200,100700,300,101470,100,100533,100,101512,100,100080,200,101615,100,100059,140,101656,100,99999,100,101887,100,99859,100,101947,100,99583,100,101987,100,99369,100
2019-06-28 09:55:30.000000000,101032,203,100782,143,101430,200,100720,200,101459,200,100700,300,101470,100,100533,100,101512,100,100080,200,101615,100,100059,140,101656,100,99999,100,101887,100,99859,100,101947,100,99583,100,101987,100,99369,100
2019-06-28 09:55:40.000000000,101032,402,100782,342,101430,100,100720,100,101459,100,100700,200,101470,100,100533,100,101512,100,100080,200,101615,100,100059,140,101656,100,99999,100,101887,100,99859,100,101947,100,99583,100,101987,100,99369,100
2019-06-28 09:55:44.548203920,100900,100,100782,342,101032,402,100720,100,101430,100,100700,200,101459,100,100533,100,101470,100,100080,200,101512,100,100059,140,101615,100,99999,100,101656,100,99859,100,101887,100,99583,100,101947,100,99369,100
2019-06-28 09:55:50.000000000,100900,402,100782,342,101032,100,100720,100,101430,100,100700,200,101459,100,100533,100,101470,100,100080,200,101512,100,100059,140,101615,100,99999,100,101656,100,99859,100,101887,100,99583,100,101947,100,99369,100
2019-06-28 09:55:59.787701895,100900,402,100782,342,101032,100,100720,100,101096,100,100700,200,101430,100,100533,100,101459,100,100080,200,101470,100,100059,140,101512,100,99999,100,101656,100,99859,100,101887,100,99583,100,101947,100,99369,100
2019-06-28 09:56:00.000000000,100900,251,100782,191,101032,251,100720,251,101096,100,100700,200,101430,100,100533,100,101459,100,100080,200,101470,100,100059,140,101512,100,99999,100,101656,100,99859,100,101887,100,99583,100,101947,100,99369,100
2019-06-28 09:56:10.000000000,100900,251,100782,191,101032,251,100720,251,101096,100,100700,200,101430,100,100533,100,101459,100,100080,200,101470,100,100059,140,101512,100,99999,100,101656,100,99859,100,101887,100,99583,100,101947,100,99369,100
2019-06-28 09:56:13.705815121,100900,251,100782,291,101032,251,100720,251,101096,100,100700,200,101430,100,100533,100,101459,100,100080,200,101470,100,100059,140,101512,100,99999,100,101656,100,99859,100,101887,100,99583,100,101947,100,99369,100
2019-06-28 09:56:15.529912997,100900,251,100782,291,101032,251,100720,151,101096,100,100700,200,101430,100,100533,100,101459,100,100080,200,101470,100,100059,140,101512,100,99999,100,101656,100,99859,100,101887,100,99583,100,101947,100,99369,100
2019-06-28 09:56:20.000000000,100900,176,100782,216,101032,176,100700,276,101096,176,100533,176,101430,176,100080,276,101459,100,100059,140,101470,100,99999,100,101512,100,99859,100,101656,100,99583,100,101887,100,99369,100,101947,100,99351,100
2019-06-28 09:56:30.000000000,100900,176,100782,216,101032,176,100700,276,101096,176,100533,176,101430,176,100080,276,101459,100,100059,140,101470,100,99999,100,101512,100,99859,100,101656,100,99583,100,101887,100,99369,100,101947,100,99351,100
2019-06-28 09:56:31.609200712,100900,176,100782,216,101032,176,100700,276,101096,176,100533,176,101141,100,100080,276,101430,176,100059,140,101459,100,99999,100,101470,100,99859,100,101512,100,99583,100,101656,100,99351,100,101887,100,,
2019-06-28 09:56:40.000000000,100900,160,100782,200,101032,160,100700,260,101096,160,100533,160,101141,160,100080,260,101430,160,100059,200,101459,100,99999,100,101470,100,99859,100,101512,100,99583,100,101656,100,99351,100,101887,100,,
2019-06-28 09:56:42.086422358,100900,60,100782,200,101032,160,100700,260,101096,160,100533,160,101141,160,100080,260,101430,160,100059,200,101459,100,99999,100,101470,100,99859,100,101512,100,99583,100,101656,100,99351,100,101887,100,,
2019-06-28 09:56:50.000000000,101032,251,100782,291,101096,251,100700,351,101141,100,100533,100,101430,100,100080,200,101459,100,100059,140,101470,100,99999,100,101512,100,99859,100,101656,100,99583,100,101887,100,99351,100,101947,100,,
2019-06-28 09:57:00.000000000,101032,176,100782,216,101096,176,100700,276,101141,176,100533,176,101430,176,100080,276,101459,100,100059,140,101470,100,99999,100,101512,100,99859,100,101656,100,99583,100,101887,100,99351,100,101947,100,,
2019-06-28 09:57:05.733795630,101032,176,101011,100,101096,176,100782,216,101141,176,100700,276,101430,176,100533,176,101459,100,100080,276,101470,100,100059,140,101512,100,99999,100,101656,100,99859,100,101887,100,99583,100,101947,100,99351,100
2019-06-28 09:57:10.000000000,101032,203,101011,203,101096,200,100782,240,101141,200,100700,300,101430,100,100533,100,101459,100,100080,200,101470,100,100059,140,101512,100,99999,100,101656,100,99859,100,101887,100,99583,100,101947,100,99351,100
2019-06-28 09:57:20.000000000,101032,402,101011,402,101096,100,100782,140,101141,100,100700,200,101430,100,100533,100,101459,100,100080,200,101470,100,100059,140,101512,100,99999,100,101656,100,99859,100,101887,100,99583,100,101947,100,99351,100
2019-06-28 09:57:25.166074700,101032,402,101011,402,101080,100,100782,140,101096,100,100700,200,101141,100,100533,100,101430,100,100080,200,101459,100,100059,140,101470,100,99999,100,101512,100,99859,100,101887,100,99583,100,101947,100,99351,100
2019-06-28 09:57:30.000000000,101032,176,101011,176,101080,176,100782,216,101096,176,100700,276,101141,176,100533,176,101430,100,100080,200,101459,100,100059,140,101470,100,99999,100,101512,100,99859,100,101887,100,99583,100,101947,100,99351,100
2019-06-28 09:57:40.000000000,101032,203,101011,203,101080,200,100782,240,101096,200,100700,300,101141,100,100533,100,101430,100,100080,200,101459,100,100059,140,101470,100,99999,100,101512,100,99859,100,101887,100,99583,100,101947,100,99351,100
2019-06-28 09:57:44.534985640,101032,203,101011,103,101080,200,100782,240,101096,200,100700,300,101141,100,100533,100,101430,100,100080,200,101459,100,100059,140,101470,100,99999,100,101512,100,99859,100,101887,100,99351,100,101947,100,,
2019-06-28 09:57:45.993666670,101032,203,101011,103,101080,200,100782,200,101096,200,100705,100,101141,100,100700,300,101430,100,100533,100,101459,100,100080,200,101470,100,100059,140,101512,100,99999,100,101887,100,99859,100,101947,100,99351,100
2019-06-28 09:57:50.000000000,101032,251,100782,251,101080,251,100705,251,101096,100,100700,200,101141,100,100533,100,101430,100,100080,200,101459,100,100059,140,101470,100,99999,100,101512,100,99859,100,101887,100,99351,100,101947,100,,
2019-06-28 09:58:00.000000000,101032,251,100782,251,101080,251,100705,251,101096,100,100700,200,101141,100,100533,100,101430,100,100080,200,101459,100,100059,140,101470,100,99999,100,101512,100,99859,100,101887,100,99351,100,101947,100,,
2019-06-28 09:58:07.410931983,101032,251,100782,151,101080,251,100705,251,101096,100,100700,200,101141,100,100533,100,101430,100,100080,200,101459,100,100059,140,101470,100,99999,100,101512,100,99859,100,101887,100,99351,100,101947,100,,
2019-06-28 09:58:10.000000000,101032,160,100705,160,101080,160,100700,260,101096,160,100533,160,101141,160,100080,260,101430,160,100059,200,101459,100,99999,100,101470,100,99859,100,101512,100,99351,100,101887,100,,,101947,100,,
2019-06-28 09:58:10.910010432,101032,160,100705,160,101080,160,100700,260,101096,160,100658,100,101141,160,100533,160,101430,160,100080,260,101459,100,100059,200,101470,100,99999,100,101512,100,99859,100,101887,100,99351,100,101947,100,,
2019-06-28 09:58:20.000000000,101032,251,100705,251,101080,251,100700,351,101096,100,100658,100,101141,100,100533,100,101430,100,100080,200,101459,100,100059,140,101470,100,99999,100,101512,100,99859,100,101887,100,99351,100,101947,100,,
2019-06-28 09:58:30.000000000,101032,402,100705,402,101080,100,100700,200,101096,100,100658,100,101141,100,100533,100,101430,100,100080,200,101459,100,100059,140,101470,100,99999,100,101512,100,99859,100,101887,100,99351,100,101947,100,,
2019-06-28 09:58:31.424805070,100848,100,100705,402,101032,402,100700,200,101080,100,100658,100,101096,100,100533,100,101141,100,100080,200,101430,100,100059,140,101459,100,99999,100,101470,100,99859,100,101512,100,99351,100,101887,100,,
2019-06-28 09:58:35.520077827,100848,100,100705,402,101032,402,100700,200,101080,100,100658,100,101096,100,100643,100,101141,100,100533,100,101430,100,100080,200,101459,100,100059,140,101470,100,99999,100,101512,100,99859,100,101887,100,99351,100
2019-06-28 09:58:37.168712537,100848,100,100705,402,101011,100,100700,200,101032,402,100658,100,101080,100,100643,100,101096,100,100533,100,101141,100,100080,200,101430,100,100059,140,101459,100,99999,100,101470,100,99859,100,101512,100,99351,100
2019-06-28 09:58:40.000000000,100848,176,100705,176,101011,176,100700,276,101032,176,100658,176,101080,176,100643,176,101096,100,100533,100,101141,100,100080,200,101430,100,100059,140,101459,100,99999,100,101470,100,99859,100,101512,100,99351,100
2019-06-28 09:58:49.393068111,100848,176,100705,176,101011,276,100700,276,101032,176,100658,176,101080,176,100643,176,101096,100,100533,100,101141,100,100080,200,101430,100,100059,140,101459,100,99999,100,101470,100,99859,100,101512,100,99351,100
2019-06-28 09:58:50.000000000,100848,160,100705,160,101011,260,100700,260,101032,160,100658,160,101080,160,100643,160,101096,160,100533,160,101141,100,100080,200,101430,100,100059,140,101459,100,99999,100,101470,100,99859,100,101512,100,99351,100
2019-06-28 09:58:50.988159618,100848,160,100705,160,101011,260,100700,260,101032,160,100658,160,101080,160,100643,160,101096,160,100533,160,101141,100,100476,100,101430,100,100080,200,101459,100,100059,140,101470,100,99999,100,101887,100,99859,100
2019-06-28 09:58:51.405222291,100848,160,100705,160,101011,360,100700,260,101032,160,100658,160,101080,160,100643,160,101096,160,100533,160,101141,100,100476,100,101430,100,100080,200,101459,100,100059,140,101470,100,99999,100,101887,100,99859,100
2019-06-28 09:59:00.000000000,100848,251,100705,251,101011,451,100700,351,101032,100,100658,100,101080,100,100643,100,101096,100,100533,100,101141,100,100476,100,101430,100,100080,200,101459,100,100059,140,101470,100,99999,100,101887,100,99859,100
2019-06-28 09:59:10.000000000,100848,160,100705,160,101011,360,100700,260,101032,160,100658,160,101080,160,100643,160,101096,160,100533,160,101141,100,100476,100,101430,100,100080,200,101459,100,100059,140,101470,100,99999,100,101887,100,99859,100
2019-06-28 09:59:20.000000000,100848,160,100705,160,101011,360,100700,260,101032,160,100658,160,101080,160,100643,160,101096,160,100533,160,101141,100,100476,100,101430,100,100080,200,101459,100,100059,140,101470,100,99999,100,101887,100,99859,100
2019-06-28 09:59:30.000000000,100848,203,100705,203,101011,400,100700,300,101032,200,100658,200,101080,100,100643,100,101096,100,100533,100,101141,100,100476,100,101430,100,100080,200,101459,100,100059,140,101470,100,99999,100,101887,100,99859,100
2019-06-28 09:59:37.048298486,100848,203,100705,103,101011,400,100700,300,101032,200,100658,200,101080,100,100643,100,101096,100,100533,100,101141,100,100476,100,101430,100,100080,200,101459,100,100059,140,101470,100,99999,100,101887,100,99859,100
2019-06-28 09:59:40.000000000,100848,402,100700,502,101011,300,100658,100,101032,100,100643,100,101080,100,100533,100,101096,100,100476,100,101141,100,100080,200,101430,100,100059,140,101459,100,99999,100,101470,100,99859,100,101887,100,99351,100
2019-06-28 09:59:50.000000000,100848,176,100700,276,101011,376,100658,176,101032,176,100643,176,101080,176,100533,176,101096,100,100476,100,101141,100,100080,200,101430,100,100059,140,101459,100,99999,100,101470,100,99859,100,101887,100,99351,100
2019-06-28 10:00:00.000000000,100848,176,100700,276,101011,376,100658,176,101032,176,100643,176,101080,176,100533,176,101096,100,100476,100,101141,100,100080,200,101430,100,100059,140,101459,100,99999,100,101470,100,99859,100,101887,100,99351,100
2019-06-28 10:00:03.345649551,100848,176,100700,176,101011,376,100658,176,101032,176,100643,176,101080,176,100533,176,101096,100,100476,100,101141,100,100080,200,101430,100,100059,140,101459,100,99999,100,101887,100,99859,100,101947,100,99351,100
2019-06-28 10:00:10.000000000,100848,160,100700,160,101011,360,100658,160,101032,160,100643,160,101080,160,100533,160,101096,160,100476,160,101141,100,100080,200,101430,100,100059,140,101459,100,99999,100,101887,100,99859,100,101947,100,99351,100
2019-06-28 10:00:14.934222971,100848,160,100700,60,101011,360,100658,160,101032,160,100643,160,101080,160,100533,160,101096,160,100476,160,101141,100,100080,200,101430,100,100059,140,101459,100,99999,100,101887,100,99859,100,101947,100,99351,100
2019-06-28 10:00:20.000000000,100848,176,100658,176,101011,376,100643,176,101032,176,100533,176,101080,176,100476,176,101096,100,100080,200,101141,100,100059,140,101430,100,99999,100,101459,100,99859,100,101887,100,99351,100,101947,100,,
2019-06-28 10:00:30.000000000,100848,176,100658,176,101011,376,100643,176,101032,176,100533,176,101080,176,100476,176,101096,100,100080,200,101141,100,100059,140,101430,100,99999,100,101459,100,99859,100,101887,100,99351,100,101947,100,,
2019-06-28 10:00:35.461564259,100848,176,100658,76,101011,376,100643,176,101032,176,100533,176,101080,176,100476,176,101096,100,100080,200,101141,100,100059,140,101430,100,99999,100,101459,100,99859,100,101887,100,99574,100,101947,100,99351,100
2019-06-28 10:00:35.791573259,100700,100,100658,76,100848,176,100643,176,101011,376,100533,176,101032,176,100476,176,101080,176,100080,200,101096,100,100059,140,101141,100,99999,100,101430,100,99859,100,101459,100,99574,100,101887,100,99351,100
2019-06-28 10:00:40.000000000,100700,203,100643,203,100848,200,100533,200,101011,400,100476,200,101032,100,100080,200,101080,100,100059,140,101096,100,99999,100,101141,100,99859,100,101430,100,99574,100,101459,100,99351,100,101887,100,,
2019-06-28 10:00:50.000000000,100700,251,100643,251,100848,251,100533,251,101011,300,100476,100,101032,100,100080,200,101080,100,100059,140,101096,100,99999,100,101141,100,99859,100,101430,100,99574,100,101459,100,99351,100,101887,100,,
2019-06-28 10:01:00.000000000,100700,176,100643,176,100848,176,100533,176,101011,376,100476,176,101032,176,100080,276,101080,100,100059,140,101096,100,99999,100,101141,100,99859,100,101430,100,99574,100,101459,100,99351,100,101887,100,,
2019-06-28 10:01:07.467447923,100700,276,100643,176,100848,176,100533,176,101011,376,100476,176,101032,176,100080,276,101080,100,100059,140,101096,100,99999,100,101141,100,99859,100,101430,100,99574,100,101459,100,99351,100,101887,100,,
2019-06-28 10:01:07.519016355,100700,276,100643,176,100848,176,100533,176,101011,376,100476,176,101032,176,100080,276,101080,100,100059,40,101096,100,99999,100,101141,100,99859,100,101430,100,99574,100,101459,100,99351,100,101887,100,,
2019-06-28 10:01:07.559270546,100700,276,100643,176,100848,176,100533,176,101011,376,100476,176,101032,176,100080,276,101080,100,100059,40,101096,100,99999,100,101141,100,99936,100,101430,100,99859,100,101459,100,99574,100,101887,100,99351,100
2019-06-28 10:01:10.000000000,100700,502,100643,402,100848,100,100533,100,101011,300,100476,100,101032,100,100080,200,101080,100,100059,40,101096,100,99999,100,101141,100,99936,100,101430,100,99859,100,101459,100,99574,100,101887,100,99351,100
2019-06-28 10:01:13.659032643,100700,502,100643,402,100848,100,100476,100,101011,300,100080,200,101032,100,100059,40,101080,100,99999,100,101096,100,99936,100,101141,100,99859,100,101430,100,99770,100,101459,100,99574,100,101887,100,99351,100
2019-06-28 10:01:20.000000000,100700,351,100643,251,100848,251,100476,251,101011,300,100080,200,101032,100,100059,40,101080,100,99999,100,101096,100,99936,100,101141,100,99859,100,101430,100,99770,100,101459,100,99574,100,101887,100,99351,100
2019-06-28 10:01:28.658497438,100700,351,100643,151,100848,251,100476,251,101011,300,100080,200,101032,100,100059,40,101080,100,99999,100,101096,100,99936,100,101141,100,99859,100,101430,100,99770,100,101459,100,99574,100,101887,100,99351,100
2019-06-28 10:01:30.000000000,100700,351,100476,251,100848,251,100080,351,101011,300,100059,40,101032,100,99999,100,101080,100,99936,100,101096,100,99859,100,101141,100,99770,100,101430,100,99574,100,101459,100,99351,100,101887,100,,
2019-06-28 10:01:31.658308348,100700,351,100476,151,100848,251,100080,351,101011,300,100059,40,101032,100,99999,100,101096,100,99936,100,101141,100,99859,100,101430,100,99770,100,101459,100,99574,100,101887,100,99351,100,101947,100,,
2019-06-28 10:01:40.000000000,100700,351,100080,351,100848,251,100059,191,101011,300,99999,100,101032,100,99936,100,101096,100,99859,100,101141,100,99770,100,101430,100,99574,100,101459,100,99351,100,101887,100,,,101947,100,,
2019-06-28 10:01:50.000000000,100700,502,100080,502,100848,100,100059,40,101011,300,99999,100,101032,100,99936,100,101096,100,99859,100,101141,100,99770,100,101430,100,99574,100,101459,100,99351,100,101887,100,,,101947,100,,
2019-06-28 10:01:59.804322767,100700,502,100080,502,100848,100,100059,40,101011,300,99999,100,101032,100,99936,100,101096,100,99859,100,101141,100,99798,100,101459,100,99770,100,101887,100,99574,100,101947,100,99351,100,,,,
2019-06-28 10:02:00.000000000,100700,276,100080,276,100848,176,100059,116,101011,376,99999,176,101032,176,99936,176,101096,100,99859,100,101141,100,99798,100,101459,100,99770,100,101887,100,99574,100,101947,100,99351,100,,,,
2019-06-28 10:02:02.650882198,100700,276,100080,276,100848,176,100059,116,101011,376,99999,176,101032,176,99936,176,101096,100,99859,100,101141,100,99798,100,101459,100,99770,100,101887,100,99660,100,101947,100,99574,100,,,99351,100
2019-06-28 10:02:03.663714410,100700,276,100080,176,100848,176,100059,116,101011,376,99999,176,101032,176,99936,176,101096,100,99859,100,101141,100,99798,100,101459,100,99660,100,101887,100,99574,100,101947,100,99351,100,,,,
2019-06-28 10:02:07.219250150,100476,100,100080,176,100700,276,100059,116,100848,176,99999,76,101011,376,99936,176,101032,176,99859,100,101096,100,99798,100,101141,100,99660,100,101459,100,99574,100,101887,100,99351,100,101947,100,,
2019-06-28 10:02:10.000000000,100476,203,100080,203,100700,300,100059,140,100848,200,99936,200,101011,300,99859,100,101032,100,99798,100,101096,100,99660,100,101141,100,99574,100,101459,100,99351,100,101887,100,,,101947,100,,
2019-06-28 10:02:20.000000000,100476,176,100080,176,100700,276,100059,116,100848,176,99936,176,101011,376,99859,176,101032,100,99798,100,101096,100,99660,100,101141,100,99574,100,101459,100,99351,100,101887,100,,,101947,100,,
2019-06-28 10:02:25.328617426,100476,176,100080,176,100700,276,100059,116,100848,176,99936,176,101011,376,99859,176,101032,100,99798,100,101096,100,99660,100,101141,100,99633,100,101459,100,99574,100,101887,100,99351,100,101947,100,,
2019-06-28 10:02:30.000000000,100476,251,100080,251,100700,351,100059,191,100848,100,99936,100,101011,300,99859,100,101032,100,99798,100,101096,100,99660,100,101141,100,99633,100,101459,100,99574,100,101887,100,99351,100,101947,100,,
2019-06-28 10:02:40.000000000,100476,176,100080,176,100700,276,100059,116,100848,176,99936,176,101011,376,99859,176,101032,100,99798,100,101096,100,99660,100,101141,100,99633,100,101459,100,99574,100,101887,100,99351,100,101947,100,,
2019-06-28 10:02:43.964902500,100476,176,100080,76,100700,276,100059,116,100848,176,99936,176,101011,376,99859,176,101096,100,99798,100,101141,100,99660,100,101459,100,99633,100,101887,100,99574,100,101947,100,99351,100,,,,
2019-06-28 10:02:49.989364697,100080,24,100059,116,100476,176,99936,176,100700,276,99859,176,100848,176,99798,100,101011,376,99660,100,101096,100,99633,100,101141,100,99574,100,101459,100,99351,100,101887,100,,,101947,100,,
2019-06-28 10:02:50.000000000,100080,326,100059,342,100476,100,99936,100,100700,200,99859,100,100848,100,99798,100,101011,300,99660,100,101096,100,99633,100,101141,100,99574,100,101459,100,99351,100,101887,100,,,101947,100,,
2019-06-28 10:03:00.000000000,100080,326,100059,342,100476,100,99936,100,100700,200,99859,100,100848,100,99798,100,101011,300,99660,100,101096,100,99633,100,101141,100,99574,100,101459,100,99351,100,101887,100,,,101947,100,,
2019-06-28 10:03:10.000000000,100080,100,100059,116,100476,176,99936,176,100700,276,99859,176,100848,176,99798,176,101011,300,99660,100,101096,100,99633,100,101141,100,99574,100,101459,100,99351,100,101887,100,,,101947,100,,
2019-06-28 10:03:20.000000000,100080,127,100059,143,100476,200,99936,200,100700,300,99859,200,100848,100,99798,100,101011,300,99660,100,101096,100,99633,100,101141,100,99574,100,101459,100,99351,100,101887,100,,,101947,100,,
2019-06-28 10:03:30.000000000,100080,100,100059,116,100476,176,99936,176,100700,276,99859,176,100848,176,99798,176,101011,300,99660,100,101096,100,99633,100,101141,100,99574,100,101459,100,99351,100,101887,100,,,101947,100,,
2019-06-28 10:03:40.000000000,100080,175,100059,191,100476,251,99936,251,100700,200,99859,100,100848,100,99798,100,101011,300,99660,100,101096,100,99633,100,101141,100,99574,100,101459,100,99351,100,101887,100,,,101947,100,,
2019-06-28 10:03:45.949469332,100080,75,100059,191,100476,251,99936,251,100700,200,99859,100,100848,100,99798,100,101011,300,99660,100,101096,100,99633,100,101141,100,99574,100,101459,100,99351,100,101887,100,,,101947,100,,
2019-06-28 10:03:50.000000000,100476,176,100059,116,100700,276,99936,176,100848,176,99859,176,101011,376,99798,176,101096,100,99660,100,101141,100,99633,100,101459,100,99574,100,101887,100,99351,100,101947,100,,,,,,
2019-06-28 10:04:00.000000000,100476,402,100059,342,100700,200,99936,100,100848,100,99859,100,101011,300,99798,100,101096,100,99660,100,101141,100,99633,100,101459,100,99574,100,101887,100,99351,100,101947,100,,,,,,
2019-06-28 10:04:02.345236292,100476,402,100059,342,100700,200,99941,100,100848,100,99936,100,101011,300,99859,100,101096,100,99798,100,101141,100,99660,100,101459,100,99633,100,101887,100,99574,100,101947,100,99351,100,,,,
2019-06-28 10:04:07.258261215,100476,402,100059,342,100700,200,100051,100,100848,100,99941,100,101011,300,99936,100,101096,100,99859,100,101141,100,99798,100,101459,100,99660,100,101887,100,99633,100,101947,100,99574,100,,,99351,100
2019-06-28 10:04:10.000000000,100476,251,100059,191,100700,351,100051,251,100848,100,99941,100,101011,300,99936,100,101096,100,99859,100,101141,100,99798,100,101459,100,99660,100,101887,100,99633,100,101947,100,99574,100,,,99351,100
2019-06-28 10:04:16.874211376,100476,151,100059,191,100700,351,100051,251,100848,100,99941,100,101011,300,99936,100,101096,100,99859,100,101141,100,99798,100,101459,100,99660,100,101887,100,99633,100,101947,100,99574,100,,,99351,100
2019-06-28 10:04:17.554831549,100476,151,100080,100,100700,351,100059,191,100848,100,100051,251,101011,300,99941,100,101096,100,99936,100,101141,100,99859,100,101459,100,99798,100,101887,100,99660,100,101947,100,99633,100,,,99574,100
2019-06-28 10:04:20.000000000,100700,502,100080,402,100848,100,100059,40,101011,300,100051,100,101096,100,99941,100,101141,100,99936,100,101459,100,99859,100,101887,100,99798,100,101947,100,99660,100,,,99633,100,,,99574,100
2019-06-28 10:04:30.000000000,100700,276,100080,176,100848,176,100059,116,101011,376,100051,176,101096,176,99941,176,101141,100,99936,100,101459,100,99859,100,101887,100,99798,100,101947,100,99660,100,,,99633,100,,,99574,100
2019-06-28 10:04:38.278930441,100700,276,100080,76,100848,176,100059,116,101011,376,100051,176,101096,176,99941,176,101141,100,99936,100,101459,100,99859,100,101887,100,99798,100,101947,100,99660,100,,,99633,100,,,99574,100
2019-06-28 10:04:40.000000000,100700,351,100059,191,100848,251,100051,251,101011,300,99941,100,101096,100,99936,100,101141,100,99859,100,101459,100,99798,100,101887,100,99660,100,101947,100,99633,100,,,99574,100,,,99351,100
2019-06-28 10:04:50.000000000,100700,303,100059,143,100848,200,100051,200,101011,400,99941,200,101096,100,99936,100,101141,100,99859,100,101459,100,99798,100,101887,100,99660,100,101947,100,99633,100,,,99574,100,,,99351,100
2019-06-28 10:05:00.000000000,100700,303,100059,143,100848,200,100051,200,101011,400,99941,200,101096,100,99936,100,101141,100,99859,100,101459,100,99798,100,101887,100,99660,100,101947,100,99633,100,,,99574,100,,,99351,100
2019-06-28 10:05:02.866489867,100442,100,100059,143,100700,303,100051,200,100848,200,99941,200,101011,400,99936,100,101096,100,99859,100,101141,100,99798,100,101459,100,99660,100,101887,100,99633,100,101947,100,99574,100,,,99351,100
2019-06-28 10:05:04.175995793,100442,100,100158,100,100700,303,100059,143,100848,200,100051,200,101011,400,99941,200,101096,100,99936,100,101141,100,99859,100,101459,100,99798,100,101887,100,99660,100,101947,100,99633,100,,,99574,100
2019-06-28 10:05:10.000000000,100442,203,100158,203,100700,300,100059,140,100848,200,100051,200,101011,300,99941,100,101096,100,99936,100,101141,100,99859,100,101459,100,99798,100,101887,100,99660,100,101947,100,99633,100,,,99574,100
2019-06-28 10:05:20.000000000,100442,203,100158,203,100700,300,100059,140,100848,200,100051,200,101011,300,99941,100,101096,100,99936,100,101141,100,99859,100,101459,100,99798,100,101887,100,99660,100,101947,100,99633,100,,,99574,100
2019-06-28 10:05:30.000000000,100442,176,100158,176,100700,276,100059,116,100848,176,100051,176,101011,376,99941,176,101096,100,99936,100,101141,100,99859,100,101459,100,99798,100,101887,100,99660,100,101947,100,99633,100,,,99574,100
2019-06-28 10:05:33.551185710,100442,176,100158,176,100700,276,100059,116,100848,176,100051,176,100919,100,99941,76,101011,376,99936,100,101096,100,99859,100,101141,100,99798,100,101459,100,99660,100,101887,100,99633,100,101947,100,99574,100
2019-06-28 10:05:40.000000000,100442,160,100158,160,100700,260,100059,100,100848,160,100051,160,100919,160,99936,160,101011,360,99859,160,101096,100,99798,100,101141,100,99660,100,101459,100,99633,100,101887,100,99574,100,101947,100,99351,100
2019-06-28 10:05:49.924873328,100442,160,100158,160,100700,260,100081,100,100848,160,100059,100,100919,160,100051,160,101011,260,99936,160,101096,100,99859,160,101141,100,99798,100,101459,100,99660,100,101887,100,99633,100,101947,100,99574,100
2019-06-28 10:05:50.000000000,100442,160,100158,160,100700,260,100081,160,100848,160,100059,100,100919,160,100051,160,101011,260,99936,160,101096,100,99859,100,101141,100,99798,100,101459,100,99660,100,101887,100,99633,100,101947,100,99574,100
2019-06-28 10:05:53.618318873,100442,60,100158,160,100700,260,100081,160,100848,160,100059,100,100919,160,100051,160,101011,260,99936,160,101096,100,99859,100,101141,100,99798,100,101459,100,99660,100,101887,100,99633,100,101947,100,99574,100
2019-06-28 10:05:56.022470730,100442,60,100158,160,100700,260,100081,160,100848,160,100059,100,100919,160,100051,160,101011,260,99936,160,101096,100,99859,100,101141,100,99798,100,101179,100,99660,100,101459,100,99633,100,101887,100,99574,100
2019-06-28 10:06:00.000000000,100700,351,100158,251,100848,251,100081,251,100919,100,100059,40,101011,200,100051,100,101096,100,99936,100,101141,100,99859,100,101179,100,99798,100,101459,100,99660,100,101887,100,99633,100,101947,100,99574,100
2019-06-28 10:06:02.657418533,100700,351,100159,100,100848,251,100158,251,100919,100,100081,251,101011,200,100059,40,101096,100,100051,100,101141,100,99936,100,101179,100,99859,100,101459,100,99798,100,101887,100,99660,100,101947,100,99633,100
2019-06-28 10:06:07.695605808,100700,351,100159,100,100848,251,100158,251,100919,100,100081,251,101011,200,100059,40,101087,100,100051,100,101096,100,99936,100,101141,100,99859,100,101179,100,99798,100,101459,100,99660,100,101887,100,99633,100
2019-06-28 10:06:10.000000000,100700,276,100159,176,100848,176,100158,176,100919,176,100081,176,101011,276,100059,116,101087,100,100051,100,101096,100,99936,100,101141,100,99859,100,101179,100,99798,100,101459,100,99660,100,101887,100,99633,100
