,ask_price_1,ask_size_1,bid_price_1,bid_size_1,ask_price_2,ask_size_2,bid_price_2,bid_size_2,ask_price_3,ask_size_3,bid_price_3,bid_size_3,ask_price_4,ask_size_4,bid_price_4,bid_size_4,ask_price_5,ask_size_5,bid_price_5,bid_size_5,ask_price_6,ask_size_6,bid_price_6,bid_size_6,ask_price_7,ask_size_7,bid_price_7,bid_size_7,ask_price_8,ask_size_8,bid_price_8,bid_size_8,ask_price_9,ask_size_9,bid_price_9,bid_size_9,ask_price_10,ask_size_10,bid_price_10,bid_size_10
2019-06-28 09:30:00.000000000,100049,100,,,100051,100,,,,,,,,,,,,,,,,,,,,,,,,,,,,,,,,,,
2019-06-28 09:30:00.000000004,100049,100,99939,100,100051,100,,,,,,,,,,,,,,,,,,,,,,,,,,,,,,,,,,
2019-06-28 09:30:00.000000005,99985,100,99939,100,100049,100,,,100051,100,,,100090,100,,,,,,,,,,,,,,,,,,,,,,,,,,
2019-06-28 09:30:00.000000007,99985,100,99939,100,100031,100,99867,100,100049,100,,,100051,100,,,100090,100,,,,,,,,,,,,,,,,,,,,,,
2019-06-28 09:30:00.000000008,99972,100,99939,100,99985,100,99867,100,100031,100,,,100049,100,,,100051,100,,,100090,100,,,,,,,,,,,,,,,,,,
2019-06-28 09:30:00.000000009,99972,100,99939,100,99985,100,99867,100,100031,100,99857,100,100049,100,,,100051,100,,,100090,100,,,,,,,,,,,,,,,,,,
2019-06-28 09:30:00.000000010,99972,100,99939,100,99985,100,99867,100,100031,100,99857,100,100049,100,,,100051,100,,,100069,100,,,100090,100,,,,,,,,,,,,,,
2019-06-28 09:30:00.000000013,99985,100,99939,100,100031,100,99867,100,100049,100,99857,100,100051,100,,,100069,100,,,100081,100,,,100090,100,,,,,,,,,,,,,,
2019-06-28 09:30:00.000000016,99985,100,99939,100,100031,100,99867,100,100049,100,99857,100,100051,100,,,100069,100,,,100081,100,,,100090,100,,,100178,100,,,,,,,,,,
2019-06-28 09:30:00.000000017,99985,100,99939,100,100031,100,99867,100,100049,100,99857,100,100051,100,,,100069,100,,,100081,100,,,100090,100,,,100178,100,,,100193,100,,,,,,
2019-06-28 09:30:00.000000018,99985,100,99953,100,100031,100,99939,100,100049,100,99867,100,100051,100,99857,100,100069,100,,,100081,100,,,100090,100,,,100178,100,,,100193,100,,,,,,
2019-06-28 09:30:00.000000020,100031,100,99953,100,100049,100,99939,100,100051,100,99867,100,100069,100,99857,100,100081,100,,,100090,100,,,100178,100,,,100193,100,,,,,,,,,,
2019-06-28 09:30:00.000000023,99985,100,99953,200,100031,100,99939,100,100049,100,99867,100,100051,100,99857,100,100069,100,99854,100,100081,100,,,100090,100,,,100178,100,,,100193,100,,,,,,
2019-06-28 09:30:00.000000024,99985,100,99953,200,100031,100,99939,100,100049,100,99867,100,100051,100,99860,100,100069,100,99857,100,100081,100,99854,100,100090,100,,,100178,100,,,100193,100,,,,,,
2019-06-28 09:30:00.000000025,100031,100,99953,100,100049,100,99939,100,100051,100,99867,100,100062,100,99860,100,100069,100,99857,100,100081,100,99854,100,100090,100,,,100178,100,,,100193,100,,,,,,
2019-06-28 09:30:00.000000026,100031,100,99953,100,100049,100,99939,100,100051,100,99867,100,100062,100,99860,200,100069,100,99857,100,100081,100,99854,100,100090,100,,,100178,100,,,100193,100,,,100254,100,,
2019-06-28 09:30:00.000000028,100031,100,99953,100,100049,100,99939,100,100051,100,99867,100,100060,100,99860,200,100062,100,99857,100,100069,100,99854,100,100081,100,,,100090,100,,,100178,100,,,100193,100,,
2019-06-28 09:30:00.000000031,100031,100,99953,100,100049,100,99939,100,100051,100,99867,100,100060,100,99860,200,100061,100,99857,100,100062,100,99854,100,100069,100,,,100081,100,,,100090,100,,,100178,100,,
2019-06-28 09:30:00.000000036,99964,100,99954,100,99985,100,99953,100,100031,100,99939,100,100049,100,99867,100,100051,100,99860,200,100060,100,99857,100,100061,100,99854,100,100062,100,,,100069,100,,,100081,100,,
2019-06-28 09:30:00.000000037,99964,100,99954,200,99985,100,99953,100,100031,100,99939,100,100049,100,99867,100,100051,100,99860,200,100060,100,99857,100,100061,100,99854,100,100062,100,,,100069,100,,,100081,100,,
2019-06-28 09:30:00.000000040,99964,100,99954,200,99985,200,99953,100,100031,100,99939,100,100049,100,99867,100,100051,100,99860,200,100060,100,99857,100,100061,100,99854,100,100062,100,,,100069,100,,,100081,100,,
2019-06-28 09:30:00.000000041,99964,100,99954,300,99985,200,99953,100,100031,100,99939,100,100049,100,99895,100,100051,100,99867,100,100060,100,99860,200,100061,100,99857,100,100062,100,99854,100,100069,100,,,100081,100,,
2019-06-28 09:30:00.000000042,99964,100,99954,500,99985,200,99953,100,100031,100,99939,100,100049,100,99895,100,100051,100,99867,100,100060,100,99860,200,100061,100,99857,100,100062,100,99854,100,100069,100,,,100081,100,,
2019-06-28 09:30:00.000000045,99964,100,99954,500,99985,200,99953,100,100031,100,99939,100,100049,100,99930,100,100051,100,99895,100,100060,100,99867,100,100061,100,99860,200,100062,100,99857,100,100069,100,99854,100,100081,100,,
2019-06-28 09:30:00.000000047,99964,100,99954,500,99985,200,99953,100,100031,100,99951,100,100049,100,99939,100,100051,100,99930,100,100060,100,99895,100,100061,100,99867,100,100062,100,99860,200,100069,100,99857,100,100081,100,99854,100
2019-06-28 09:30:00.000000048,99964,100,99954,500,99985,200,99953,100,100031,100,99951,100,100049,100,99939,100,100051,100,99930,100,100060,100,99895,100,100061,100,99867,100,100062,100,99860,200,100069,100,99857,100,100081,100,99854,100
2019-06-28 09:30:00.000000049,99964,100,99954,500,99985,200,99953,100,100031,100,99951,100,100049,100,99939,100,100051,100,99930,100,100060,100,99895,100,100061,100,99867,100,100062,100,99860,200,100069,100,99857,100,100081,100,99854,100
2019-06-28 09:30:00.000000051,99964,100,99954,400,99985,200,99953,100,100031,100,99951,100,100049,100,99939,100,100051,100,99931,100,100060,100,99930,100,100061,100,99895,100,100062,100,99867,100,100069,100,99860,200,100081,100,99857,100
2019-06-28 09:30:00.000000056,99964,100,99955,100,99985,200,99954,400,100031,100,99953,100,100049,100,99951,100,100051,100,99939,100,100060,100,99931,100,100061,100,99930,100,100062,100,99895,100,100069,100,99867,100,100081,100,99860,200
2019-06-28 09:30:00.000000057,99985,200,99955,100,100031,100,99954,400,100049,100,99953,100,100051,100,99951,100,100060,100,99939,100,100061,100,99931,100,100062,100,99930,100,100069,100,99895,100,100081,100,99867,100,100090,100,99860,200
2019-06-28 09:30:00.000000058,99985,200,99955,100,100031,100,99954,400,100049,100,99953,100,100051,100,99951,100,100060,100,99939,100,100061,100,99931,100,100062,100,99930,100,100069,100,99895,100,100081,100,99867,100,100090,100,99860,200
2019-06-28 09:30:00.000000062,99985,200,99955,100,100031,100,99954,400,100049,100,99953,100,100051,100,99951,100,100060,100,99939,100,100061,100,99931,100,100062,100,99930,100,100069,100,99895,100,100081,100,99867,100,100090,100,99860,200
2019-06-28 09:30:00.000000064,99985,200,99955,100,100031,100,99954,400,100049,100,99953,100,100051,100,99951,100,100060,100,99939,100,100061,100,99931,100,100062,100,99930,100,100069,100,99895,100,100081,100,99867,100,100090,100,99860,200
2019-06-28 09:30:00.000000065,99985,200,99955,100,100031,100,99954,400,100049,100,99953,100,100051,100,99951,100,100055,100,99939,100,100060,100,99931,100,100061,100,99930,100,100062,100,99895,100,100069,100,99867,100,100081,100,99860,200
2019-06-28 09:30:00.000000068,99985,200,99955,100,100031,100,99954,400,100049,100,99953,100,100051,100,99951,100,100055,100,99939,100,100060,100,99931,100,100061,100,99930,100,100062,100,99895,100,100069,100,99867,100,100081,100,99860,200
2019-06-28 09:30:00.000000071,99985,200,99955,100,100031,100,99954,400,100049,100,99953,100,100051,100,99951,100,100055,100,99939,100,100060,100,99931,100,100061,100,99930,100,100062,100,99921,100,100069,100,99895,100,100081,100,99867,100
2019-06-28 09:30:00.000000072,99985,200,99955,100,100031,100,99954,400,100038,100,99953,100,100049,100,99951,100,100051,100,99939,100,100055,100,99931,100,100060,100,99930,100,100061,100,99921,100,100062,100,99895,100,100069,100,99867,100
2019-06-28 09:30:00.000000075,99985,200,99956,100,100031,100,99955,100,100038,100,99954,400,100049,100,99953,100,100051,100,99951,100,100055,100,99939,100,100060,100,99931,100,100061,100,99930,100,100062,100,99921,100,100069,100,99895,100
2019-06-28 09:30:00.000000078,99985,200,99956,100,100031,100,99955,100,100038,100,99954,400,100049,100,99953,100,100051,100,99951,100,100055,100,99939,100,100060,100,99931,100,100061,100,99930,100,100062,100,99928,100,100069,100,99921,100
2019-06-28 09:30:00.000000080,99985,100,99956,100,100031,100,99955,100,100038,100,99954,400,100049,100,99953,100,100051,100,99951,100,100055,100,99939,100,100060,100,99931,100,100061,100,99930,100,100062,100,99928,100,100069,100,99921,100
2019-06-28 09:30:00.000000083,99985,100,99964,100,100031,100,99956,100,100038,100,99955,100,100049,100,99954,400,100051,100,99953,100,100055,100,99951,100,100060,100,99939,100,100061,100,99931,100,100062,100,99930,100,100068,100,99928,100
2019-06-28 09:30:00.000000085,99985,100,99956,100,100031,100,99955,100,100038,100,99954,400,100049,100,99953,100,100051,100,99951,100,100055,100,99939,100,100060,100,99931,100,100061,100,99930,100,100062,100,99928,100,100068,100,99921,100
2019-06-28 09:30:00.000000086,99985,100,99956,100,100031,100,99955,100,100038,100,99954,400,100049,100,99953,100,100051,100,99951,100,100055,100,99939,100,100060,100,99931,100,100061,100,99930,100,100062,100,99928,100,100068,100,99921,100
2019-06-28 09:30:00.000000088,99985,100,99956,100,100019,100,99955,100,100031,100,99954,400,100038,100,99953,100,100049,100,99951,100,100051,100,99939,100,100055,100,99931,100,100060,100,99930,100,100061,100,99928,100,100062,100,99921,100
2019-06-28 09:30:00.000000090,99985,100,99956,100,100019,100,99955,100,100031,100,99954,400,100038,100,99953,100,100049,100,99951,100,100051,100,99939,100,100055,100,99931,100,100060,100,99930,100,100061,100,99928,100,100062,100,99921,100
2019-06-28 09:30:00.000000091,99985,100,99973,100,100019,100,99956,100,100031,100,99955,100,100038,100,99954,400,100049,100,99953,100,100051,100,99951,100,100055,100,99939,100,100060,100,99931,100,100061,100,99930,100,100062,100,99928,100
2019-06-28 09:30:00.000000095,99985,100,99973,100,100019,100,99956,100,100031,100,99955,100,100038,100,99954,400,100049,100,99953,100,100051,100,99951,100,100055,100,99939,100,100060,200,99931,100,100061,100,99930,100,100062,100,99928,100
2019-06-28 09:30:10.000000000,99985,324,99973,324,100019,324,99956,324,100031,100,99955,100,100038,100,99954,400,100049,100,99953,100,100051,100,99951,100,100055,100,99939,100,100060,200,99931,100,100061,100,99930,100,100062,100,99928,100
2019-06-28 09:30:14.063042300,99985,324,99973,324,100019,324,99964,100,100031,100,99956,324,100038,100,99955,100,100049,100,99954,400,100051,100,99953,100,100055,100,99951,100,100060,200,99939,100,100061,100,99931,100,100062,100,99930,100
2019-06-28 09:30:20.000000000,99985,324,99973,324,100019,324,99964,324,100031,100,99956,100,100038,100,99955,100,100049,100,99954,400,100051,100,99953,100,100055,100,99951,100,100060,200,99939,100,100061,100,99931,100,100062,100,99930,100
2019-06-28 09:30:23.911141562,99985,324,99973,324,100019,324,99964,324,100031,100,99956,100,100038,100,99955,100,100049,100,99954,400,100051,100,99953,100,100055,100,99951,100,100060,200,99939,100,100061,100,99931,100,100062,100,99930,100
2019-06-28 09:30:27.580821702,99985,224,99973,324,100019,324,99964,324,100031,100,99956,100,100038,100,99955,100,100049,100,99954,400,100051,100,99953,100,100055,100,99951,100,100060,200,99939,100,100061,100,99931,100,100068,100,99930,100
2019-06-28 09:30:30.000000000,100019,324,99973,324,100031,324,99964,324,100038,100,99956,100,100049,100,99955,100,100051,100,99954,400,100055,100,99953,100,100060,200,99951,100,100061,100,99939,100,100068,100,99931,100,100069,100,99930,100
2019-06-28 09:30:33.044228542,100019,324,99973,324,100031,324,99964,324,100038,100,99956,100,100049,100,99955,100,100051,100,99954,400,100055,100,99953,100,100060,200,99951,100,100061,100,99939,100,100068,100,99931,100,100069,100,99930,100
2019-06-28 09:30:40.000000000,100019,252,99973,252,100031,248,99964,248,100038,248,99956,248,100049,100,99955,100,100051,100,99954,400,100055,100,99953,100,100060,200,99951,100,100061,100,99939,100,100068,100,99931,100,100069,100,99930,100
2019-06-28 09:30:44.678979182,100019,252,99973,252,100031,248,99964,248,100038,248,99956,248,100049,100,99955,100,100051,100,99954,400,100055,100,99953,100,100060,100,99951,100,100061,100,99939,100,100068,100,99931,100,100069,100,99930,100
2019-06-28 09:30:50.000000000,100019,547,99973,547,100031,100,99964,100,100038,100,99956,100,100049,100,99955,100,100051,100,99954,400,100055,100,99953,100,100060,100,99951,100,100061,100,99939,100,100068,100,99931,100,100069,100,99930,100
2019-06-28 09:31:00.000000000,100019,212,99973,212,100031,212,99964,212,100038,212,99956,212,100049,212,99955,212,100051,100,99954,400,100055,100,99953,100,100060,100,99951,100,100061,100,99939,100,100068,100,99931,100,100069,100,99930,100
2019-06-28 09:31:10.000000000,100019,324,99973,324,100031,324,99964,324,100038,100,99956,100,100049,100,99955,100,100051,100,99954,400,100055,100,99953,100,100060,100,99951,100,100061,100,99939,100,100068,100,99931,100,100069,100,99930,100
2019-06-28 09:31:10.325412369,100019,224,99973,324,100031,324,99964,324,100038,100,99956,100,100049,100,99955,100,100051,100,99954,400,100055,100,99953,100,100060,100,99951,100,100061,100,99939,100,100068,100,99931,100,100069,100,99930,100
2019-06-28 09:31:20.000000000,100031,189,99973,189,100038,189,99964,189,100049,189,99956,189,100051,189,99955,189,100055,189,99954,489,100060,100,99953,100,100061,100,99951,100,100068,100,99939,100,100069,100,99931,100,100076,100,99930,100
2019-06-28 09:31:27.819793630,100031,189,99973,189,100038,189,99964,189,100049,189,99956,189,100051,189,99955,189,100055,189,99954,489,100060,100,99953,100,100061,100,99951,100,100068,100,99939,100,100069,100,99931,100,100076,100,99930,100
2019-06-28 09:31:30.000000000,100031,189,99973,189,100038,189,99964,189,100049,189,99956,189,100051,189,99955,189,100055,189,99954,489,100060,100,99953,100,100061,100,99951,100,100068,100,99939,100,100069,100,99931,100,100076,100,99930,100
2019-06-28 09:31:31.480211392,100031,189,99973,189,100038,189,99964,189,100049,189,99956,189,100051,189,99955,189,100055,189,99954,489,100060,100,99953,100,100061,100,99951,100,100068,100,99939,100,100069,100,99931,100,100076,100,99930,100
2019-06-28 09:31:40.000000000,100031,189,99973,189,100038,189,99964,189,100049,189,99956,189,100051,189,99955,189,100055,189,99954,489,100060,100,99953,100,100061,100,99951,100,100068,100,99939,100,100069,100,99931,100,100076,100,99930,100
2019-06-28 09:31:46.606236586,100031,89,99973,189,100038,189,99964,189,100049,189,99956,189,100051,189,99955,189,100055,189,99954,489,100060,100,99953,100,100061,100,99951,100,100068,100,99939,100,100069,100,99931,100,100076,100,99930,100
2019-06-28 09:31:48.310968849,100031,89,100019,100,100038,189,99973,189,100049,189,99964,189,100051,189,99956,189,100055,189,99955,189,100060,100,99954,389,100061,100,99953,100,100068,100,99951,100,100069,100,99939,100,100076,100,99931,100
2019-06-28 09:31:50.000000000,100038,547,100019,547,100049,100,99973,100,100051,100,99964,100,100055,100,99956,100,100060,100,99955,100,100061,100,99954,300,100068,100,99953,100,100069,100,99951,100,100076,100,99939,100,100081,100,99931,100
2019-06-28 09:32:00.000000000,100038,547,100019,547,100049,100,99973,100,100051,100,99964,100,100055,100,99956,100,100060,100,99955,100,100061,100,99954,300,100068,100,99953,100,100069,100,99951,100,100076,100,99939,100,100081,100,99931,100
2019-06-28 09:32:00.547194334,100038,547,100019,547,100049,100,99973,100,100051,100,99964,100,100055,100,99956,100,100060,100,99955,100,100061,100,99954,300,100068,100,99953,100,100069,100,99951,100,100076,100,99939,100,100081,100,99931,100
2019-06-28 09:32:10.000000000,100038,547,100019,547,100049,100,99973,100,100051,100,99964,100,100055,100,99956,100,100060,100,99955,100,100061,100,99954,300,100068,100,99953,100,100069,100,99951,100,100076,100,99939,100,100081,100,99931,100
2019-06-28 09:32:20.000000000,100038,324,100019,324,100049,324,99973,324,100051,100,99964,100,100055,100,99956,100,100060,100,99955,100,100061,100,99954,300,100068,100,99953,100,100069,100,99951,100,100076,100,99939,100,100081,100,99931,100
2019-06-28 09:32:30.000000000,100038,324,100019,324,100049,324,99973,324,100051,100,99964,100,100055,100,99956,100,100060,100,99955,100,100061,100,99954,300,100068,100,99953,100,100069,100,99951,100,100076,100,99939,100,100081,100,99931,100
2019-06-28 09:32:35.725763509,100038,324,100019,424,100049,324,99973,324,100051,100,99964,100,100055,100,99956,100,100060,100,99955,100,100061,100,99954,300,100068,100,99953,100,100069,100,99951,100,100076,100,99939,100,100081,100,99931,100
2019-06-28 09:32:40.000000000,100038,324,100019,424,100049,324,99973,324,100051,100,99964,100,100055,100,99956,100,100060,100,99955,100,100061,100,99954,300,100068,100,99953,100,100069,100,99951,100,100076,100,99939,100,100081,100,99931,100
2019-06-28 09:32:50.000000000,100038,252,100019,352,100049,248,99973,248,100051,248,99964,248,100055,100,99956,100,100060,100,99955,100,100061,100,99954,300,100068,100,99953,100,100069,100,99951,100,100076,100,99939,100,100081,100,99931,100
2019-06-28 09:32:55.739097112,100038,252,100019,352,100049,248,99973,248,100051,248,99964,248,100055,100,99956,100,100060,100,99955,100,100061,100,99954,300,100068,100,99953,100,100069,100,99951,100,100076,100,99939,100,100081,100,99931,100
2019-06-28 09:33:00.000000000,100038,252,100019,352,100049,248,99973,248,100051,248,99964,248,100055,100,99956,100,100060,100,99955,100,100061,100,99954,300,100068,100,99953,100,100069,100,99951,100,100076,100,99939,100,100081,100,99931,100
2019-06-28 09:33:10.000000000,100038,547,100019,647,100049,100,99973,100,100051,100,99964,100,100055,100,99956,100,100060,100,99955,100,100061,100,99954,300,100068,100,99953,100,100069,100,99951,100,100076,100,99939,100,100081,100,99931,100
2019-06-28 09:33:11.510897971,100038,447,100019,647,100049,100,99973,100,100051,100,99964,100,100055,100,99956,100,100060,100,99955,100,100061,100,99954,300,100068,100,99953,100,100069,100,99951,100,100076,100,99939,100,100081,100,99931,100
2019-06-28 09:33:20.000000000,100049,189,100019,289,100051,189,99973,189,100055,189,99964,189,100060,189,99956,189,100061,189,99955,189,100068,100,99954,300,100069,100,99953,100,100076,100,99951,100,100081,100,99939,100,100082,100,99931,100
2019-06-28 09:33:22.002109453,100049,189,100019,289,100051,189,99973,189,100055,189,99964,189,100060,189,99956,189,100061,189,99955,189,100068,100,99954,300,100069,100,99953,100,100076,100,99951,100,100081,100,99939,100,100082,100,99931,100
2019-06-28 09:33:30.000000000,100049,252,100019,352,100051,248,99973,248,100055,248,99964,248,100060,100,99956,100,100061,100,99955,100,100068,100,99954,300,100069,100,99953,100,100076,100,99951,100,100081,100,99939,100,100082,100,99931,100
2019-06-28 09:33:40.000000000,100049,252,100019,352,100051,248,99973,248,100055,248,99964,248,100060,100,99956,100,100061,100,99955,100,100068,100,99954,300,100069,100,99953,100,100076,100,99951,100,100081,100,99939,100,100082,100,99931,100
2019-06-28 09:33:48.622864516,100049,252,100019,352,100051,248,99973,248,100055,248,99964,248,100060,100,99956,100,100061,100,99955,100,100068,100,99954,300,100069,100,99953,100,100076,100,99951,100,100081,100,99939,100,100082,100,99931,100
2019-06-28 09:33:50.000000000,100049,212,100019,312,100051,212,99973,212,100055,212,99964,212,100060,212,99956,212,100061,100,99955,100,100068,100,99954,300,100069,100,99953,100,100076,100,99951,100,100081,100,99939,100,100082,100,99931,100
2019-06-28 09:34:00.000000000,100049,324,100019,424,100051,324,99973,324,100055,100,99964,100,100060,100,99956,100,100061,100,99955,100,100068,100,99954,300,100069,100,99953,100,100076,100,99951,100,100081,100,99939,100,100082,100,99931,100
2019-06-28 09:34:07.387635682,100049,224,100019,424,100051,324,99973,324,100055,100,99964,100,100060,100,99956,100,100061,100,99955,100,100068,100,99954,300,100069,100,99953,100,100076,100,99951,100,100081,100,99939,100,100082,100,99931,100
2019-06-28 09:34:10.000000000,100051,324,100019,424,100055,324,99973,324,100060,100,99964,100,100061,100,99956,100,100068,100,99955,100,100069,100,99954,300,100076,100,99953,100,100081,100,99951,100,100082,100,99939,100,100102,100,99931,100
2019-06-28 09:34:20.000000000,100051,189,100019,289,100055,189,99973,189,100060,189,99964,189,100061,189,99956,189,100068,189,99955,189,100069,100,99954,300,100076,100,99953,100,100081,100,99951,100,100082,100,99939,100,100102,100,99931,100
2019-06-28 09:34:20.533387925,100051,189,100019,289,100055,189,99996,100,100060,189,99973,189,100061,189,99964,189,100068,189,99956,189,100069,100,99955,189,100076,100,99954,300,100081,100,99953,100,100082,100,99951,100,100102,100,99939,100
2019-06-28 09:34:30.000000000,100051,212,100019,312,100055,212,99996,212,100060,212,99973,212,100061,212,99964,212,100068,100,99956,100,100069,100,99955,100,100076,100,99954,300,100081,100,99953,100,100082,100,99951,100,100102,100,99939,100
2019-06-28 09:34:40.000000000,100051,547,100019,647,100055,100,99996,100,100060,100,99973,100,100061,100,99964,100,100068,100,99956,100,100069,100,99955,100,100076,100,99954,300,100081,100,99953,100,100082,100,99951,100,100102,100,99939,100
2019-06-28 09:34:43.461277546,100037,100,100019,647,100051,547,99996,100,100055,100,99973,100,100060,100,99956,100,100061,100,99955,100,100068,100,99954,300,100069,100,99953,100,100076,100,99951,100,100081,100,99939,100,100082,100,99931,100
2019-06-28 09:34:49.186292574,100037,200,100019,647,100051,547,99996,100,100055,100,99973,100,100060,100,99955,100,100061,100,99954,300,100068,100,99953,100,100069,100,99951,100,100076,100,99939,100,100081,100,99931,100,100082,100,99930,100
2019-06-28 09:34:50.000000000,100037,352,100019,352,100051,248,99996,248,100055,248,99973,248,100060,100,99955,100,100061,100,99954,300,100068,100,99953,100,100069,100,99951,100,100076,100,99939,100,100081,100,99931,100,100082,100,99930,100
2019-06-28 09:35:00.000000000,100037,352,100019,352,100051,248,99996,248,100055,248,99973,248,100060,100,99955,100,100061,100,99954,300,100068,100,99953,100,100069,100,99951,100,100076,100,99939,100,100081,100,99931,100,100082,100,99930,100
2019-06-28 09:35:02.077936771,100037,452,100019,352,100051,248,99996,248,100055,248,99973,248,100060,100,99955,100,100061,100,99954,300,100068,100,99953,100,100069,100,99951,100,100076,100,99939,100,100081,100,99931,100,100082,100,99930,100
2019-06-28 09:35:05.568802119,100037,552,100019,352,100051,248,99996,248,100055,248,99973,248,100060,100,99955,100,100061,100,99954,300,100068,100,99953,100,100069,100,99951,100,100076,100,99939,100,100081,100,99931,100,100082,100,99930,100
2019-06-28 09:35:07.533691431,100037,552,100019,252,100051,248,99996,248,100055,248,99973,248,100060,100,99955,100,100061,100,99954,300,100068,100,99953,100,100069,100,99951,100,100076,100,99939,100,100081,100,99931,100,100082,100,99930,100
2019-06-28 09:35:10.000000000,100037,552,100019,252,100051,248,99996,248,100055,248,99973,248,100060,100,99955,100,100061,100,99954,300,100068,100,99953,100,100069,100,99951,100,100076,100,99939,100,100081,100,99931,100,100082,100,99930,100
2019-06-28 09:35:13.465548359,100037,552,100019,252,100051,248,99996,248,100055,248,99973,248,100060,100,99955,100,100061,100,99954,300,100068,100,99953,100,100069,100,99951,100,100076,100,99939,100,100081,100,99931,100,100082,100,99930,100
2019-06-28 09:35:20.000000000,100037,512,100019,212,100051,212,99996,212,100055,212,99973,212,100060,212,99955,212,100061,100,99954,300,100068,100,99953,100,100069,100,99951,100,100076,100,99939,100,100081,100,99931,100,100082,100,99930,100
2019-06-28 09:35:30.000000000,100037,552,100019,252,100051,248,99996,248,100055,248,99973,248,100060,100,99955,100,100061,100,99954,300,100068,100,99953,100,100069,100,99951,100,100076,100,99939,100,100081,100,99931,100,100082,100,99930,100
2019-06-28 09:35:40.000000000,100037,489,100019,189,100051,189,99996,189,100055,189,99973,189,100060,189,99955,189,100061,189,99954,389,100068,100,99953,100,100069,100,99951,100,100076,100,99939,100,100081,100,99931,100,100082,100,99930,100
2019-06-28 09:35:41.603090715,100036,100,100019,189,100037,489,99996,189,100051,189,99973,189,100055,189,99955,189,100060,189,99954,389,100061,189,99953,100,100068,100,99951,100,100069,100,99939,100,100076,100,99931,100,100081,100,99930,100
2019-06-28 09:35:50.000000000,100036,252,100019,252,100037,548,99996,248,100051,248,99973,248,100055,100,99955,100,100060,100,99954,300,100061,100,99953,100,100068,100,99951,100,100069,100,99939,100,100076,100,99931,100,100081,100,99930,100
2019-06-28 09:35:51.342855313,100036,252,100019,152,100037,548,99996,248,100051,248,99973,248,100055,100,99955,100,100060,100,99954,300,100061,100,99953,100,100068,100,99951,100,100069,100,99939,100,100076,100,99931,100,100081,100,99930,100
2019-06-28 09:36:00.000000000,100036,212,99996,212,100037,512,99973,212,100051,212,99955,212,100055,212,99954,412,100060,100,99953,100,100061,100,99951,100,100068,100,99939,100,100069,100,99931,100,100076,100,99930,100,100081,100,99928,100
2019-06-28 09:36:10.000000000,100036,324,99996,324,100037,624,99973,324,100051,100,99955,100,100055,100,99954,300,100060,100,99953,100,100061,100,99951,100,100068,100,99939,100,100069,100,99931,100,100076,100,99930,100,100081,100,99928,100
2019-06-28 09:36:19.460246293,100036,324,99996,224,100037,624,99973,324,100051,100,99955,100,100055,100,99954,300,100060,100,99953,100,100061,100,99951,100,100068,100,99939,100,100069,100,99931,100,100076,100,99930,100,100081,100,99928,100
2019-06-28 09:36:20.000000000,100036,252,99973,252,100037,548,99955,248,100051,248,99954,448,100055,100,99953,100,100060,100,99951,100,100061,100,99939,100,100068,100,99931,100,100069,100,99930,100,100076,100,99928,100,100081,100,99921,100
2019-06-28 09:36:30.000000000,100036,212,99973,212,100037,512,99955,212,100051,212,99954,412,100055,212,99953,212,100060,100,99951,100,100061,100,99939,100,100068,100,99931,100,100069,100,99930,100,100076,100,99928,100,100081,100,99921,100
2019-06-28 09:36:40.000000000,100036,252,99973,252,100037,548,99955,248,100051,248,99954,448,100055,100,99953,100,100060,100,99951,100,100061,100,99939,100,100068,100,99931,100,100069,100,99930,100,100076,100,99928,100,100081,100,99921,100
2019-06-28 09:36:48.713303222,100036,252,99973,152,100037,548,99955,248,100051,248,99954,448,100055,100,99953,100,100060,100,99951,100,100061,100,99939,100,100068,100,99931,100,100069,100,99930,100,100076,100,99928,100,100081,100,99921,100
2019-06-28 09:36:50.000000000,100036,547,99955,547,100037,400,99954,300,100051,100,99953,100,100055,100,99951,100,100060,100,99939,100,100061,100,99931,100,100068,100,99930,100,100069,100,99928,100,100076,100,99921,100,100081,100,99867,100
2019-06-28 09:36:55.620926575,99996,100,99955,547,100036,547,99954,300,100037,400,99953,100,100051,100,99951,100,100055,100,99939,100,100060,100,99931,100,100061,100,99930,100,100068,100,99928,100,100069,100,99921,100,100076,100,99867,100
2019-06-28 09:36:58.693034407,99996,100,99955,547,100036,547,99954,300,100037,400,99953,100,100051,100,99951,100,100055,100,99939,100,100060,100,99931,100,100061,100,99930,100,100068,100,99928,100,100069,100,99921,100,100076,100,99867,100
2019-06-28 09:37:00.000000000,99996,212,99955,212,100036,212,99954,412,100037,512,99953,212,100051,212,99951,212,100055,100,99939,100,100060,100,99931,100,100061,100,99930,100,100068,100,99928,100,100069,100,99921,100,100076,100,99867,100
2019-06-28 09:37:08.388979907,99996,312,99955,212,100036,212,99954,412,100037,412,99953,212,100051,212,99951,212,100055,100,99939,100,100060,100,99931,100,100061,100,99930,100,100068,100,99928,100,100069,100,99921,100,100076,100,99867,100
2019-06-28 09:37:10.000000000,99996,647,99955,547,100036,100,99954,300,100037,300,99953,100,100051,100,99951,100,100055,100,99939,100,100060,100,99931,100,100061,100,99930,100,100068,100,99928,100,100069,100,99921,100,100076,100,99867,100
2019-06-28 09:37:20.000000000,99996,424,99955,324,100036,324,99954,524,100037,300,99953,100,100051,100,99951,100,100055,100,99939,100,100060,100,99931,100,100061,100,99930,100,100068,100,99928,100,100069,100,99921,100,100076,100,99867,100
2019-06-28 09:37:30.000000000,99996,312,99955,212,100036,212,99954,412,100037,412,99953,212,100051,212,99951,212,100055,100,99939,100,100060,100,99931,100,100061,100,99930,100,100068,100,99928,100,100069,100,99921,100,100076,100,99867,100
2019-06-28 09:37:40.000000000,99996,312,99955,212,100036,212,99954,412,100037,412,99953,212,100051,212,99951,212,100055,100,99939,100,100060,100,99931,100,100061,100,99930,100,100068,100,99928,100,100069,100,99921,100,100076,100,99867,100
2019-06-28 09:37:42.953474076,99996,412,99955,212,100036,212,99954,312,100037,412,99953,212,100051,212,99951,212,100055,100,99939,100,100060,100,99931,100,100061,100,99930,100,100068,100,99928,100,100069,100,99921,100,100076,100,99867,100
2019-06-28 09:37:50.000000000,99996,524,99955,324,100036,324,99954,424,100037,300,99953,100,100051,100,99951,100,100055,100,99939,100,100060,100,99931,100,100061,100,99930,100,100068,100,99928,100,100069,100,99921,100,100076,100,99867,100
2019-06-28 09:37:50.857359875,99996,524,99955,224,100036,324,99954,424,100037,300,99953,100,100051,100,99951,100,100055,100,99939,100,100060,100,99931,100,100061,100,99930,100,100068,100,99928,100,100069,100,99867,100,100076,100,99860,200
2019-06-28 09:38:00.000000000,99996,412,99954,312,100036,212,99953,212,100037,412,99951,212,100051,212,99939,212,100055,100,99931,100,100060,100,99930,100,100061,100,99928,100,100068,100,99867,100,100069,100,99860,200,100076,100,99857,100
2019-06-28 09:38:10.000000000,99996,389,99954,289,100036,189,99953,189,100037,389,99951,189,100051,189,99939,189,100055,189,99931,189,100060,100,99930,100,100061,100,99928,100,100068,100,99867,100,100069,100,99860,200,100076,100,99857,100
2019-06-28 09:38:20.000000000,99996,524,99954,424,100036,324,99953,324,100037,300,99951,100,100051,100,99939,100,100055,100,99931,100,100060,100,99930,100,100061,100,99928,100,100068,100,99867,100,100069,100,99860,200,100076,100,99857,100
2019-06-28 09:38:25.213206058,99996,524,99954,424,100036,324,99953,324,100037,300,99951,100,100051,100,99939,100,100055,100,99931,100,100060,100,99930,100,100061,100,99928,100,100068,100,99867,100,100069,100,99860,200,100076,100,99857,100
2019-06-28 09:38:30.000000000,99996,747,99954,647,100036,100,99953,100,100037,300,99951,100,100051,100,99939,100,100055,100,99931,100,100060,100,99930,100,100061,100,99928,100,100068,100,99867,100,100069,100,99860,200,100076,100,99857,100
2019-06-28 09:38:30.504722954,99996,647,99954,647,100036,100,99953,100,100037,300,99951,100,100051,100,99939,100,100055,100,99931,100,100060,100,99930,100,100061,100,99928,100,100068,100,99867,100,100069,100,99860,200,100076,100,99857,100
2019-06-28 09:38:34.771069029,99996,647,99954,547,100036,100,99953,100,100037,300,99951,100,100051,100,99939,100,100055,100,99931,100,100060,100,99930,100,100061,100,99928,100,100068,100,99867,100,100069,100,99860,200,100076,100,99857,100
2019-06-28 09:38:34.799108686,99996,647,99954,447,100036,100,99953,100,100037,300,99951,100,100051,100,99939,100,100055,100,99931,100,100060,100,99930,100,100061,100,99928,100,100068,100,99867,100,100069,100,99860,200,100076,100,99857,100
2019-06-28 09:38:40.000000000,99996,647,99953,547,100036,100,99951,100,100037,300,99939,100,100051,100,99931,100,100055,100,99930,100,100060,100,99928,100,100061,100,99867,100,100068,100,99860,200,100069,100,99857,100,100076,100,99854,100
2019-06-28 09:38:40.774914568,99996,647,99953,547,100036,100,99951,100,100037,300,99939,100,100051,100,99931,100,100055,100,99930,100,100060,100,99867,100,100061,100,99860,200,100068,100,99857,100,100069,100,99854,100,100076,100,99846,100
2019-06-28 09:38:47.332663779,99954,100,99953,547,99996,647,99951,100,100036,100,99939,100,100037,300,99931,100,100051,100,99930,100,100055,100,99867,100,100060,100,99860,200,100061,100,99857,100,100068,100,99854,100,100069,100,99846,100
2019-06-28 09:38:50.000000000,99954,252,99953,252,99996,348,99951,248,100036,248,99939,248,100037,300,99931,100,100051,100,99930,100,100055,100,99867,100,100060,100,99860,200,100061,100,99857,100,100068,100,99854,100,100069,100,99846,100
2019-06-28 09:38:52.370506173,99954,252,99953,152,99996,348,99951,248,100036,248,99939,248,100037,300,99931,100,100051,100,99930,100,100055,100,99867,100,100060,100,99860,200,100061,100,99857,100,100068,100,99854,100,100069,100,99846,100
2019-06-28 09:38:52.451480935,99954,252,99953,152,99996,348,99951,248,100036,248,99939,248,100037,300,99931,100,100051,100,99930,100,100055,100,99867,100,100060,100,99860,200,100061,100,99857,100,100068,100,99854,100,100069,100,99846,100
2019-06-28 09:38:53.537463638,99954,252,99953,152,99996,348,99951,248,100036,248,99939,248,100037,300,99931,100,100051,100,99930,100,100055,100,99867,100,100060,100,99860,200,100061,100,99857,100,100068,100,99854,100,100069,100,99846,100
2019-06-28 09:38:55.266849687,99954,252,99953,52,99996,348,99951,248,100036,248,99939,248,100037,300,99931,100,100051,100,99930,100,100055,100,99867,100,100060,100,99860,200,100061,100,99857,100,100068,100,99854,100,100069,100,99846,100
2019-06-28 09:38:55.798285726,99953,48,99951,248,99954,252,99939,248,99996,348,99931,100,100036,248,99930,100,100037,300,99867,100,100051,100,99860,200,100055,100,99857,100,100060,100,99854,100,100061,100,99846,100,100068,100,99844,100
2019-06-28 09:39:00.000000000,99953,272,99951,324,99954,324,99939,324,99996,200,99931,100,100036,100,99930,100,100037,300,99867,100,100051,100,99860,200,100055,100,99857,100,100060,100,99854,100,100061,100,99846,100,100068,100,99844,100
2019-06-28 09:39:01.808366459,99953,272,99951,324,99954,324,99939,324,99996,200,99931,100,100036,100,99930,100,100037,300,99867,100,100051,100,99860,200,100055,100,99854,100,100060,100,99846,100,100061,100,99844,100,100068,100,99829,100
2019-06-28 09:39:03.552309338,99953,272,99951,224,99954,324,99939,324,99996,200,99931,100,100036,100,99930,100,100037,300,99867,100,100051,100,99860,200,100055,100,99854,100,100060,100,99846,100,100061,100,99844,100,100069,100,99829,100
2019-06-28 09:39:08.229161562,99953,272,99951,124,99954,324,99939,224,99996,200,99931,100,100036,100,99930,100,100037,300,99867,100,100051,100,99860,200,100055,100,99854,100,100060,100,99846,100,100061,100,99844,100,100069,100,99829,100
2019-06-28 09:39:10.000000000,99953,160,99931,212,99954,212,99930,212,99996,312,99867,212,100036,212,99860,312,100037,300,99854,100,100051,100,99846,100,100055,100,99844,100,100060,100,99829,100,100061,100,99817,100,100069,100,99581,100
2019-06-28 09:39:20.000000000,99953,200,99931,252,99954,248,99930,248,99996,348,99867,248,100036,100,99860,200,100037,300,99854,100,100051,100,99846,100,100055,100,99844,100,100060,100,99829,100,100061,100,99817,100,100069,100,99581,100
2019-06-28 09:39:26.013365785,99953,200,99931,252,99954,248,99930,248,99996,348,99867,248,100036,100,99860,200,100037,300,99854,100,100051,100,99844,100,100055,100,99829,100,100060,100,99817,100,100061,100,99601,100,100069,100,99581,100
2019-06-28 09:39:27.197371363,99953,200,99931,152,99954,248,99930,248,99996,348,99867,248,100036,100,99860,200,100037,300,99854,100,100051,100,99844,100,100055,100,99829,100,100060,100,99817,100,100061,100,99601,100,100069,100,99581,100
2019-06-28 09:39:30.000000000,99953,200,99930,252,99954,248,99867,248,99996,348,99860,348,100036,100,99854,100,100037,300,99844,100,100051,100,99829,100,100055,100,99817,100,100060,100,99601,100,100061,100,99581,100,100069,100,99513,100
2019-06-28 09:39:40.000000000,99953,160,99930,212,99954,212,99867,212,99996,312,99860,312,100036,212,99854,212,100037,300,99844,100,100051,100,99829,100,100055,100,99817,100,100060,100,99601,100,100061,100,99581,100,100069,100,99513,100
2019-06-28 09:39:50.000000000,99953,160,99930,212,99954,212,99867,212,99996,312,99860,312,100036,212,99854,212,100037,300,99844,100,100051,100,99829,100,100055,100,99817,100,100060,100,99601,100,100061,100,99581,100,100069,100,99513,100
2019-06-28 09:39:51.057354317,99953,160,99930,212,99954,212,99867,212,99996,312,99860,312,100036,212,99854,212,100037,300,99844,100,100051,100,99829,100,100055,100,99817,100,100060,100,99601,100,100061,100,99581,100,100069,100,99513,100
2019-06-28 09:40:00.000000000,99953,160,99930,212,99954,212,99867,212,99996,312,99860,312,100036,212,99854,212,100037,300,99844,100,100051,100,99829,100,100055,100,99817,100,100060,100,99601,100,100061,100,99581,100,100069,100,99513,100
2019-06-28 09:40:06.584884940,99953,160,99930,112,99954,212,99867,212,99996,312,99860,312,100036,212,99854,212,100037,300,99844,100,100051,100,99829,100,100055,100,99817,100,100060,100,99601,100,100061,100,99581,100,100069,100,99513,100
2019-06-28 09:40:10.000000000,99953,160,99867,212,99954,212,99860,312,99996,312,99854,212,100036,212,99844,212,100037,300,99829,100,100051,100,99817,100,100055,100,99601,100,100060,100,99581,100,100061,100,99513,100,100069,100,99436,100
2019-06-28 09:40:20.000000000,99953,272,99867,324,99954,324,99860,424,99996,200,99854,100,100036,100,99844,100,100037,300,99829,100,100051,100,99817,100,100055,100,99601,100,100060,100,99581,100,100061,100,99513,100,100069,100,99436,100
2019-06-28 09:40:30.000000000,99953,160,99867,212,99954,212,99860,312,99996,312,99854,212,100036,212,99844,212,100037,300,99829,100,100051,100,99817,100,100055,100,99601,100,100060,100,99581,100,100061,100,99513,100,100069,100,99436,100
2019-06-28 09:40:40.000000000,99953,137,99867,189,99954,189,99860,289,99996,289,99854,189,100036,189,99844,189,100037,389,99829,189,100051,100,99817,100,100055,100,99601,100,100060,100,99581,100,100061,100,99513,100,100069,100,99436,100
2019-06-28 09:40:40.609512956,99953,137,99867,189,99954,189,99860,289,99996,289,99854,189,100036,189,99844,189,100037,389,99829,189,100051,100,99817,100,100055,100,99601,100,100060,100,99581,100,100061,100,99513,100,100069,100,99436,100
2019-06-28 09:40:40.966533206,99953,137,99867,89,99954,189,99860,289,99996,289,99854,189,100036,189,99844,189,100037,389,99829,189,100051,100,99817,100,100055,100,99601,100,100060,100,99581,100,100061,100,99513,100,100069,100,99436,100
2019-06-28 09:40:50.000000000,99953,137,99860,289,99954,189,99854,189,99996,289,99844,189,100036,189,99829,189,100037,389,99817,189,100051,100,99601,100,100055,100,99581,100,100060,100,99513,100,100061,100,99436,100,100069,100,99433,100
2019-06-28 09:40:54.192329870,99953,137,99860,289,99954,189,99854,189,99996,289,99844,189,100036,189,99829,189,100037,389,99817,189,100051,100,99601,100,100055,100,99581,100,100060,100,99560,100,100061,100,99513,100,100069,100,99436,100
2019-06-28 09:41:00.000000000,99953,160,99860,312,99954,212,99854,212,99996,312,99844,212,100036,212,99829,212,100037,300,99817,100,100051,100,99601,100,100055,100,99581,100,100060,100,99560,100,100061,100,99513,100,100069,100,99436,100
2019-06-28 09:41:10.000000000,99953,200,99860,352,99954,248,99854,248,99996,348,99844,248,100036,100,99829,100,100037,300,99817,100,100051,100,99601,100,100055,100,99581,100,100060,100,99560,100,100061,100,99513,100,100069,100,99436,100
2019-06-28 09:41:20.000000000,99953,137,99860,289,99954,189,99854,189,99996,289,99844,189,100036,189,99829,189,100037,389,99817,189,100051,100,99601,100,100055,100,99581,100,100060,100,99560,100,100061,100,99513,100,100069,100,99436,100
2019-06-28 09:41:20.368499983,99953,137,99860,289,99954,189,99854,189,99996,289,99844,189,100036,189,99829,189,100037,389,99817,189,100051,100,99601,100,100055,100,99581,100,100060,100,99560,100,100061,100,99513,100,100069,100,99436,100
2019-06-28 09:41:30.000000000,99953,137,99860,289,99954,189,99854,189,99996,289,99844,189,100036,189,99829,189,100037,389,99817,189,100051,100,99601,100,100055,100,99581,100,100060,100,99560,100,100061,100,99513,100,100069,100,99436,100
2019-06-28 09:41:34.511270717,99930,100,99860,289,99953,137,99854,189,99954,189,99844,189,99996,289,99829,189,100036,89,99817,189,100037,389,99601,100,100051,100,99581,100,100055,100,99560,100,100060,100,99513,100,100061,100,99436,100
2019-06-28 09:41:40.000000000,99930,212,99860,312,99953,160,99854,212,99954,212,99844,212,99996,312,99829,212,100037,300,99817,100,100051,100,99601,100,100055,100,99581,100,100060,100,99560,100,100061,100,99513,100,100069,100,99436,100
2019-06-28 09:41:50.000000000,99930,324,99860,424,99953,272,99854,324,99954,100,99844,100,99996,200,99829,100,100037,300,99817,100,100051,100,99601,100,100055,100,99581,100,100060,100,99560,100,100061,100,99513,100,100069,100,99436,100
2019-06-28 09:41:56.574504945,99930,424,99860,424,99953,272,99854,324,99954,100,99844,100,99996,100,99829,100,100037,300,99817,100,100051,100,99601,100,100055,100,99581,100,100060,100,99560,100,100061,100,99513,100,100069,100,99436,100
2019-06-28 09:42:00.000000000,99930,312,99860,312,99953,160,99854,212,99954,212,99844,212,99996,212,99829,212,100037,300,99817,100,100051,100,99601,100,100055,100,99581,100,100060,100,99560,100,100061,100,99513,100,100069,100,99436,100
2019-06-28 09:42:10.000000000,99930,647,99860,647,99953,48,99854,100,99954,100,99844,100,99996,100,99829,100,100037,300,99817,100,100051,100,99601,100,100055,100,99581,100,100060,100,99560,100,100061,100,99513,100,100069,100,99436,100
2019-06-28 09:42:14.642504404,99930,647,99860,647,99953,48,99854,100,99954,100,99844,100,99996,100,99829,100,100037,300,99601,100,100051,100,99581,100,100055,100,99560,100,100060,100,99513,100,100061,100,99436,100,100069,100,99433,100
2019-06-28 09:42:20.000000000,99930,647,99860,647,99953,48,99854,100,99954,100,99844,100,99996,100,99829,100,100037,300,99601,100,100051,100,99581,100,100055,100,99560,100,100060,100,99513,100,100061,100,99436,100,100069,100,99433,100
2019-06-28 09:42:22.540395250,99930,647,99860,547,99953,48,99854,100,99954,100,99844,100,99996,100,99829,100,100037,300,99601,100,100051,100,99581,100,100055,100,99560,100,100060,100,99513,100,100061,100,99436,100,100069,100,99433,100
2019-06-28 09:42:30.000000000,99930,352,99860,252,99953,196,99854,248,99954,248,99844,248,99996,100,99829,100,100037,300,99601,100,100051,100,99581,100,100055,100,99560,100,100060,100,99513,100,100061,100,99436,100,100069,100,99433,100
2019-06-28 09:42:31.327245465,99930,352,99860,152,99953,196,99854,248,99954,248,99844,248,99996,100,99829,100,100037,300,99601,100,100051,100,99581,100,100055,100,99560,100,100060,100,99513,100,100061,100,99436,100,100069,100,99433,100
2019-06-28 09:42:35.465391945,99930,352,99860,152,99953,148,99854,248,99954,248,99844,248,99996,100,99829,100,100037,300,99601,100,100051,100,99581,100,100055,100,99560,100,100060,100,99513,100,100061,100,99436,100,100069,100,99433,100
2019-06-28 09:42:40.000000000,99930,352,99854,252,99954,248,99844,248,99996,248,99829,248,100037,300,99601,100,100051,100,99581,100,100055,100,99560,100,100060,100,99513,100,100061,100,99436,100,100069,100,99433,100,100076,100,99373,100
2019-06-28 09:42:50.000000000,99930,289,99854,189,99954,189,99844,189,99996,189,99829,189,100037,389,99601,189,100051,189,99581,189,100055,100,99560,100,100060,100,99513,100,100061,100,99436,100,100069,100,99433,100,100076,100,99373,100
2019-06-28 09:43:00.000000000,99930,312,99854,212,99954,212,99844,212,99996,212,99829,212,100037,412,99601,212,100051,100,99581,100,100055,100,99560,100,100060,100,99513,100,100061,100,99436,100,100069,100,99433,100,100076,100,99373,100
2019-06-28 09:43:10.000000000,99930,312,99854,212,99954,212,99844,212,99996,212,99829,212,100037,412,99601,212,100051,100,99581,100,100055,100,99560,100,100060,100,99513,100,100061,100,99436,100,100069,100,99433,100,100076,100,99373,100
2019-06-28 09:43:11.815141021,99930,312,99854,212,99954,212,99844,212,99996,212,99829,212,100037,312,99601,212,100051,100,99581,100,100055,100,99560,100,100060,100,99513,100,100061,100,99436,100,100069,100,99433,100,100076,100,99373,100
2019-06-28 09:43:20.000000000,99930,352,99854,252,99954,248,99844,248,99996,248,99829,248,100037,200,99601,100,100051,100,99581,100,100055,100,99560,100,100060,100,99513,100,100061,100,99436,100,100069,100,99433,100,100076,100,99373,100
2019-06-28 09:43:30.000000000,99930,289,99854,189,99954,189,99844,189,99996,189,99829,189,100037,289,99601,189,100051,189,99581,189,100055,100,99560,100,100060,100,99513,100,100061,100,99436,100,100069,100,99433,100,100076,100,99373,100
2019-06-28 09:43:40.000000000,99930,312,99854,212,99954,212,99844,212,99996,212,99829,212,100037,312,99601,212,100051,100,99581,100,100055,100,99560,100,100060,100,99513,100,100061,100,99436,100,100069,100,99433,100,100076,100,99373,100
2019-06-28 09:43:50.000000000,99930,647,99854,547,99954,100,99844,100,99996,100,99829,100,100037,200,99601,100,100051,100,99581,100,100055,100,99560,100,100060,100,99513,100,100061,100,99436,100,100069,100,99433,100,100076,100,99373,100
2019-06-28 09:43:50.376970845,99930,647,99854,547,99954,100,99844,100,99996,100,99829,100,100037,200,99601,100,100051,100,99581,100,100055,100,99560,100,100060,100,99513,100,100061,100,99433,100,100069,100,99373,100,100076,100,99367,200
2019-06-28 09:43:51.257672250,99860,100,99854,547,99930,547,99844,100,99954,100,99829,100,99996,100,99601,100,100037,200,99581,100,100051,100,99560,100,100055,100,99513,100,100060,100,99433,100,100061,100,99373,100,100069,100,99367,200
2019-06-28 09:44:00.000000000,99860,189,99854,189,99930,189,99844,189,99954,189,99829,189,99996,189,99601,189,100037,289,99581,189,100051,100,99560,100,100055,100,99513,100,100060,100,99433,100,100061,100,99373,100,100069,100,99367,200
2019-06-28 09:44:10.000000000,99860,252,99854,252,99930,248,99844,248,99954,248,99829,248,99996,100,99601,100,100037,200,99581,100,100051,100,99560,100,100055,100,99513,100,100060,100,99433,100,100061,100,99373,100,100069,100,99367,200
2019-06-28 09:44:20.000000000,99860,252,99854,252,99930,248,99844,248,99954,248,99829,248,99996,100,99601,100,100037,200,99581,100,100051,100,99560,100,100055,100,99513,100,100060,100,99433,100,100061,100,99373,100,100069,100,99367,200
2019-06-28 09:44:30.000000000,99860,324,99854,324,99930,324,99844,324,99954,100,99829,100,99996,100,99601,100,100037,200,99581,100,100051,100,99560,100,100055,100,99513,100,100060,100,99433,100,100061,100,99373,100,100069,100,99367,200
2019-06-28 09:44:40.000000000,99860,189,99854,189,99930,189,99844,189,99954,189,99829,189,99996,189,99601,189,100037,289,99581,189,100051,100,99560,100,100055,100,99513,100,100060,100,99433,100,100061,100,99373,100,100069,100,99367,200
2019-06-28 09:44:50.000000000,99860,212,99854,212,99930,212,99844,212,99954,212,99829,212,99996,212,99601,212,100037,200,99581,100,100051,100,99560,100,100055,100,99513,100,100060,100,99433,100,100061,100,99373,100,100069,100,99367,200
2019-06-28 09:44:52.036631887,99860,212,99854,212,99930,212,99844,212,99954,212,99829,212,99996,212,99601,212,100037,200,99581,100,100051,100,99560,100,100055,100,99433,100,100060,100,99373,100,100061,100,99367,200,100069,100,99096,100
2019-06-28 09:44:52.917186017,99860,212,99854,212,99930,212,99844,212,99954,212,99829,212,99996,212,99601,212,100037,200,99581,100,100051,100,99560,100,100060,100,99433,100,100061,100,99373,100,100069,100,99367,200,100076,100,99096,100
2019-06-28 09:45:00.000000000,99860,547,99854,547,99930,100,99844,100,99954,100,99829,100,99996,100,99601,100,100037,200,99581,100,100051,100,99560,100,100060,100,99433,100,100061,100,99373,100,100069,100,99367,200,100076,100,99096,100
2019-06-28 09:45:01.882785472,99860,547,99854,447,99930,100,99844,100,99954,100,99829,100,99996,100,99601,100,100037,200,99581,100,100051,100,99560,100,100060,100,99433,100,100061,100,99373,100,100069,100,99367,200,100076,100,99096,100
2019-06-28 09:45:10.000000000,99860,212,99844,212,99930,212,99829,212,99954,212,99601,212,99996,212,99581,212,100037,200,99560,100,100051,100,99433,100,100060,100,99373,100,100061,100,99367,200,100069,100,99096,100,100076,100,98863,100
2019-06-28 09:45:13.737303962,99860,212,99844,112,99930,212,99829,212,99954,212,99601,212,99996,212,99581,212,100037,200,99560,100,100051,100,99433,100,100060,100,99373,100,100061,100,99367,200,100069,100,99096,100,100076,100,98863,100
2019-06-28 09:45:20.000000000,99860,324,99829,324,99930,324,99601,324,99954,100,99581,100,99996,100,99560,100,100037,200,99433,100,100051,100,99373,100,100060,100,99367,200,100061,100,99096,100,100069,100,98863,100,100076,100,98789,100
2019-06-28 09:45:21.972022103,99860,324,99829,324,99930,324,99601,324,99996,100,99581,100,100037,200,99560,100,100051,100,99433,100,100060,100,99373,100,100061,100,99367,200,100069,100,99096,100,100076,100,98863,100,100082,100,98789,100
2019-06-28 09:45:30.000000000,99860,189,99829,189,99930,189,99601,189,99996,189,99581,189,100037,289,99560,189,100051,189,99433,189,100060,100,99373,100,100061,100,99367,200,100069,100,99096,100,100076,100,98863,100,100082,100,98789,100
2019-06-28 09:45:32.000888351,99860,189,99829,189,99930,189,99601,189,99996,189,99581,189,100037,289,99560,189,100051,189,99433,189,100060,100,99373,100,100061,100,99367,200,100069,100,99096,100,100076,100,98863,100,100082,100,98789,100
2019-06-28 09:45:40.000000000,99860,212,99829,212,99930,212,99601,212,99996,212,99581,212,100037,312,99560,212,100051,100,99433,100,100060,100,99373,100,100061,100,99367,200,100069,100,99096,100,100076,100,98863,100,100082,100,98789,100
2019-06-28 09:45:50.000000000,99860,547,99829,547,99930,100,99601,100,99996,100,99581,100,100037,200,99560,100,100051,100,99433,100,100060,100,99373,100,100061,100,99367,200,100069,100,99096,100,100076,100,98863,100,100082,100,98789,100
2019-06-28 09:45:55.430867826,99860,547,99829,547,99996,100,99601,100,100037,200,99581,100,100051,100,99560,100,100060,100,99433,100,100061,100,99373,100,100069,100,99367,200,100076,100,99096,100,100082,100,98863,100,100102,100,98789,100
2019-06-28 09:46:00.000000000,99860,189,99829,189,99996,189,99601,189,100037,289,99581,189,100051,189,99560,189,100060,189,99433,189,100061,100,99373,100,100069,100,99367,200,100076,100,99096,100,100082,100,98863,100,100102,100,98789,100
2019-06-28 09:46:10.000000000,99860,324,99829,324,99996,324,99601,324,100037,200,99581,100,100051,100,99560,100,100060,100,99433,100,100061,100,99373,100,100069,100,99367,200,100076,100,99096,100,100082,100,98863,100,100102,100,98789,100
2019-06-28 09:46:20.000000000,99860,189,99829,189,99996,189,99601,189,100037,289,99581,189,100051,189,99560,189,100060,189,99433,189,100061,100,99373,100,100069,100,99367,200,100076,100,99096,100,100082,100,98863,100,100102,100,98789,100
2019-06-28 09:46:30.000000000,99860,547,99829,547,99996,100,99601,100,100037,200,99581,100,100051,100,99560,100,100060,100,99433,100,100061,100,99373,100,100069,100,99367,200,100076,100,99096,100,100082,100,98863,100,100102,100,98789,100
2019-06-28 09:46:34.799244594,99860,547,99829,547,99996,100,99601,100,100037,200,99581,100,100051,100,99560,100,100060,100,99433,100,100061,100,99373,100,100069,100,99367,200,100076,100,99096,100,100082,100,98943,100,100102,100,98863,100
2019-06-28 09:46:40.000000000,99860,189,99829,189,99996,189,99601,189,100037,289,99581,189,100051,189,99560,189,100060,189,99433,189,100061,100,99373,100,100069,100,99367,200,100076,100,99096,100,100082,100,98943,100,100102,100,98863,100
2019-06-28 09:46:50.000000000,99860,212,99829,212,99996,212,99601,212,100037,312,99581,212,100051,212,99560,212,100060,100,99433,100,100061,100,99373,100,100069,100,99367,200,100076,100,99096,100,100082,100,98943,100,100102,100,98863,100
2019-06-28 09:46:51.050253745,99860,212,99829,112,99996,212,99601,212,100037,312,99581,212,100051,212,99560,212,100061,100,99433,100,100069,100,99373,100,100076,100,99367,200,100082,100,99096,100,100102,100,98943,100,100178,100,98863,100
2019-06-28 09:47:00.000000000,99860,547,99601,547,99996,100,99581,100,100037,200,99560,100,100051,100,99433,100,100061,100,99373,100,100069,100,99367,200,100076,100,99096,100,100082,100,98943,100,100102,100,98863,100,100178,100,98789,100
2019-06-28 09:47:10.000000000,99860,212,99601,212,99996,212,99581,212,100037,312,99560,212,100051,212,99433,212,100061,100,99373,100,100069,100,99367,200,100076,100,99096,100,100082,100,98943,100,100102,100,98863,100,100178,100,98789,100
2019-06-28 09:47:20.000000000,99860,252,99601,252,99996,248,99581,248,100037,348,99560,248,100051,100,99433,100,100061,100,99373,100,100069,100,99367,200,100076,100,99096,100,100082,100,98943,100,100102,100,98863,100,100178,100,98789,100
2019-06-28 09:47:28.978413504,99860,252,99830,100,99996,248,99601,252,100037,248,99581,248,100051,100,99560,248,100061,100,99433,100,100069,100,99373,100,100076,100,99367,200,100082,100,99096,100,100102,100,98943,100,100178,100,98863,100
2019-06-28 09:47:30.000000000,99860,212,99830,212,99996,212,99601,212,100037,212,99581,212,100051,212,99560,212,100061,100,99433,100,100069,100,99373,100,100076,100,99367,200,100082,100,99096,100,100102,100,98943,100,100178,100,98863,100
2019-06-28 09:47:34.485159775,99844,100,99830,212,99860,212,99601,212,99996,112,99581,212,100037,212,99560,212,100051,212,99433,100,100061,100,99373,100,100069,100,99367,200,100076,100,99096,100,100082,100,98943,100,100102,100,98863,100
2019-06-28 09:47:40.000000000,99844,324,99830,324,99860,324,99601,324,100037,100,99581,100,100051,100,99560,100,100061,100,99433,100,100069,100,99373,100,100076,100,99367,200,100082,100,99096,100,100102,100,98943,100,100178,100,98863,100
2019-06-28 09:47:47.000693658,99844,324,99830,224,99860,324,99601,324,100037,100,99581,100,100051,100,99560,100,100061,100,99433,100,100069,100,99373,100,100076,100,99367,200,100082,100,99096,100,100102,100,98943,100,100178,100,98863,100
2019-06-28 09:47:50.000000000,99844,189,99601,189,99860,189,99581,189,100037,189,99560,189,100051,189,99433,189,100061,189,99373,189,100069,100,99367,200,100076,100,99096,100,100082,100,98943,100,100102,100,98863,100,100178,100,98789,100
2019-06-28 09:48:00.000000000,99844,252,99601,252,99860,248,99581,248,100037,248,99560,248,100051,100,99433,100,100061,100,99373,100,100069,100,99367,200,100076,100,99096,100,100082,100,98943,100,100102,100,98863,100,100178,100,98789,100
2019-06-28 09:48:10.000000000,99844,547,99601,547,99860,100,99581,100,100037,100,99560,100,100051,100,99433,100,100061,100,99373,100,100069,100,99367,200,100076,100,99096,100,100082,100,98943,100,100102,100,98863,100,100178,100,98789,100
2019-06-28 09:48:20.000000000,99844,547,99601,547,99860,100,99581,100,100037,100,99560,100,100051,100,99433,100,100061,100,99373,100,100069,100,99367,200,100076,100,99096,100,100082,100,98943,100,100102,100,98863,100,100178,100,98789,100
2019-06-28 09:48:29.159536505,99844,547,99601,547,99860,100,99581,100,100037,100,99560,100,100051,100,99438,100,100061,100,99433,100,100069,100,99373,100,100076,100,99367,100,100082,100,99096,100,100102,100,98943,100,100178,100,98863,100
2019-06-28 09:48:30.000000000,99844,189,99601,189,99860,189,99581,189,100037,189,99560,189,100051,189,99438,189,100061,189,99433,189,100069,100,99373,100,100076,100,99367,100,100082,100,99096,100,100102,100,98943,100,100178,100,98863,100
2019-06-28 09:48:40.000000000,99844,212,99601,212,99860,212,99581,212,100037,212,99560,212,100051,212,99438,212,100061,100,99433,100,100069,100,99373,100,100076,100,99367,100,100082,100,99096,100,100102,100,98943,100,100178,100,98863,100
2019-06-28 09:48:50.000000000,99844,547,99601,547,99860,100,99581,100,100037,100,99560,100,100051,100,99438,100,100061,100,99433,100,100069,100,99373,100,100076,100,99367,100,100082,100,99096,100,100102,100,98943,100,100178,100,98863,100
2019-06-28 09:48:58.574326790,99844,547,99601,547,99860,100,99581,100,100037,100,99560,100,100051,100,99438,100,100061,100,99433,100,100069,100,99373,100,100076,100,99160,100,100082,100,99096,100,100102,100,98943,100,100178,100,98863,100
2019-06-28 09:49:00.000000000,99844,324,99601,324,99860,324,99581,324,100037,100,99560,100,100051,100,99438,100,100061,100,99433,100,100069,100,99373,100,100076,100,99160,100,100082,100,99096,100,100102,100,98943,100,100178,100,98863,100
2019-06-28 09:49:10.000000000,99844,324,99601,324,99860,324,99581,324,100037,100,99560,100,100051,100,99438,100,100061,100,99433,100,100069,100,99373,100,100076,100,99160,100,100082,100,99096,100,100102,100,98943,100,100178,100,98863,100
2019-06-28 09:49:20.000000000,99844,547,99601,547,99860,100,99581,100,100037,100,99560,100,100051,100,99438,100,100061,100,99433,100,100069,100,99373,100,100076,100,99160,100,100082,100,99096,100,100102,100,98943,100,100178,100,98863,100
2019-06-28 09:49:30.000000000,99844,212,99601,212,99860,212,99581,212,100037,212,99560,212,100051,212,99438,212,100061,100,99433,100,100069,100,99373,100,100076,100,99160,100,100082,100,99096,100,100102,100,98943,100,100178,100,98863,100
2019-06-28 09:49:34.161559056,99844,212,99601,212,99860,212,99581,212,100037,212,99560,212,100051,212,99438,212,100061,100,99433,100,100069,100,99373,100,100076,100,99160,100,100082,100,99123,100,100102,100,99096,100,100178,100,98943,100
2019-06-28 09:49:40.000000000,99844,252,99601,252,99860,248,99581,248,100037,248,99560,248,100051,100,99438,100,100061,100,99433,100,100069,100,99373,100,100076,100,99160,100,100082,100,99123,100,100102,100,99096,100,100178,100,98943,100
2019-06-28 09:49:50.000000000,99844,189,99601,189,99860,189,99581,189,100037,189,99560,189,100051,189,99438,189,100061,189,99433,189,100069,100,99373,100,100076,100,99160,100,100082,100,99123,100,100102,100,99096,100,100178,100,98943,100
2019-06-28 09:49:51.333613110,99844,189,99601,89,99860,189,99581,189,100037,189,99560,189,100051,189,99438,189,100061,189,99433,189,100069,100,99373,100,100076,100,99160,100,100082,100,99123,100,100102,100,99096,100,100178,100,98943,100
2019-06-28 09:49:55.301749131,99844,189,99601,89,99860,189,99581,189,100037,189,99560,189,100051,189,99438,189,100061,189,99433,189,100069,100,99373,100,100076,100,99160,100,100082,100,99123,100,100102,100,99096,100,100178,100,99078,100
2019-06-28 09:50:00.000000000,99844,212,99581,212,99860,212,99560,212,100037,212,99438,212,100051,212,99433,212,100061,100,99373,100,100069,100,99160,100,100076,100,99123,100,100082,100,99096,100,100102,100,99078,100,100178,100,98943,100
2019-06-28 09:50:08.980257057,99830,100,99581,212,99844,212,99560,212,99860,212,99438,212,100037,212,99433,212,100051,212,99373,100,100061,100,99160,100,100069,100,99123,100,100076,100,99096,100,100082,100,99078,100,100102,100,98943,100
2019-06-28 09:50:10.000000000,99830,252,99581,252,99844,248,99560,248,99860,248,99438,248,100037,100,99433,100,100051,100,99373,100,100061,100,99160,100,100069,100,99123,100,100076,100,99096,100,100082,100,99078,100,100102,100,98943,100
2019-06-28 09:50:20.000000000,99830,324,99581,324,99844,324,99560,324,99860,100,99438,100,100037,100,99433,100,100051,100,99373,100,100061,100,99160,100,100069,100,99123,100,100076,100,99096,100,100082,100,99078,100,100102,100,98943,100
2019-06-28 09:50:30.000000000,99830,212,99581,212,99844,212,99560,212,99860,212,99438,212,100037,212,99433,212,100051,100,99373,100,100061,100,99160,100,100069,100,99123,100,100076,100,99096,100,100082,100,99078,100,100102,100,98943,100
2019-06-28 09:50:40.000000000,99830,547,99581,547,99844,100,99560,100,99860,100,99438,100,100037,100,99433,100,100051,100,99373,100,100061,100,99160,100,100069,100,99123,100,100076,100,99096,100,100082,100,99078,100,100102,100,98943,100
2019-06-28 09:50:45.955204602,99830,647,99581,547,99844,100,99560,100,99860,100,99438,100,100037,100,99433,100,100051,100,99373,100,100061,100,99160,100,100069,100,99123,100,100076,100,99096,100,100082,100,99078,100,100102,100,98943,100
2019-06-28 09:50:47.821546784,99830,647,99581,447,99844,100,99560,100,99860,100,99438,100,100037,100,99433,100,100051,100,99373,100,100061,100,99160,100,100069,100,99123,100,100076,100,99096,100,100082,100,99078,100,100102,100,98943,100
2019-06-28 09:50:50.000000000,99830,424,99560,324,99844,324,99438,324,99860,100,99433,100,100037,100,99373,100,100051,100,99160,100,100061,100,99123,100,100069,100,99096,100,100076,100,99078,100,100082,100,98943,100,100102,100,98863,100
2019-06-28 09:50:55.707751748,99830,424,99560,324,99844,324,99438,324,99860,100,99433,100,100037,100,99373,100,100051,100,99309,100,100069,100,99160,100,100076,100,99123,100,100082,100,99096,100,100102,100,99078,100,100178,100,98943,100
2019-06-28 09:51:00.000000000,99830,424,99560,324,99844,324,99438,324,99860,100,99433,100,100037,100,99373,100,100051,100,99309,100,100069,100,99160,100,100076,100,99123,100,100082,100,99096,100,100102,100,99078,100,100178,100,98943,100
2019-06-28 09:51:10.000000000,99830,312,99560,212,99844,212,99438,212,99860,212,99433,212,100037,212,99373,212,100051,100,99309,100,100069,100,99160,100,100076,100,99123,100,100082,100,99096,100,100102,100,99078,100,100178,100,98943,100
2019-06-28 09:51:19.315818669,99830,312,99560,212,99844,212,99438,212,99860,212,99433,212,100037,212,99373,212,100051,100,99309,100,100069,100,99306,100,100076,100,99160,100,100082,100,99123,100,100102,100,99078,100,100178,100,98943,100
2019-06-28 09:51:20.000000000,99830,352,99560,252,99844,248,99438,248,99860,248,99433,248,100037,100,99373,100,100051,100,99309,100,100069,100,99306,100,100076,100,99160,100,100082,100,99123,100,100102,100,99078,100,100178,100,98943,100
2019-06-28 09:51:30.000000000,99830,424,99560,324,99844,324,99438,324,99860,100,99433,100,100037,100,99373,100,100051,100,99309,100,100069,100,99306,100,100076,100,99160,100,100082,100,99123,100,100102,100,99078,100,100178,100,98943,100
2019-06-28 09:51:33.367057720,99830,424,99560,324,99844,324,99438,324,100037,100,99433,100,100051,100,99373,100,100069,100,99309,100,100076,100,99306,100,100082,100,99160,100,100102,100,99123,100,100178,100,99078,100,100254,100,98943,100
2019-06-28 09:51:40.000000000,99830,352,99560,252,99844,248,99438,248,100037,248,99433,248,100051,100,99373,100,100069,100,99309,100,100076,100,99306,100,100082,100,99160,100,100102,100,99123,100,100178,100,99078,100,100254,100,98943,100
2019-06-28 09:51:50.000000000,99830,647,99560,547,99844,100,99438,100,100037,100,99433,100,100051,100,99373,100,100069,100,99309,100,100076,100,99306,100,100082,100,99160,100,100102,100,99123,100,100178,100,99078,100,100254,100,98943,100
2019-06-28 09:52:00.000000000,99830,289,99560,189,99844,189,99438,189,100037,189,99433,189,100051,189,99373,189,100069,189,99309,189,100076,100,99306,100,100082,100,99160,100,100102,100,99123,100,100178,100,99078,100,100254,100,98943,100
2019-06-28 09:52:10.000000000,99830,647,99560,547,99844,100,99438,100,100037,100,99433,100,100051,100,99373,100,100069,100,99309,100,100076,100,99306,100,100082,100,99160,100,100102,100,99123,100,100178,100,99078,100,100254,100,98943,100
2019-06-28 09:52:16.661034528,99830,647,99560,547,99844,100,99438,100,100037,100,99433,100,100051,100,99373,100,100069,100,99309,100,100076,100,99306,100,100082,100,99160,100,100102,100,99123,100,100103,100,99078,100,100178,100,98943,100
2019-06-28 09:52:20.000000000,99830,289,99560,189,99844,189,99438,189,100037,189,99433,189,100051,189,99373,189,100069,189,99309,189,100076,100,99306,100,100082,100,99160,100,100102,100,99123,100,100103,100,99078,100,100178,100,98943,100
2019-06-28 09:52:30.000000000,99830,289,99560,189,99844,189,99438,189,100037,189,99433,189,100051,189,99373,189,100069,189,99309,189,100076,100,99306,100,100082,100,99160,100,100102,100,99123,100,100103,100,99078,100,100178,100,98943,100
2019-06-28 09:52:40.000000000,99830,289,99560,189,99844,189,99438,189,100037,189,99433,189,100051,189,99373,189,100069,189,99309,189,100076,100,99306,100,100082,100,99160,100,100102,100,99123,100,100103,100,99078,100,100178,100,98943,100
2019-06-28 09:52:46.587697923,99830,289,99560,189,99844,189,99438,189,99918,100,99433,189,100037,189,99373,189,100051,189,99309,189,100069,189,99306,100,100076,100,99160,100,100082,100,99123,100,100102,100,99078,100,100103,100,98943,100
2019-06-28 09:52:50.000000000,99830,424,99560,324,99844,324,99438,324,99918,100,99433,100,100037,100,99373,100,100051,100,99309,100,100069,100,99306,100,100076,100,99160,100,100082,100,99123,100,100102,100,99078,100,100103,100,98943,100
2019-06-28 09:52:52.762225758,99830,424,99582,100,99844,324,99560,324,99918,100,99438,324,100037,100,99433,100,100051,100,99373,100,100069,100,99309,100,100076,100,99306,100,100082,100,99160,100,100102,100,99123,100,100103,100,99078,100
2019-06-28 09:53:00.000000000,99830,424,99582,324,99844,324,99560,324,99918,100,99438,100,100037,100,99433,100,100051,100,99373,100,100069,100,99309,100,100076,100,99306,100,100082,100,99160,100,100102,100,99123,100,100103,100,99078,100
2019-06-28 09:53:10.000000000,99830,312,99582,212,99844,212,99560,212,99918,212,99438,212,100037,212,99433,212,100051,100,99373,100,100069,100,99309,100,100076,100,99306,100,100082,100,99160,100,100102,100,99123,100,100103,100,99078,100
2019-06-28 09:53:20.000000000,99830,289,99582,189,99844,189,99560,189,99918,189,99438,189,100037,189,99433,189,100051,189,99373,189,100069,100,99309,100,100076,100,99306,100,100082,100,99160,100,100102,100,99123,100,100103,100,99078,100
2019-06-28 09:53:30.000000000,99830,312,99582,212,99844,212,99560,212,99918,212,99438,212,100037,212,99433,212,100051,100,99373,100,100069,100,99309,100,100076,100,99306,100,100082,100,99160,100,100102,100,99123,100,100103,100,99078,100
2019-06-28 09:53:40.000000000,99830,647,99582,547,99844,100,99560,100,99918,100,99438,100,100037,100,99433,100,100051,100,99373,100,100069,100,99309,100,100076,100,99306,100,100082,100,99160,100,100102,100,99123,100,100103,100,99078,100
2019-06-28 09:53:50.000000000,99830,424,99582,324,99844,324,99560,324,99918,100,99438,100,100037,100,99433,100,100051,100,99373,100,100069,100,99309,100,100076,100,99306,100,100082,100,99160,100,100102,100,99123,100,100103,100,99078,100
2019-06-28 09:54:00.000000000,99830,352,99582,252,99844,248,99560,248,99918,248,99438,248,100037,100,99433,100,100051,100,99373,100,100069,100,99309,100,100076,100,99306,100,100082,100,99160,100,100102,100,99123,100,100103,100,99078,100
2019-06-28 09:54:02.926346960,99601,100,99582,252,99830,352,99560,248,99844,248,99438,248,99918,248,99433,100,100037,100,99373,100,100051,100,99309,100,100069,100,99306,100,100076,100,99160,100,100082,100,99123,100,100102,100,99078,100
2019-06-28 09:54:04.893791504,99601,100,99582,252,99830,352,99560,248,99844,248,99438,248,99918,248,99433,100,100037,100,99373,100,100051,100,99309,100,100069,100,99306,100,100076,100,99160,100,100082,100,99123,100,100102,100,99078,100
2019-06-28 09:54:05.394994441,99601,200,99582,252,99830,352,99560,248,99844,248,99438,248,99918,248,99433,100,100037,100,99373,100,100051,100,99309,100,100069,100,99306,100,100076,100,99160,100,100082,100,99123,100,100102,100,99078,100
2019-06-28 09:54:05.930721656,99601,300,99582,252,99830,352,99560,248,99844,248,99438,248,99918,248,99433,100,100037,100,99373,100,100069,100,99309,100,100076,100,99306,100,100082,100,99160,100,100102,100,99123,100,100103,100,99078,100
2019-06-28 09:54:10.000000000,99601,412,99582,212,99830,312,99560,212,99844,212,99438,212,99918,212,99433,212,100037,100,99373,100,100069,100,99309,100,100076,100,99306,100,100082,100,99160,100,100102,100,99123,100,100103,100,99078,100
2019-06-28 09:54:20.000000000,99601,389,99582,189,99830,289,99560,189,99844,189,99438,189,99918,189,99433,189,100037,189,99373,189,100069,100,99309,100,100076,100,99306,100,100082,100,99160,100,100102,100,99123,100,100103,100,99078,100
2019-06-28 09:54:26.469477030,99601,389,99582,189,99830,289,99560,189,99844,189,99438,189,99918,189,99433,189,100037,189,99373,189,100069,100,99309,100,100076,100,99306,100,100082,100,99160,100,100102,100,99123,100,100103,100,99078,100
2019-06-28 09:54:30.000000000,99601,412,99582,212,99830,312,99560,212,99844,212,99438,212,99918,212,99433,212,100037,100,99373,100,100069,100,99309,100,100076,100,99306,100,100082,100,99160,100,100102,100,99123,100,100103,100,99078,100
2019-06-28 09:54:40.000000000,99601,412,99582,212,99830,312,99560,212,99844,212,99438,212,99918,212,99433,212,100037,100,99373,100,100069,100,99309,100,100076,100,99306,100,100082,100,99160,100,100102,100,99123,100,100103,100,99078,100
2019-06-28 09:54:50.000000000,99601,412,99582,212,99830,312,99560,212,99844,212,99438,212,99918,212,99433,212,100037,100,99373,100,100069,100,99309,100,100076,100,99306,100,100082,100,99160,100,100102,100,99123,100,100103,100,99078,100
2019-06-28 09:55:00.000000000,99601,412,99582,212,99830,312,99560,212,99844,212,99438,212,99918,212,99433,212,100037,100,99373,100,100069,100,99309,100,100076,100,99306,100,100082,100,99160,100,100102,100,99123,100,100103,100,99078,100
2019-06-28 09:55:03.801513971,99601,412,99582,212,99830,312,99560,212,99844,212,99438,212,99918,212,99433,212,100069,100,99373,100,100076,100,99309,100,100082,100,99306,100,100102,100,99160,100,100103,100,99123,100,100178,100,99078,100
2019-06-28 09:55:10.000000000,99601,524,99582,324,99830,424,99560,324,99844,100,99438,100,99918,100,99433,100,100069,100,99373,100,100076,100,99309,100,100082,100,99306,100,100102,100,99160,100,100103,100,99123,100,100178,100,99078,100
2019-06-28 09:55:20.000000000,99601,747,99582,547,99830,200,99560,100,99844,100,99438,100,99918,100,99433,100,100069,100,99373,100,100076,100,99309,100,100082,100,99306,100,100102,100,99160,100,100103,100,99123,100,100178,100,99078,100
2019-06-28 09:55:20.437604199,99601,847,99582,547,99830,200,99560,100,99844,100,99438,100,99918,100,99433,100,100069,100,99373,100,100076,100,99309,100,100082,100,99306,100,100102,100,99160,100,100103,100,99123,100,100178,100,99078,100
2019-06-28 09:55:30.000000000,99601,624,99582,324,99830,424,99560,324,99844,100,99438,100,99918,100,99433,100,100069,100,99373,100,100076,100,99309,100,100082,100,99306,100,100102,100,99160,100,100103,100,99123,100,100178,100,99078,100
2019-06-28 09:55:30.796323891,99601,724,99582,324,99830,424,99560,324,99844,100,99438,100,99918,100,99433,100,100069,100,99373,100,100076,100,99309,100,100082,100,99306,100,100102,100,99160,100,100103,100,99123,100,100178,100,99078,100
2019-06-28 09:55:39.843224927,99601,724,99582,324,99830,424,99560,324,99844,100,99438,100,99918,100,99433,100,100069,100,99397,100,100076,100,99373,100,100082,100,99309,100,100102,100,99306,100,100103,100,99160,100,100178,100,99123,100
2019-06-28 09:55:40.000000000,99601,947,99582,547,99830,200,99560,100,99844,100,99438,100,99918,100,99433,100,100069,100,99397,100,100076,100,99373,100,100082,100,99309,100,100102,100,99306,100,100103,100,99160,100,100178,100,99123,100
2019-06-28 09:55:50.000000000,99601,589,99582,189,99830,289,99560,189,99844,189,99438,189,99918,189,99433,189,100069,189,99397,189,100076,100,99373,100,100082,100,99309,100,100102,100,99306,100,100103,100,99160,100,100178,100,99123,100
2019-06-28 09:56:00.000000000,99601,589,99582,189,99830,289,99560,189,99844,189,99438,189,99918,189,99433,189,100069,189,99397,189,100076,100,99373,100,100082,100,99309,100,100102,100,99306,100,100103,100,99160,100,100178,100,99123,100
2019-06-28 09:56:00.478765412,99601,589,99582,89,99830,289,99560,189,99844,189,99438,189,99918,189,99433,189,100069,189,99397,189,100076,100,99373,100,100082,100,99309,100,100102,100,99160,100,100103,100,99123,100,100178,100,99078,100
2019-06-28 09:56:10.000000000,99601,589,99560,189,99830,289,99438,189,99844,189,99433,189,99918,189,99397,189,100069,189,99373,189,100076,100,99309,100,100082,100,99160,100,100102,100,99123,100,100103,100,99078,100,100178,100,99026,100
2019-06-28 09:56:20.000000000,99601,612,99560,212,99830,312,99438,212,99844,212,99433,212,99918,212,99397,212,100069,100,99373,100,100076,100,99309,100,100082,100,99160,100,100102,100,99123,100,100103,100,99078,100,100178,100,99026,100
2019-06-28 09:56:20.476029085,99601,612,99560,212,99830,312,99438,212,99844,212,99433,212,99918,212,99397,212,100069,100,99373,100,100076,100,99309,100,100082,100,99160,100,100102,100,99123,100,100103,100,99091,100,100178,100,99078,100
2019-06-28 09:56:27.057504217,99601,612,99560,212,99830,312,99438,212,99844,212,99433,212,99918,212,99397,212,100069,100,99309,100,100076,100,99160,100,100082,100,99123,100,100102,100,99091,100,100103,100,99078,100,100178,100,99026,100
2019-06-28 09:56:30.000000000,99601,724,99560,324,99830,424,99438,324,99844,100,99433,100,99918,100,99397,100,100069,100,99309,100,100076,100,99160,100,100082,100,99123,100,100102,100,99091,100,100103,100,99078,100,100178,100,99026,100
2019-06-28 09:56:36.077440101,99601,724,99560,324,99830,424,99438,324,99844,100,99433,100,99918,100,99397,100,100069,100,99309,100,100076,100,99160,100,100082,100,99123,100,100102,100,99091,100,100103,100,99078,100,100178,100,99026,100
2019-06-28 09:56:40.000000000,99601,589,99560,189,99830,289,99438,189,99844,189,99433,189,99918,189,99397,189,100069,189,99309,189,100076,100,99160,100,100082,100,99123,100,100102,100,99091,100,100103,100,99078,100,100178,100,99026,100
2019-06-28 09:56:42.500076705,99601,589,99560,189,99830,289,99438,189,99844,189,99433,189,99918,189,99397,189,100069,189,99309,189,100076,100,99160,100,100082,100,99123,100,100102,100,99091,100,100103,100,99078,100,100178,100,99026,100
2019-06-28 09:56:50.000000000,99601,652,99560,252,99830,348,99438,248,99844,248,99433,248,99918,100,99397,100,100069,100,99309,100,100076,100,99160,100,100082,100,99123,100,100102,100,99091,100,100103,100,99078,100,100178,100,99026,100
2019-06-28 09:57:00.000000000,99601,724,99560,324,99830,424,99438,324,99844,100,99433,100,99918,100,99397,100,100069,100,99309,100,100076,100,99160,100,100082,100,99123,100,100102,100,99091,100,100103,100,99078,100,100178,100,99026,100
2019-06-28 09:57:02.890851238,99601,724,99560,324,99830,424,99438,324,99844,100,99433,100,99918,100,99397,100,100076,100,99309,100,100082,100,99160,100,100102,100,99123,100,100103,100,99091,100,100178,100,99078,100,100254,100,99026,100
2019-06-28 09:57:04.572117819,99601,724,99560,224,99830,424,99438,324,99844,100,99433,100,99918,100,99397,100,100076,100,99309,100,100082,100,99160,100,100102,100,99123,100,100103,100,99091,100,100178,100,99078,100,100254,100,99026,100
2019-06-28 09:57:10.000000000,99601,947,99438,547,99830,200,99433,100,99844,100,99397,100,99918,100,99309,100,100076,100,99160,100,100082,100,99123,100,100102,100,99091,100,100103,100,99078,100,100178,100,99026,100,100254,100,98985,100
2019-06-28 09:57:11.677080764,99601,947,99438,547,99830,200,99433,100,99844,100,99397,100,99918,100,99309,100,100076,100,99160,100,100082,100,99129,100,100102,100,99123,100,100103,100,99091,100,100178,100,99078,100,100254,100,99026,100
2019-06-28 09:57:20.000000000,99601,589,99438,189,99830,289,99433,189,99844,189,99397,189,99918,189,99309,189,100076,189,99160,189,100082,100,99129,100,100102,100,99123,100,100103,100,99091,100,100178,100,99078,100,100254,100,99026,100
2019-06-28 09:57:29.453020055,99601,589,99438,189,99830,289,99433,189,99844,189,99397,189,99918,189,99309,189,100076,189,99160,189,100082,100,99129,100,100102,100,99123,100,100103,100,99091,100,100178,100,99078,100,100254,100,99056,100
2019-06-28 09:57:30.000000000,99601,652,99438,252,99830,348,99433,248,99844,248,99397,248,99918,100,99309,100,100076,100,99160,100,100082,100,99129,100,100102,100,99123,100,100103,100,99091,100,100178,100,99078,100,100254,100,99056,100
2019-06-28 09:57:40.000000000,99601,589,99438,189,99830,289,99433,189,99844,189,99397,189,99918,189,99309,189,100076,189,99160,189,100082,100,99129,100,100102,100,99123,100,100103,100,99091,100,100178,100,99078,100,100254,100,99056,100
2019-06-28 09:57:46.787880840,99601,589,99438,189,99830,289,99433,189,99844,189,99397,189,99918,189,99309,189,100076,189,99160,189,100082,100,99123,100,100102,100,99091,100,100103,100,99078,100,100178,100,99056,100,100254,100,99026,100
2019-06-28 09:57:47.812179761,99601,589,99438,89,99830,289,99433,189,99844,189,99397,189,99918,189,99309,189,100076,189,99160,189,100082,100,99123,100,100102,100,99091,100,100103,100,99078,100,100178,100,99056,100,100254,100,99026,100
2019-06-28 09:57:50.000000000,99601,589,99433,189,99830,289,99397,189,99844,189,99309,189,99918,189,99160,189,100076,189,99123,189,100082,100,99091,100,100102,100,99078,100,100103,100,99056,100,100178,100,99026,100,100254,100,98985,100
2019-06-28 09:57:51.472505833,99560,100,99433,189,99601,589,99397,189,99830,289,99309,189,99844,189,99160,189,99918,189,99123,189,100076,189,99091,100,100082,100,99078,100,100102,100,99056,100,100103,100,99026,100,100178,100,98985,100
2019-06-28 09:57:55.390421108,99560,100,99433,89,99601,589,99397,189,99830,289,99309,189,99844,189,99160,189,99918,189,99123,189,100076,189,99091,100,100082,100,99078,100,100102,100,99056,100,100178,100,99026,100,100254,100,98985,100
2019-06-28 09:58:00.000000000,99560,252,99397,252,99601,648,99309,248,99830,348,99160,248,99844,100,99123,100,99918,100,99091,100,100076,100,99078,100,100082,100,99056,100,100102,100,99026,100,100178,100,98985,100,100254,100,98940,100
2019-06-28 09:58:10.000000000,99560,189,99397,189,99601,589,99309,189,99830,289,99160,189,99844,189,99123,189,99918,189,99091,189,100076,100,99078,100,100082,100,99056,100,100102,100,99026,100,100178,100,98985,100,100254,100,98940,100
2019-06-28 09:58:20.000000000,99560,547,99397,547,99601,500,99309,100,99830,200,99160,100,99844,100,99123,100,99918,100,99091,100,100076,100,99078,100,100082,100,99056,100,100102,100,99026,100,100178,100,98985,100,100254,100,98940,100
2019-06-28 09:58:30.000000000,99560,212,99397,212,99601,612,99309,212,99830,312,99160,212,99844,212,99123,212,99918,100,99091,100,100076,100,99078,100,100082,100,99056,100,100102,100,99026,100,100178,100,98985,100,100254,100,98940,100
2019-06-28 09:58:40.000000000,99560,547,99397,547,99601,500,99309,100,99830,200,99160,100,99844,100,99123,100,99918,100,99091,100,100076,100,99078,100,100082,100,99056,100,100102,100,99026,100,100178,100,98985,100,100254,100,98940,100
2019-06-28 09:58:40.933050721,99560,547,99397,547,99601,400,99309,100,99830,200,99160,100,99844,100,99123,100,99918,100,99091,100,100076,100,99078,100,100082,100,99056,100,100102,100,99026,100,100178,100,98985,100,100254,100,98940,100
2019-06-28 09:58:50.000000000,99560,252,99397,252,99601,548,99309,248,99830,348,99160,248,99844,100,99123,100,99918,100,99091,100,100076,100,99078,100,100082,100,99056,100,100102,100,99026,100,100178,100,98985,100,100254,100,98940,100
2019-06-28 09:58:50.813120765,99560,252,99397,252,99601,548,99309,248,99830,348,99217,100,99844,100,99160,248,99918,100,99123,100,100076,100,99091,100,100082,100,99078,100,100102,100,99056,100,100178,100,99026,100,100254,100,98985,100
2019-06-28 09:59:00.000000000,99560,547,99397,547,99601,400,99309,100,99830,200,99217,100,99844,100,99160,100,99918,100,99123,100,100076,100,99091,100,100082,100,99078,100,100102,100,99056,100,100178,100,99026,100,100254,100,98985,100
2019-06-28 09:59:10.000000000,99560,547,99397,547,99601,400,99309,100,99830,200,99217,100,99844,100,99160,100,99918,100,99123,100,100076,100,99091,100,100082,100,99078,100,100102,100,99056,100,100178,100,99026,100,100254,100,98985,100
2019-06-28 09:59:20.000000000,99560,189,99397,189,99601,489,99309,189,99830,289,99217,189,99844,189,99160,189,99918,189,99123,189,100076,100,99091,100,100082,100,99078,100,100102,100,99056,100,100178,100,99026,100,100254,100,98985,100
2019-06-28 09:59:24.184967085,99530,100,99397,89,99560,189,99309,189,99601,489,99217,189,99830,289,99160,189,99844,189,99123,189,99918,189,99091,100,100076,100,99078,100,100082,100,99056,100,100102,100,99026,100,100178,100,98985,100
2019-06-28 09:59:30.000000000,99530,547,99309,547,99560,100,99217,100,99601,400,99160,100,99830,200,99123,100,99844,100,99091,100,99918,100,99078,100,100076,100,99056,100,100082,100,99026,100,100102,100,98985,100,100178,100,98940,100
2019-06-28 09:59:40.000000000,99530,547,99309,547,99560,100,99217,100,99601,400,99160,100,99830,200,99123,100,99844,100,99091,100,99918,100,99078,100,100076,100,99056,100,100082,100,99026,100,100102,100,98985,100,100178,100,98940,100
2019-06-28 09:59:50.000000000,99530,212,99309,212,99560,212,99217,212,99601,512,99160,212,99830,312,99123,212,99844,100,99091,100,99918,100,99078,100,100076,100,99056,100,100082,100,99026,100,100102,100,98985,100,100178,100,98940,100
2019-06-28 09:59:55.046790098,99530,212,99512,100,99560,212,99309,212,99601,512,99217,212,99830,312,99160,212,99844,100,99123,212,99918,100,99091,100,100076,100,99078,100,100082,100,99056,100,100102,100,99026,100,100178,100,98985,100
2019-06-28 10:00:00.000000000,99530,547,99512,547,99560,100,99309,100,99601,400,99217,100,99830,200,99160,100,99844,100,99123,100,99918,100,99091,100,100076,100,99078,100,100082,100,99056,100,100102,100,99026,100,100178,100,98985,100
2019-06-28 10:00:01.950770863,99530,547,99512,547,99560,100,99439,100,99601,400,99309,100,99830,200,99217,100,99844,100,99160,100,100076,100,99123,100,100082,100,99091,100,100102,100,99078,100,100178,100,99056,100,100254,100,99026,100
2019-06-28 10:00:10.000000000,99530,252,99512,252,99560,248,99439,248,99601,548,99309,248,99830,200,99217,100,99844,100,99160,100,100076,100,99123,100,100082,100,99091,100,100102,100,99078,100,100178,100,99056,100,100254,100,99026,100
2019-06-28 10:00:20.000000000,99530,547,99512,547,99560,100,99439,100,99601,400,99309,100,99830,200,99217,100,99844,100,99160,100,100076,100,99123,100,100082,100,99091,100,100102,100,99078,100,100178,100,99056,100,100254,100,99026,100
2019-06-28 10:00:30.000000000,99530,324,99512,324,99560,324,99439,324,99601,400,99309,100,99830,200,99217,100,99844,100,99160,100,100076,100,99123,100,100082,100,99091,100,100102,100,99078,100,100178,100,99056,100,100254,100,99026,100
2019-06-28 10:00:40.000000000,99530,212,99512,212,99560,212,99439,212,99601,512,99309,212,99830,312,99217,212,99844,100,99160,100,100076,100,99123,100,100082,100,99091,100,100102,100,99078,100,100178,100,99056,100,100254,100,99026,100
2019-06-28 10:00:50.000000000,99530,189,99512,189,99560,189,99439,189,99601,489,99309,189,99830,289,99217,189,99844,189,99160,189,100076,100,99123,100,100082,100,99091,100,100102,100,99078,100,100178,100,99056,100,100254,100,99026,100
2019-06-28 10:00:52.408435599,99530,189,99512,189,99560,189,99439,189,99601,489,99309,189,99830,289,99217,189,99844,189,99160,189,99917,100,99123,100,100076,100,99091,100,100082,100,99078,100,100102,100,99056,100,100178,100,99026,100
2019-06-28 10:00:55.941859635,99530,189,99512,189,99560,189,99439,189,99601,489,99309,189,99830,289,99217,189,99844,189,99160,189,99917,100,99123,100,99945,100,99091,100,100076,100,99078,100,100082,100,99056,100,100102,100,99026,100
2019-06-28 10:01:00.000000000,99530,324,99512,324,99560,324,99439,324,99601,400,99309,100,99830,200,99217,100,99844,100,99160,100,99917,100,99123,100,99945,100,99091,100,100076,100,99078,100,100082,100,99056,100,100102,100,99026,100
2019-06-28 10:01:10.000000000,99530,252,99512,252,99560,248,99439,248,99601,548,99309,248,99830,200,99217,100,99844,100,99160,100,99917,100,99123,100,99945,100,99091,100,100076,100,99078,100,100082,100,99056,100,100102,100,99026,100
2019-06-28 10:01:12.873101672,99530,152,99512,252,99560,248,99439,248,99601,548,99309,248,99830,200,99217,100,99844,100,99160,100,99917,100,99123,100,99945,100,99091,100,100076,100,99078,100,100082,100,99056,100,100102,100,99026,100
2019-06-28 10:01:20.000000000,99560,189,99512,189,99601,489,99439,189,99830,289,99309,189,99844,189,99217,189,99917,189,99160,189,99945,100,99123,100,100076,100,99091,100,100082,100,99078,100,100102,100,99056,100,100178,100,99026,100
2019-06-28 10:01:30.000000000,99560,324,99512,324,99601,624,99439,324,99830,200,99309,100,99844,100,99217,100,99917,100,99160,100,99945,100,99123,100,100076,100,99091,100,100082,100,99078,100,100102,100,99056,100,100178,100,99026,100
2019-06-28 10:01:40.000000000,99560,189,99512,189,99601,489,99439,189,99830,289,99309,189,99844,189,99217,189,99917,189,99160,189,99945,100,99123,100,100076,100,99091,100,100082,100,99078,100,100102,100,99056,100,100178,100,99026,100
2019-06-28 10:01:50.000000000,99560,189,99512,189,99601,489,99439,189,99830,289,99309,189,99844,189,99217,189,99917,189,99160,189,99945,100,99123,100,100076,100,99091,100,100082,100,99078,100,100102,100,99056,100,100178,100,99026,100
2019-06-28 10:02:00.000000000,99560,189,99512,189,99601,489,99439,189,99830,289,99309,189,99844,189,99217,189,99917,189,99160,189,99945,100,99123,100,100076,100,99091,100,100082,100,99078,100,100102,100,99056,100,100178,100,99026,100
2019-06-28 10:02:10.000000000,99560,212,99512,212,99601,512,99439,212,99830,312,99309,212,99844,212,99217,212,99917,100,99160,100,99945,100,99123,100,100076,100,99091,100,100082,100,99078,100,100102,100,99056,100,100178,100,99026,100
2019-06-28 10:02:20.000000000,99560,324,99512,324,99601,624,99439,324,99830,200,99309,100,99844,100,99217,100,99917,100,99160,100,99945,100,99123,100,100076,100,99091,100,100082,100,99078,100,100102,100,99056,100,100178,100,99026,100
2019-06-28 10:02:30.000000000,99560,252,99512,252,99601,548,99439,248,99830,348,99309,248,99844,100,99217,100,99917,100,99160,100,99945,100,99123,100,100076,100,99091,100,100082,100,99078,100,100102,100,99056,100,100178,100,99026,100
2019-06-28 10:02:37.753171208,99529,100,99512,252,99560,252,99439,248,99601,548,99309,248,99830,348,99217,100,99917,100,99160,100,99945,100,99123,100,100076,100,99091,100,100082,100,99078,100,100102,100,99056,100,100178,100,99026,100
2019-06-28 10:02:40.000000000,99529,212,99512,212,99560,212,99439,212,99601,512,99309,212,99830,312,99217,212,99917,100,99160,100,99945,100,99123,100,100076,100,99091,100,100082,100,99078,100,100102,100,99056,100,100178,100,99026,100
2019-06-28 10:02:50.000000000,99529,324,99512,324,99560,324,99439,324,99601,400,99309,100,99830,200,99217,100,99917,100,99160,100,99945,100,99123,100,100076,100,99091,100,100082,100,99078,100,100102,100,99056,100,100178,100,99026,100
2019-06-28 10:02:55.786011901,99529,424,99512,324,99560,324,99439,324,99601,400,99309,100,99830,200,99217,100,99917,100,99160,100,99945,100,99123,100,100076,100,99091,100,100082,100,99078,100,100102,100,99056,100,100178,100,99026,100
2019-06-28 10:03:00.000000000,99529,289,99512,189,99560,189,99439,189,99601,489,99309,189,99830,289,99217,189,99917,189,99160,189,99945,100,99123,100,100076,100,99091,100,100082,100,99078,100,100102,100,99056,100,100178,100,99026,100
2019-06-28 10:03:10.000000000,99529,424,99512,324,99560,324,99439,324,99601,400,99309,100,99830,200,99217,100,99917,100,99160,100,99945,100,99123,100,100076,100,99091,100,100082,100,99078,100,100102,100,99056,100,100178,100,99026,100
2019-06-28 10:03:10.707279481,99529,424,99512,324,99560,324,99439,324,99601,400,99309,100,99830,200,99217,100,99917,100,99160,100,99945,100,99123,100,100076,100,99091,100,100082,100,99078,100,100102,100,99056,100,100178,100,99026,100
2019-06-28 10:03:20.000000000,99529,352,99512,252,99560,248,99439,248,99601,548,99309,248,99830,200,99217,100,99917,100,99160,100,99945,100,99123,100,100076,100,99091,100,100082,100,99078,100,100102,100,99056,100,100178,100,99026,100
2019-06-28 10:03:20.769806502,99529,352,99512,252,99560,248,99439,248,99601,448,99309,248,99830,200,99217,100,99917,100,99160,100,99945,100,99123,100,100076,100,99091,100,100082,100,99078,100,100102,100,99056,100,100178,100,99026,100
2019-06-28 10:03:30.000000000,99529,289,99512,189,99560,189,99439,189,99601,389,99309,189,99830,289,99217,189,99917,189,99160,189,99945,100,99123,100,100076,100,99091,100,100082,100,99078,100,100102,100,99056,100,100178,100,99026,100
2019-06-28 10:03:40.000000000,99529,647,99512,547,99560,100,99439,100,99601,300,99309,100,99830,200,99217,100,99917,100,99160,100,99945,100,99123,100,100076,100,99091,100,100082,100,99078,100,100102,100,99056,100,100178,100,99026,100
2019-06-28 10:03:49.858474280,99529,647,99512,547,99560,100,99439,100,99601,300,99309,100,99830,200,99217,100,99917,100,99160,100,99945,100,99123,100,100076,100,99091,100,100082,100,99056,100,100102,100,99026,100,100178,100,98985,100
2019-06-28 10:03:50.000000000,99529,647,99512,547,99560,100,99439,100,99601,300,99309,100,99830,200,99217,100,99917,100,99160,100,99945,100,99123,100,100076,100,99091,100,100082,100,99056,100,100102,100,99026,100,100178,100,98985,100
2019-06-28 10:03:51.682115371,99529,647,99512,547,99560,100,99439,100,99601,300,99309,100,99830,200,99217,100,99917,100,99160,100,99945,100,99123,100,100076,100,99091,100,100082,100,99056,100,100102,100,98985,100,100178,100,98940,100
2019-06-28 10:03:58.152544358,99529,647,99512,547,99560,100,99439,100,99601,300,99309,100,99830,100,99217,100,99917,100,99160,100,99945,100,99123,100,100076,100,99091,100,100082,100,99056,100,100102,100,98985,100,100178,100,98940,100
2019-06-28 10:04:00.000000000,99529,289,99512,189,99560,189,99439,189,99601,389,99309,189,99830,189,99217,189,99917,189,99160,189,99945,100,99123,100,100076,100,99091,100,100082,100,99056,100,100102,100,98985,100,100178,100,98940,100
2019-06-28 10:04:10.000000000,99529,312,99512,212,99560,212,99439,212,99601,412,99309,212,99830,212,99217,212,99917,100,99160,100,99945,100,99123,100,100076,100,99091,100,100082,100,99056,100,100102,100,98985,100,100178,100,98940,100
2019-06-28 10:04:10.804815424,99529,312,99512,212,99560,212,99439,212,99601,412,99309,212,99830,212,99217,212,99917,100,99160,100,99945,100,99123,100,100076,100,99091,100,100082,100,99056,100,100102,100,98985,100,100178,100,98940,100
2019-06-28 10:04:20.000000000,99529,289,99512,189,99560,189,99439,189,99601,389,99309,189,99830,189,99217,189,99917,189,99160,189,99945,100,99123,100,100076,100,99091,100,100082,100,99056,100,100102,100,98985,100,100178,100,98940,100
2019-06-28 10:04:30.000000000,99529,352,99512,252,99560,248,99439,248,99601,448,99309,248,99830,100,99217,100,99917,100,99160,100,99945,100,99123,100,100076,100,99091,100,100082,100,99056,100,100102,100,98985,100,100178,100,98940,100
2019-06-28 10:04:40.000000000,99529,352,99512,252,99560,248,99439,248,99601,448,99309,248,99830,100,99217,100,99917,100,99160,100,99945,100,99123,100,100076,100,99091,100,100082,100,99056,100,100102,100,98985,100,100178,100,98940,100
2019-06-28 10:04:41.469213810,99529,352,99512,252,99560,248,99439,248,99601,448,99309,248,99917,100,99217,100,99945,100,99160,100,100076,100,99123,100,100082,100,99091,100,100102,100,99056,100,100178,100,98985,100,100254,100,98940,100
2019-06-28 10:04:43.766174968,99529,452,99512,252,99560,248,99439,248,99601,448,99309,248,99917,100,99217,100,99945,100,99160,100,100076,100,99123,100,100082,100,99091,100,100102,100,99056,100,100178,100,98985,100,100254,100,98940,100
2019-06-28 10:04:50.000000000,99529,747,99512,547,99560,100,99439,100,99601,300,99309,100,99917,100,99217,100,99945,100,99160,100,100076,100,99123,100,100082,100,99091,100,100102,100,99056,100,100178,100,98985,100,100254,100,98940,100
2019-06-28 10:04:50.400911035,99529,747,99512,547,99560,100,99439,100,99601,300,99309,100,99917,100,99217,100,99945,100,99160,100,100076,100,99123,100,100082,100,99091,100,100102,100,99056,100,100178,100,98985,100,100254,100,98940,100
2019-06-28 10:04:56.569382346,99529,747,99512,547,99560,100,99439,100,99601,300,99309,100,99917,100,99217,100,99945,100,99160,100,100076,100,99123,100,100082,100,99091,100,100102,100,99056,100,100178,100,98985,100,100254,100,98940,100
2019-06-28 10:05:00.000000000,99529,524,99512,324,99560,324,99439,324,99601,300,99309,100,99917,100,99217,100,99945,100,99160,100,100076,100,99123,100,100082,100,99091,100,100102,100,99056,100,100178,100,98985,100,100254,100,98940,100
2019-06-28 10:05:07.026029777,99529,524,99512,324,99560,324,99439,324,99601,300,99309,100,99917,100,99217,100,99945,100,99160,100,100076,100,99123,100,100082,100,99091,100,100178,100,99056,100,100254,100,98985,100,100259,100,98940,100
2019-06-28 10:05:10.000000000,99529,524,99512,324,99560,324,99439,324,99601,300,99309,100,99917,100,99217,100,99945,100,99160,100,100076,100,99123,100,100082,100,99091,100,100178,100,99056,100,100254,100,98985,100,100259,100,98940,100
2019-06-28 10:05:20.000000000,99529,412,99512,212,99560,212,99439,212,99601,412,99309,212,99917,212,99217,212,99945,100,99160,100,100076,100,99123,100,100082,100,99091,100,100178,100,99056,100,100254,100,98985,100,100259,100,98940,100
2019-06-28 10:05:30.000000000,99529,452,99512,252,99560,248,99439,248,99601,448,99309,248,99917,100,99217,100,99945,100,99160,100,100076,100,99123,100,100082,100,99091,100,100178,100,99056,100,100254,100,98985,100,100259,100,98940,100
2019-06-28 10:05:37.892270945,99529,552,99512,252,99560,248,99439,248,99601,448,99309,248,99917,100,99217,100,99945,100,99160,100,100076,100,99123,100,100082,100,99091,100,100178,100,99056,100,100254,100,98985,100,100259,100,98940,100
2019-06-28 10:05:40.000000000,99529,847,99512,547,99560,100,99439,100,99601,300,99309,100,99917,100,99217,100,99945,100,99160,100,100076,100,99123,100,100082,100,99091,100,100178,100,99056,100,100254,100,98985,100,100259,100,98940,100
2019-06-28 10:05:50.000000000,99529,552,99512,252,99560,248,99439,248,99601,448,99309,248,99917,100,99217,100,99945,100,99160,100,100076,100,99123,100,100082,100,99091,100,100178,100,99056,100,100254,100,98985,100,100259,100,98940,100
2019-06-28 10:06:00.000000000,99529,847,99512,547,99560,100,99439,100,99601,300,99309,100,99917,100,99217,100,99945,100,99160,100,100076,100,99123,100,100082,100,99091,100,100178,100,99056,100,100254,100,98985,100,100259,100,98940,100
2019-06-28 10:06:10.000000000,99529,624,99512,324,99560,324,99439,324,99601,300,99309,100,99917,100,99217,100,99945,100,99160,100,100076,100,99123,100,100082,100,99091,100,100178,100,99056,100,100254,100,98985,100,100259,100,98940,100
2019-06-28 10:06:18.066772431,99529,624,99512,324,99560,324,99439,324,99601,300,99309,100,99917,100,99217,100,99945,100,99160,100,100076,100,99123,100,100082,100,99091,100,100178,100,99056,100,100254,100,98985,100,100259,100,98984,100
2019-06-28 10:06:20.000000000,99529,489,99512,189,99560,189,99439,189,99601,389,99309,189,99917,189,99217,189,99945,189,99160,189,100076,100,99123,100,100082,100,99091,100,100178,100,99056,100,100254,100,98985,100,100259,100,98984,100
2019-06-28 10:06:27.916828234,99529,589,99512,189,99560,189,99439,189,99601,389,99309,189,99917,189,99217,189,99945,189,99160,189,100076,100,99123,100,100082,100,99091,100,100178,100,99056,100,100254,100,98985,100,100259,100,98984,100
2019-06-28 10:06:30.000000000,99529,589,99512,189,99560,189,99439,189,99601,389,99309,189,99917,189,99217,189,99945,189,99160,189,100076,100,99123,100,100082,100,99091,100,100178,100,99056,100,100254,100,98985,100,100259,100,98984,100
2019-06-28 10:06:40.000000000,99529,589,99512,189,99560,189,99439,189,99601,389,99309,189,99917,189,99217,189,99945,189,99160,189,100076,100,99123,100,100082,100,99091,100,100178,100,99056,100,100254,100,98985,100,100259,100,98984,100
2019-06-28 10:06:44.777172014,99529,589,99512,189,99560,189,99439,189,99601,389,99309,189,99917,89,99217,189,99945,189,99160,189,100076,100,99123,100,100082,100,99091,100,100178,100,99056,100,100254,100,98985,100,100259,100,98984,100
2019-06-28 10:06:46.171482815,99529,589,99512,189,99560,189,99439,189,99601,389,99309,189,99917,89,99217,189,99945,189,99160,189,100076,100,99123,100,100082,100,99091,100,100178,100,99056,100,100254,100,99050,100,100259,100,98985,100
2019-06-28 10:06:50.000000000,99529,947,99512,547,99560,100,99439,100,99601,300,99309,100,99945,100,99217,100,100076,100,99160,100,100082,100,99123,100,100178,100,99091,100,100254,100,99056,100,100259,100,99050,100,100324,100,98985,100
2019-06-28 10:06:57.935920401,99529,847,99512,547,99560,100,99439,100,99601,300,99309,100,99945,100,99217,100,100076,100,99160,100,100082,100,99123,100,100178,100,99091,100,100254,100,99056,100,100259,100,99050,100,100324,100,98985,100
2019-06-28 10:07:00.000000000,99529,847,99512,547,99560,100,99439,100,99601,300,99309,100,99945,100,99217,100,100076,100,99160,100,100082,100,99123,100,100178,100,99091,100,100254,100,99056,100,100259,100,99050,100,100324,100,98985,100
2019-06-28 10:07:03.925942563,99529,847,99512,547,99560,100,99439,100,99601,300,99309,100,99945,100,99217,100,100076,100,99160,100,100082,100,99123,100,100178,100,99056,100,100254,100,99050,100,100259,100,98985,100,100324,100,98984,100
2019-06-28 10:07:05.551832629,99529,847,99512,447,99560,100,99439,100,99601,300,99309,100,99945,100,99217,100,100076,100,99160,100,100082,100,99123,100,100178,100,99056,100,100254,100,99050,100,100259,100,98985,100,100324,100,98984,100
2019-06-28 10:07:10.000000000,99529,512,99439,212,99560,212,99309,212,99601,412,99217,212,99945,212,99160,212,100076,100,99123,100,100082,100,99056,100,100178,100,99050,100,100254,100,98985,100,100259,100,98984,100,100324,100,98940,100
2019-06-28 10:07:11.183962323,99528,100,99439,212,99529,412,99309,212,99560,212,99217,212,99601,412,99160,212,99945,212,99123,100,100076,100,99056,100,100082,100,99050,100,100178,100,98985,100,100254,100,98984,100,100259,100,98940,100
2019-06-28 10:07:20.000000000,99528,547,99439,547,99529,300,99309,100,99560,100,99217,100,99601,300,99160,100,99945,100,99123,100,100076,100,99056,100,100082,100,99050,100,100178,100,98985,100,100254,100,98984,100,100259,100,98940,100
2019-06-28 10:07:28.660672148,99528,547,99439,547,99529,300,99309,100,99560,100,99217,100,99601,300,99171,100,99945,100,99160,100,100076,100,99123,100,100082,100,99056,100,100178,100,99050,100,100254,100,98985,100,100259,100,98984,100
2019-06-28 10:07:30.000000000,99528,189,99439,189,99529,389,99309,189,99560,189,99217,189,99601,389,99171,189,99945,189,99160,189,100076,100,99123,100,100082,100,99056,100,100178,100,99050,100,100254,100,98985,100,100259,100,98984,100
2019-06-28 10:07:38.733726905,99528,289,99439,189,99529,389,99309,189,99560,189,99217,189,99601,389,99171,189,99945,189,99160,189,100076,100,99123,100,100082,100,99056,100,100178,100,99050,100,100254,100,98985,100,100259,100,98984,100
2019-06-28 10:07:40.000000000,99528,312,99439,212,99529,412,99309,212,99560,212,99217,212,99601,412,99171,212,99945,100,99160,100,100076,100,99123,100,100082,100,99056,100,100178,100,99050,100,100254,100,98985,100,100259,100,98984,100
2019-06-28 10:07:42.755559901,99528,312,99439,212,99529,412,99309,212,99560,212,99217,212,99601,412,99171,212,99945,100,99160,100,100076,100,99123,100,100082,100,99111,100,100178,100,99056,100,100254,100,99050,100,100259,100,98985,100
2019-06-28 10:07:43.308271291,99528,312,99439,112,99529,412,99309,112,99560,212,99217,212,99601,412,99171,212,99945,100,99160,100,100076,100,99123,100,100082,100,99111,100,100178,100,99056,100,100254,100,99050,100,100259,100,98985,100
2019-06-28 10:07:47.004103089,99528,312,99439,12,99529,412,99309,112,99560,212,99217,212,99601,412,99171,212,99945,100,99160,100,100076,100,99123,100,100082,100,99111,100,100178,100,99056,100,100254,100,99050,100,100259,100,98985,100
2019-06-28 10:07:50.000000000,99528,424,99217,324,99529,524,99171,324,99560,100,99160,100,99601,300,99123,100,99945,100,99111,100,100076,100,99056,100,100082,100,99050,100,100178,100,98985,100,100254,100,98984,100,100259,100,98940,100
2019-06-28 10:07:52.531468141,99439,100,99217,324,99528,424,99171,324,99529,524,99160,100,99560,100,99123,100,99601,300,99111,100,99945,100,99056,100,100076,100,99050,100,100082,100,98985,100,100178,100,98984,100,100254,100,98940,100
2019-06-28 10:07:52.736570960,99439,100,99217,324,99528,424,99171,324,99529,524,99160,100,99560,100,99123,100,99601,300,99111,100,99945,100,99056,100,100076,100,99050,100,100082,100,99011,100,100178,100,98985,100,100254,100,98984,100
2019-06-28 10:08:00.000000000,99439,189,99217,189,99528,289,99171,189,99529,389,99160,189,99560,189,99123,189,99601,389,99111,189,99945,100,99056,100,100076,100,99050,100,100082,100,99011,100,100178,100,98985,100,100254,100,98984,100
2019-06-28 10:08:01.514280753,99439,189,99217,189,99528,289,99171,189,99529,289,99160,189,99560,189,99123,189,99601,389,99111,189,99945,100,99056,100,100076,100,99050,100,100082,100,99011,100,100178,100,98985,100,100254,100,98984,100
