,ask_price_1,ask_size_1,bid_price_1,bid_size_1,ask_price_2,ask_size_2,bid_price_2,bid_size_2,ask_price_3,ask_size_3,bid_price_3,bid_size_3,ask_price_4,ask_size_4,bid_price_4,bid_size_4,ask_price_5,ask_size_5,bid_price_5,bid_size_5,ask_price_6,ask_size_6,bid_price_6,bid_size_6,ask_price_7,ask_size_7,bid_price_7,bid_size_7,ask_price_8,ask_size_8,bid_price_8,bid_size_8,ask_price_9,ask_size_9,bid_price_9,bid_size_9,ask_price_10,ask_size_10,bid_price_10,bid_size_10
2019-06-28 09:30:00.000000000,,,99881,100,,,,,,,,,,,,,,,,,,,,,,,,,,,,,,,,,,,,
2019-06-28 09:30:00.000000002,99990,100,99881,100,,,,,,,,,,,,,,,,,,,,,,,,,,,,,,,,,,,,
2019-06-28 09:30:00.000000006,99990,100,99881,100,100138,100,,,100140,100,,,,,,,,,,,,,,,,,,,,,,,,,,,,,,
2019-06-28 09:30:00.000000007,99990,100,99904,100,100138,100,99881,100,100140,100,,,,,,,,,,,,,,,,,,,,,,,,,,,,,,
2019-06-28 09:30:00.000000008,100138,100,99958,100,100140,100,99904,100,,,99881,100,,,,,,,,,,,,,,,,,,,,,,,,,,,,
2019-06-28 09:30:00.000000009,100035,100,100012,100,100108,100,99958,100,100114,100,99904,100,100138,100,99881,100,100140,100,,,,,,,,,,,,,,,,,,,,,,
2019-06-28 09:30:00.000000012,100108,100,100012,100,100114,100,99983,100,100138,100,99958,100,100140,100,99904,100,,,99881,100,,,,,,,,,,,,,,,,,,,,
2019-06-28 09:30:00.000000016,100108,100,100012,100,100114,100,99990,100,100138,100,99983,100,100140,100,99958,100,,,99904,100,,,99881,100,,,,,,,,,,,,,,,,
2019-06-28 09:30:00.000000017,100108,100,100012,100,100114,100,99990,100,100138,100,99983,100,100140,100,99958,100,,,99904,100,,,99884,100,,,99881,100,,,,,,,,,,,,
2019-06-28 09:30:00.000000018,100108,100,100012,100,100114,100,99990,100,100138,100,99983,100,100140,100,99975,100,,,99958,100,,,99904,100,,,99885,100,,,99884,100,,,99881,100,,,,
2019-06-28 09:30:00.000000020,100043,100,100012,100,100108,100,99990,100,100114,100,99983,100,100138,100,99975,100,100140,100,99958,100,,,99904,100,,,99885,100,,,99884,100,,,99881,100,,,,
2019-06-28 09:30:00.000000022,100043,100,100012,100,100093,100,99990,100,100108,100,99983,100,100114,100,99975,100,100138,100,99958,100,100140,100,99904,100,,,99885,100,,,99884,100,,,99881,100,,,,
2019-06-28 09:30:00.000000023,100043,100,99990,100,100093,100,99983,100,100108,100,99975,100,100114,100,99958,100,100138,100,99904,100,100140,100,99885,100,,,99884,100,,,99881,100,,,,,,,,
2019-06-28 09:30:00.000000024,100035,100,99990,100,100043,100,99983,100,100093,100,99975,100,100108,100,99958,100,100114,100,99904,100,100138,100,99885,100,100140,100,99884,100,,,99881,100,,,,,,,,
2019-06-28 09:30:00.000000025,100035,100,99990,100,100043,100,99983,100,100093,100,99975,100,100108,100,99967,100,100114,100,99958,100,100138,100,99904,100,100140,100,99885,100,,,99884,100,,,99881,100,,,,
2019-06-28 09:30:00.000000026,100035,100,99990,100,100043,100,99983,100,100093,100,99975,100,100108,100,99967,100,100114,100,99958,100,100129,100,99904,100,100138,100,99885,100,100140,100,99884,100,,,99881,100,,,,
2019-06-28 09:30:00.000000027,100035,100,99993,100,100043,100,99990,100,100093,100,99983,100,100108,100,99975,100,100114,100,99967,100,100129,100,99958,100,100138,100,99943,100,100140,100,99904,100,,,99885,100,,,99884,100
2019-06-28 09:30:00.000000028,100035,100,99993,100,100043,100,99990,100,100093,100,99983,100,100108,100,99975,100,100114,100,99967,100,100129,100,99958,100,100138,100,99943,100,100140,100,99904,100,,,99892,100,,,99885,100
2019-06-28 09:30:00.000000030,100034,100,99993,100,100035,100,99990,100,100043,100,99983,100,100093,100,99975,100,100108,100,99967,100,100114,100,99958,100,100129,100,99943,100,100138,100,99904,100,100140,100,99892,100,,,99885,100
2019-06-28 09:30:00.000000035,100034,100,99993,100,100035,100,99990,100,100043,100,99983,100,100064,100,99975,100,100093,100,99967,100,100108,100,99958,100,100114,100,99943,100,100129,100,99904,100,100138,100,99892,100,100140,100,99885,100
2019-06-28 09:30:00.000000039,100034,100,99993,100,100035,200,99990,200,100043,100,99983,100,100064,100,99975,100,100093,100,99967,100,100108,100,99958,100,100114,100,99943,100,100129,100,99904,100,100138,100,99892,100,100140,100,99885,100
2019-06-28 09:30:00.000000040,100034,100,99990,200,100035,200,99983,100,100043,100,99975,100,100064,100,99967,100,100093,100,99958,100,100108,100,99943,100,100114,100,99904,100,100129,100,99892,100,100138,100,99885,100,100140,100,99884,100
2019-06-28 09:30:00.000000042,100034,100,99990,200,100035,200,99983,100,100043,100,99975,100,100064,100,99967,100,100093,100,99958,100,100105,100,99943,100,100108,100,99904,100,100114,100,99892,100,100129,100,99885,100,100138,100,99884,100
2019-06-28 09:30:00.000000043,100012,100,99990,200,100034,100,99983,100,100035,200,99975,100,100043,100,99967,100,100064,100,99958,100,100093,100,99943,100,100105,100,99904,100,100108,100,99892,100,100114,100,99885,100,100129,100,99884,100
2019-06-28 09:30:00.000000045,100012,100,99990,200,100034,100,99983,100,100035,200,99975,100,100043,100,99974,100,100064,100,99967,100,100093,100,99958,100,100105,100,99943,100,100108,100,99904,100,100114,100,99892,100,100129,100,99885,100
2019-06-28 09:30:00.000000049,100012,200,99990,200,100034,100,99983,100,100035,200,99975,100,100043,100,99974,100,100064,100,99967,100,100093,100,99958,100,100105,100,99943,100,100108,100,99904,100,100114,100,99892,100,100129,100,99885,100
2019-06-28 09:30:00.000000051,100012,200,99993,100,100034,100,99990,200,100035,200,99983,100,100043,100,99975,100,100064,100,99974,100,100093,100,99967,100,100105,100,99958,100,100108,100,99943,100,100114,100,99904,100,100129,100,99892,100
2019-06-28 09:30:00.000000061,100012,200,99993,200,100034,100,99990,200,100035,200,99983,100,100043,100,99975,100,100064,100,99974,100,100093,100,99967,100,100105,100,99958,100,100108,100,99943,100,100114,100,99904,100,100129,100,99892,100
2019-06-28 09:30:00.000000062,100012,200,99993,200,100034,100,99990,200,100035,200,99983,100,100043,100,99975,100,100064,100,99974,100,100093,100,99967,100,100105,100,99958,200,100108,100,99943,100,100114,100,99904,100,100129,100,99892,100
2019-06-28 09:30:00.000000066,100012,200,99993,200,100034,100,99990,200,100035,200,99983,100,100043,100,99975,100,100064,100,99974,100,100091,100,99967,100,100093,100,99958,200,100105,100,99943,100,100108,100,99933,100,100114,100,99904,100
2019-06-28 09:30:00.000000071,100012,200,99993,200,100034,100,99990,200,100035,200,99983,100,100043,100,99975,100,100064,100,99974,100,100091,100,99972,100,100093,100,99967,100,100105,100,99958,200,100108,100,99943,100,100114,100,99933,100
2019-06-28 09:30:00.000000072,100012,200,99993,300,100034,100,99990,200,100035,200,99983,100,100043,100,99975,100,100064,100,99974,100,100091,100,99972,100,100093,100,99967,100,100105,100,99958,200,100108,100,99943,100,100114,100,99933,100
2019-06-28 09:30:00.000000073,100012,300,99993,300,100034,100,99990,200,100035,200,99983,100,100043,100,99975,100,100064,100,99974,100,100091,100,99972,100,100093,100,99967,100,100105,100,99963,100,100108,100,99958,200,100114,100,99943,100
2019-06-28 09:30:00.000000074,100012,300,99993,300,100034,100,99990,200,100035,300,99983,100,100043,100,99975,100,100064,100,99974,100,100091,100,99972,100,100093,100,99967,100,100105,100,99963,100,100108,100,99958,200,100114,100,99943,100
2019-06-28 09:30:00.000000077,100012,300,99993,300,100034,100,99990,200,100035,300,99983,100,100043,100,99975,100,100064,100,99974,100,100091,100,99972,100,100093,100,99967,100,100105,100,99963,100,100108,100,99958,200,100114,100,99943,100
2019-06-28 09:30:00.000000079,100012,300,99993,200,100034,100,99990,200,100035,300,99983,100,100043,100,99975,100,100064,100,99974,100,100072,100,99972,100,100091,100,99967,100,100093,100,99963,100,100105,100,99958,200,100108,100,99943,100
2019-06-28 09:30:00.000000083,100012,300,99994,100,100034,100,99993,200,100035,300,99990,200,100043,100,99983,100,100064,100,99975,100,100072,100,99974,100,100091,100,99972,100,100093,100,99967,100,100105,100,99963,100,100108,100,99958,200
2019-06-28 09:30:00.000000090,100012,300,99994,100,100034,100,99993,200,100035,300,99990,200,100043,100,99983,100,100064,100,99975,100,100072,100,99974,100,100091,100,99972,100,100093,100,99967,100,100105,100,99963,100,100108,100,99958,200
2019-06-28 09:30:00.000000091,100012,300,100004,100,100034,100,99994,100,100035,300,99993,200,100043,100,99990,200,100064,100,99983,100,100072,100,99975,100,100091,100,99974,100,100093,100,99972,100,100105,100,99967,100,100108,100,99963,100
2019-06-28 09:30:00.000000093,100012,300,100004,100,100023,100,99994,100,100034,100,99993,200,100035,300,99990,200,100043,100,99983,100,100064,100,99975,100,100072,100,99974,100,100091,100,99972,100,100093,100,99967,100,100105,100,99963,100
2019-06-28 09:30:00.000000094,100012,300,99994,100,100023,100,99993,200,100034,100,99990,200,100035,300,99983,100,100043,100,99975,100,100064,100,99974,100,100072,100,99972,100,100091,100,99967,100,100093,100,99963,100,100105,100,99958,200
2019-06-28 09:30:00.000000096,100012,200,99994,100,100023,100,99993,200,100034,100,99990,200,100035,300,99983,100,100043,100,99975,100,100060,100,99974,100,100064,100,99972,100,100072,100,99967,100,100091,100,99963,100,100093,100,99958,200
2019-06-28 09:30:00.000000097,100011,100,99994,100,100012,100,99993,200,100023,100,99990,200,100034,100,99983,100,100035,300,99975,100,100043,100,99974,100,100060,100,99972,100,100064,100,99967,100,100072,100,99963,100,100091,100,99958,200
2019-06-28 09:30:00.000000098,100011,100,99993,200,100012,100,99990,200,100023,100,99983,100,100034,100,99975,100,100035,300,99974,100,100043,100,99972,100,100060,100,99967,100,100064,100,99963,100,100072,100,99958,200,100091,100,99943,100
2019-06-28 09:30:00.000000099,100010,100,99993,200,100011,100,99990,200,100012,100,99983,100,100023,100,99975,100,100034,100,99974,100,100035,300,99972,100,100043,100,99967,100,100060,100,99963,100,100064,100,99958,200,100072,100,99943,100
2019-06-28 09:30:07.830668589,100010,100,99993,200,100011,100,99990,200,100012,100,99983,100,100023,100,99977,100,100034,100,99975,100,100035,300,99974,100,100043,100,99972,100,100060,100,99967,100,100064,100,99963,100,100072,100,99958,100
2019-06-28 09:30:10.000000000,100010,178,99993,278,100011,178,99990,278,100012,178,99983,178,100023,178,99977,178,100034,178,99975,178,100035,300,99974,100,100043,100,99972,100,100060,100,99967,100,100064,100,99963,100,100072,100,99958,100
2019-06-28 09:30:20.000000000,100010,178,99993,278,100011,178,99990,278,100012,178,99983,178,100023,178,99977,178,100034,178,99975,178,100035,300,99974,100,100043,100,99972,100,100060,100,99967,100,100064,100,99963,100,100072,100,99958,100
2019-06-28 09:30:27.262835614,100010,178,99993,278,100011,178,99990,278,100012,178,99983,178,100023,178,99977,178,100034,178,99975,178,100035,300,99974,100,100043,100,99972,100,100060,100,99967,100,100064,100,99963,100,100072,100,99958,100
2019-06-28 09:30:30.000000000,100010,178,99993,278,100011,178,99990,278,100012,178,99983,178,100023,178,99977,178,100034,178,99975,178,100035,300,99974,100,100043,100,99972,100,100060,100,99967,100,100064,100,99963,100,100072,100,99958,100
2019-06-28 09:30:40.000000000,100010,232,99993,332,100011,228,99990,328,100012,228,99983,228,100023,100,99977,100,100034,100,99975,100,100035,300,99974,100,100043,100,99972,100,100060,100,99967,100,100064,100,99963,100,100072,100,99958,100
2019-06-28 09:30:50.000000000,100010,197,99993,297,100011,197,99990,297,100012,197,99983,197,100023,197,99977,197,100034,100,99975,100,100035,300,99974,100,100043,100,99972,100,100060,100,99967,100,100064,100,99963,100,100072,100,99958,100
2019-06-28 09:30:56.763293954,100010,97,99994,100,100011,197,99993,297,100012,197,99990,297,100023,197,99983,197,100034,100,99977,197,100035,300,99975,100,100043,100,99974,100,100060,100,99972,100,100064,100,99967,100,100072,100,99963,100
2019-06-28 09:31:00.000000000,100011,197,99994,197,100012,197,99993,297,100023,197,99990,297,100034,197,99983,197,100035,300,99977,100,100043,100,99975,100,100060,100,99974,100,100064,100,99972,100,100072,100,99967,100,100091,100,99963,100
2019-06-28 09:31:09.257487704,100011,197,99994,197,100012,197,99993,297,100023,197,99990,297,100034,197,99983,197,100035,300,99977,100,100043,100,99975,100,100060,100,99974,100,100064,100,99972,100,100072,100,99967,100,100091,100,99963,100
2019-06-28 09:31:10.000000000,100011,294,99994,294,100012,294,99993,394,100023,100,99990,200,100034,100,99983,100,100035,300,99977,100,100043,100,99975,100,100060,100,99974,100,100064,100,99972,100,100072,100,99967,100,100091,100,99963,100
2019-06-28 09:31:15.902088162,100011,294,99994,294,100012,294,99993,394,100023,100,99990,200,100034,100,99983,100,100035,200,99977,100,100043,100,99975,100,100060,100,99974,100,100064,100,99972,100,100072,100,99967,100,100091,100,99963,100
2019-06-28 09:31:20.000000000,100011,232,99994,232,100012,228,99993,328,100023,228,99990,328,100034,100,99983,100,100035,200,99977,100,100043,100,99975,100,100060,100,99974,100,100064,100,99972,100,100072,100,99967,100,100091,100,99963,100
2019-06-28 09:31:22.571351254,100011,232,99994,232,100012,228,99993,328,100023,228,99990,328,100034,100,99983,100,100035,200,99977,100,100043,100,99975,100,100060,100,99974,100,100064,100,99972,100,100072,100,99967,100,100091,100,99963,100
2019-06-28 09:31:24.706783461,100011,232,99994,232,100012,128,99993,328,100023,228,99990,328,100034,100,99983,100,100035,200,99977,100,100043,100,99975,100,100060,100,99974,100,100064,100,99972,100,100072,100,99967,100,100091,100,99963,100
2019-06-28 09:31:29.366473438,100011,132,99994,232,100012,128,99993,328,100023,228,99990,328,100034,100,99983,100,100035,200,99977,100,100043,100,99975,100,100060,100,99974,100,100064,100,99972,100,100072,100,99967,100,100091,100,99963,100
2019-06-28 09:31:30.000000000,100023,232,99994,232,100034,228,99993,328,100035,328,99990,328,100043,100,99983,100,100060,100,99977,100,100064,100,99975,100,100072,100,99974,100,100091,100,99972,100,100093,100,99967,100,100105,100,99963,100
2019-06-28 09:31:30.016188748,100009,100,99994,232,100023,232,99993,328,100034,228,99990,328,100035,328,99983,100,100043,100,99977,100,100060,100,99975,100,100064,100,99974,100,100072,100,99972,100,100091,100,99967,100,100093,100,99963,100
2019-06-28 09:31:40.000000000,100009,178,99994,178,100023,178,99993,278,100034,178,99990,278,100035,278,99983,178,100043,178,99977,178,100060,100,99975,100,100064,100,99974,100,100072,100,99972,100,100091,100,99967,100,100093,100,99963,100
2019-06-28 09:31:50.000000000,100009,197,99994,197,100023,197,99993,297,100034,197,99990,297,100035,297,99983,197,100043,100,99977,100,100060,100,99975,100,100064,100,99974,100,100072,100,99972,100,100091,100,99967,100,100093,100,99963,100
2019-06-28 09:32:00.000000000,100009,197,99994,197,100023,197,99993,297,100034,197,99990,297,100035,297,99983,197,100043,100,99977,100,100060,100,99975,100,100064,100,99974,100,100072,100,99972,100,100091,100,99967,100,100093,100,99963,100
2019-06-28 09:32:03.882843097,100009,197,99994,197,100023,197,99993,297,100034,197,99990,297,100035,297,99983,197,100043,100,99977,100,100060,100,99975,100,100064,100,99974,100,100072,100,99972,100,100091,100,99967,100,100093,100,99963,100
2019-06-28 09:32:10.000000000,100009,294,99994,294,100023,294,99993,394,100034,100,99990,200,100035,200,99983,100,100043,100,99977,100,100060,100,99975,100,100064,100,99974,100,100072,100,99972,100,100091,100,99967,100,100093,100,99963,100
2019-06-28 09:32:20.000000000,100009,232,99994,232,100023,228,99993,328,100034,228,99990,328,100035,200,99983,100,100043,100,99977,100,100060,100,99975,100,100064,100,99974,100,100072,100,99972,100,100091,100,99967,100,100093,100,99963,100
2019-06-28 09:32:30.000000000,100009,488,99994,488,100023,100,99993,200,100034,100,99990,200,100035,200,99983,100,100043,100,99977,100,100060,100,99975,100,100064,100,99974,100,100072,100,99972,100,100091,100,99967,100,100093,100,99963,100
2019-06-28 09:32:40.000000000,100009,178,99994,178,100023,178,99993,278,100034,178,99990,278,100035,278,99983,178,100043,178,99977,178,100060,100,99975,100,100064,100,99974,100,100072,100,99972,100,100091,100,99967,100,100093,100,99963,100
2019-06-28 09:32:50.000000000,100009,178,99994,178,100023,178,99993,278,100034,178,99990,278,100035,278,99983,178,100043,178,99977,178,100060,100,99975,100,100064,100,99974,100,100072,100,99972,100,100091,100,99967,100,100093,100,99963,100
2019-06-28 09:33:00.000000000,100009,197,99994,197,100023,197,99993,297,100034,197,99990,297,100035,297,99983,197,100043,100,99977,100,100060,100,99975,100,100064,100,99974,100,100072,100,99972,100,100091,100,99967,100,100093,100,99963,100
2019-06-28 09:33:10.000000000,100009,488,99994,488,100023,100,99993,200,100034,100,99990,200,100035,200,99983,100,100043,100,99977,100,100060,100,99975,100,100064,100,99974,100,100072,100,99972,100,100091,100,99967,100,100093,100,99963,100
2019-06-28 09:33:13.188378713,100009,388,99994,488,100023,100,99993,200,100034,100,99990,200,100035,200,99983,100,100043,100,99977,100,100060,100,99975,100,100064,100,99974,100,100072,100,99972,100,100091,100,99967,100,100093,100,99958,100
2019-06-28 09:33:20.000000000,100023,232,99994,232,100034,228,99993,328,100035,328,99990,328,100043,100,99983,100,100060,100,99977,100,100064,100,99975,100,100072,100,99974,100,100091,100,99972,100,100093,100,99967,100,100105,100,99958,100
2019-06-28 09:33:25.629292154,100023,132,99994,232,100034,228,99993,328,100035,328,99990,328,100043,100,99983,100,100060,100,99977,100,100064,100,99975,100,100072,100,99974,100,100091,100,99972,100,100093,100,99967,100,100105,100,99958,100
2019-06-28 09:33:28.342204457,100023,132,100009,100,100034,228,99994,232,100035,328,99993,328,100043,100,99990,328,100060,100,99983,100,100064,100,99977,100,100072,100,99975,100,100091,100,99974,100,100093,100,99972,100,100105,100,99967,100
2019-06-28 09:33:30.000000000,100034,197,100009,197,100035,297,99994,197,100043,197,99993,297,100060,197,99990,297,100064,100,99983,100,100072,100,99977,100,100091,100,99975,100,100093,100,99974,100,100105,100,99972,100,100108,100,99967,100
2019-06-28 09:33:30.546953560,100034,97,100009,197,100035,297,99994,197,100043,197,99993,297,100060,197,99990,297,100064,100,99983,100,100072,100,99975,100,100091,100,99974,100,100093,100,99972,100,100105,100,99967,100,100108,100,99958,100
2019-06-28 09:33:40.000000000,100035,332,100009,232,100043,228,99994,228,100060,228,99993,328,100064,100,99990,200,100072,100,99983,100,100091,100,99975,100,100093,100,99974,100,100105,100,99972,100,100108,100,99967,100,100129,100,99958,100
2019-06-28 09:33:50.000000000,100035,278,100009,178,100043,178,99994,178,100060,178,99993,278,100064,178,99990,278,100072,178,99983,178,100091,100,99975,100,100093,100,99974,100,100105,100,99972,100,100108,100,99967,100,100129,100,99958,100
2019-06-28 09:34:00.000000000,100035,278,100009,178,100043,178,99994,178,100060,178,99993,278,100064,178,99990,278,100072,178,99983,178,100091,100,99975,100,100093,100,99974,100,100105,100,99972,100,100108,100,99967,100,100129,100,99958,100
2019-06-28 09:34:10.000000000,100035,332,100009,232,100043,228,99994,228,100060,228,99993,328,100064,100,99990,200,100072,100,99983,100,100091,100,99975,100,100093,100,99974,100,100105,100,99972,100,100108,100,99967,100,100129,100,99958,100
2019-06-28 09:34:20.000000000,100035,332,100009,232,100043,228,99994,228,100060,228,99993,328,100064,100,99990,200,100072,100,99983,100,100091,100,99975,100,100093,100,99974,100,100105,100,99972,100,100108,100,99967,100,100129,100,99958,100
2019-06-28 09:34:30.000000000,100035,332,100009,232,100043,228,99994,228,100060,228,99993,328,100064,100,99990,200,100072,100,99983,100,100091,100,99975,100,100093,100,99974,100,100105,100,99972,100,100108,100,99967,100,100129,100,99958,100
2019-06-28 09:34:40.000000000,100035,297,100009,197,100043,197,99994,197,100060,197,99993,297,100064,197,99990,297,100072,100,99983,100,100091,100,99975,100,100093,100,99974,100,100105,100,99972,100,100108,100,99967,100,100129,100,99958,100
2019-06-28 09:34:50.000000000,100035,297,100009,197,100043,197,99994,197,100060,197,99993,297,100064,197,99990,297,100072,100,99983,100,100091,100,99975,100,100093,100,99974,100,100105,100,99972,100,100108,100,99967,100,100129,100,99958,100
2019-06-28 09:34:55.706345451,100035,197,100009,197,100043,197,99994,197,100060,197,99993,297,100064,197,99990,297,100072,100,99983,100,100093,100,99975,100,100105,100,99974,100,100108,100,99972,100,100129,100,99967,100,100138,100,99958,100
2019-06-28 09:35:00.000000000,100035,488,100009,488,100043,100,99994,100,100060,100,99993,200,100064,100,99990,200,100072,100,99983,100,100093,100,99975,100,100105,100,99974,100,100108,100,99972,100,100129,100,99967,100,100138,100,99958,100
2019-06-28 09:35:10.000000000,100035,488,100009,488,100043,100,99994,100,100060,100,99993,200,100064,100,99990,200,100072,100,99983,100,100093,100,99975,100,100105,100,99974,100,100108,100,99972,100,100129,100,99967,100,100138,100,99958,100
2019-06-28 09:35:12.733911429,100035,388,100009,488,100043,100,99994,100,100060,100,99993,200,100064,100,99990,200,100072,100,99975,100,100093,100,99974,100,100105,100,99972,100,100108,100,99967,100,100129,100,99958,100,100138,100,99943,100
2019-06-28 09:35:20.000000000,100043,294,100009,294,100060,294,99994,294,100064,100,99993,200,100072,100,99990,200,100093,100,99975,100,100105,100,99974,100,100108,100,99972,100,100129,100,99967,100,100138,100,99958,100,100239,100,99943,100
2019-06-28 09:35:26.336050728,100043,194,100009,294,100060,294,99994,294,100064,100,99993,200,100072,100,99990,200,100093,100,99975,100,100108,100,99974,100,100129,100,99972,100,100138,100,99967,100,100239,100,99958,100,100875,100,99943,100
2019-06-28 09:35:27.456033032,100043,94,100009,294,100060,294,99994,294,100064,100,99993,200,100072,100,99990,200,100093,100,99975,100,100108,100,99974,100,100129,100,99967,100,100138,100,99958,100,100239,100,99943,100,100875,100,99935,100
2019-06-28 09:35:30.000000000,100060,488,100009,488,100064,100,99994,100,100072,100,99993,200,100093,100,99990,200,100108,100,99975,100,100129,100,99974,100,100138,100,99967,100,100239,100,99958,100,100875,100,99943,100,,,99935,100
2019-06-28 09:35:40.000000000,100060,294,100009,294,100064,294,99994,294,100072,100,99993,200,100093,100,99990,200,100108,100,99975,100,100129,100,99974,100,100138,100,99967,100,100239,100,99958,100,100875,100,99943,100,,,99935,100
2019-06-28 09:35:50.000000000,100060,488,100009,488,100064,100,99994,100,100072,100,99993,200,100093,100,99990,200,100108,100,99975,100,100129,100,99974,100,100138,100,99967,100,100239,100,99958,100,100875,100,99943,100,,,99935,100
2019-06-28 09:35:55.453232950,100060,388,100009,488,100064,100,99994,100,100072,100,99993,200,100093,100,99990,200,100108,100,99975,100,100129,100,99974,100,100138,100,99967,100,100239,100,99958,100,100875,100,99943,100,,,99935,100
2019-06-28 09:36:00.000000000,100064,178,100009,178,100072,178,99994,178,100093,178,99993,278,100108,178,99990,278,100129,178,99975,178,100138,100,99974,100,100239,100,99967,100,100875,100,99958,100,,,99943,100,,,99935,100
2019-06-28 09:36:00.204569336,100064,178,100009,178,100072,178,99994,178,100093,178,99993,278,100108,178,99990,278,100129,178,99975,178,100138,100,99974,100,100709,100,99967,100,100875,100,99958,100,,,99943,100,,,99935,100
2019-06-28 09:36:10.000000000,100064,178,100009,178,100072,178,99994,178,100093,178,99993,278,100108,178,99990,278,100129,178,99975,178,100138,100,99974,100,100709,100,99967,100,100875,100,99958,100,,,99943,100,,,99935,100
2019-06-28 09:36:13.248834866,100064,78,100009,178,100072,178,99994,178,100093,178,99993,278,100108,178,99990,278,100129,178,99975,178,100138,100,99974,100,100709,100,99967,100,100875,100,99958,100,,,99943,100,,,99935,100
2019-06-28 09:36:18.532518992,100064,78,100009,178,100072,178,99994,178,100093,178,99993,278,100108,178,99990,278,100129,178,99975,178,100138,100,99974,100,100644,100,99967,100,100709,100,99958,100,100875,100,99943,100,,,99935,100
2019-06-28 09:36:18.954997793,100064,78,100009,178,100072,178,99994,178,100093,178,99993,278,100108,178,99990,278,100129,78,99975,178,100138,100,99974,100,100633,100,99967,100,100644,100,99958,100,100709,100,99943,100,100875,100,99935,100
2019-06-28 09:36:20.000000000,100072,294,100009,294,100093,294,99994,294,100108,100,99993,200,100138,100,99990,200,100633,100,99975,100,100644,100,99974,100,100709,100,99967,100,100875,100,99958,100,,,99943,100,,,99935,100
2019-06-28 09:36:23.149205234,100072,194,100009,294,100093,294,99994,294,100108,100,99993,200,100138,100,99990,200,100633,100,99975,100,100644,100,99974,100,100709,100,99967,100,100875,100,99958,100,,,99943,100,,,99935,100
2019-06-28 09:36:30.000000000,100093,488,100009,488,100108,100,99994,100,100138,100,99993,200,100633,100,99990,200,100644,100,99975,100,100709,100,99974,100,100875,100,99967,100,,,99958,100,,,99943,100,,,99935,100
2019-06-28 09:36:39.609273270,100093,488,100064,100,100108,100,100009,488,100138,100,99994,100,100633,100,99993,100,100644,100,99990,200,100709,100,99975,100,100875,100,99974,100,,,99967,100,,,99958,100,,,99943,100
2019-06-28 09:36:40.000000000,100093,294,100064,294,100108,294,100009,294,100138,100,99994,100,100633,100,99993,100,100644,100,99990,200,100709,100,99975,100,100875,100,99974,100,,,99967,100,,,99958,100,,,99943,100
2019-06-28 09:36:41.238732981,100093,294,100064,294,100108,294,100009,294,100138,100,99994,100,100422,100,99993,100,100633,100,99990,200,100644,100,99975,100,100709,100,99974,100,100875,100,99967,100,,,99958,100,,,99943,100
2019-06-28 09:36:50.000000000,100093,488,100064,488,100108,100,100009,100,100138,100,99994,100,100422,100,99993,100,100633,100,99990,200,100644,100,99975,100,100709,100,99974,100,100875,100,99967,100,,,99958,100,,,99943,100
2019-06-28 09:36:54.783225483,100093,488,100064,488,100108,100,100009,100,100138,100,99994,100,100422,100,99993,100,100578,100,99990,200,100633,100,99975,100,100644,100,99967,100,100709,100,99958,100,100875,100,99943,100,,,99935,100
2019-06-28 09:37:00.000000000,100093,232,100064,232,100108,228,100009,228,100138,228,99994,228,100422,100,99993,100,100578,100,99990,200,100633,100,99975,100,100644,100,99967,100,100709,100,99958,100,100875,100,99943,100,,,99935,100
2019-06-28 09:37:02.846583733,100093,232,100064,332,100108,228,100009,228,100138,228,99994,228,100422,100,99993,100,100578,100,99990,200,100633,100,99975,100,100644,100,99967,100,100709,100,99958,100,100875,100,99943,100,,,99935,100
2019-06-28 09:37:10.000000000,100093,197,100064,297,100108,197,100009,197,100138,197,99994,197,100422,197,99993,197,100578,100,99990,200,100633,100,99975,100,100644,100,99967,100,100709,100,99958,100,100875,100,99943,100,,,99935,100
2019-06-28 09:37:20.000000000,100093,232,100064,332,100108,228,100009,228,100138,228,99994,228,100422,100,99993,100,100578,100,99990,200,100633,100,99975,100,100644,100,99967,100,100709,100,99958,100,100875,100,99943,100,,,99935,100
2019-06-28 09:37:30.000000000,100093,232,100064,332,100108,228,100009,228,100138,228,99994,228,100422,100,99993,100,100578,100,99990,200,100633,100,99975,100,100644,100,99967,100,100709,100,99958,100,100875,100,99943,100,,,99935,100
2019-06-28 09:37:40.000000000,100093,294,100064,394,100108,294,100009,294,100138,100,99994,100,100422,100,99993,100,100578,100,99990,200,100633,100,99975,100,100644,100,99967,100,100709,100,99958,100,100875,100,99943,100,,,99935,100
2019-06-28 09:37:41.718084141,100093,194,100064,394,100108,294,100009,294,100138,100,99994,100,100422,100,99993,100,100578,100,99990,200,100633,100,99975,100,100644,100,99967,100,100709,100,99958,100,100875,100,99943,100,,,99935,100
2019-06-28 09:37:48.724989640,100093,194,100072,100,100108,294,100064,294,100138,100,100009,294,100422,100,99994,100,100578,100,99993,100,100633,100,99990,200,100644,100,99975,100,100709,100,99967,100,100875,100,99958,100,,,99943,100
2019-06-28 09:37:50.000000000,100108,197,100072,197,100138,197,100064,197,100422,197,100009,197,100578,197,99994,197,100633,100,99993,100,100644,100,99990,200,100709,100,99975,100,100875,100,99967,100,,,99958,100,,,99943,100
2019-06-28 09:38:00.000000000,100108,294,100072,294,100138,294,100064,294,100422,100,100009,100,100578,100,99994,100,100633,100,99993,100,100644,100,99990,200,100709,100,99975,100,100875,100,99967,100,,,99958,100,,,99943,100
2019-06-28 09:38:01.330022290,100108,194,100072,294,100138,294,100064,294,100422,100,100009,100,100578,100,99994,100,100633,100,99993,100,100644,100,99990,200,100709,100,99975,100,100875,100,99967,100,,,99958,100,,,99943,100
2019-06-28 09:38:04.643590949,100108,194,100072,294,100138,294,100064,294,100422,100,100009,100,100578,100,99994,100,100633,100,99993,100,100644,100,99990,100,100709,100,99975,100,100875,100,99967,100,,,99958,100,,,99943,100
2019-06-28 09:38:10.000000000,100138,232,100072,232,100422,228,100064,228,100578,228,100009,228,100633,100,99994,100,100644,100,99993,100,100709,100,99990,100,100875,100,99975,100,,,99967,100,,,99958,100,,,99943,100
2019-06-28 09:38:20.000000000,100138,178,100072,178,100422,178,100064,178,100578,178,100009,178,100633,178,99994,178,100644,178,99993,178,100709,100,99990,100,100875,100,99975,100,,,99967,100,,,99958,100,,,99943,100
2019-06-28 09:38:30.000000000,100138,294,100072,294,100422,294,100064,294,100578,100,100009,100,100633,100,99994,100,100644,100,99993,100,100709,100,99990,100,100875,100,99975,100,,,99967,100,,,99958,100,,,99943,100
2019-06-28 09:38:35.921881593,100138,194,100072,294,100422,294,100064,294,100578,100,100009,100,100633,100,99994,100,100709,100,99993,100,100875,100,99990,100,,,99975,100,,,99967,100,,,99958,100,,,99943,100
2019-06-28 09:38:40.000000000,100422,488,100072,488,100578,100,100064,100,100633,100,100009,100,100709,100,99994,100,100875,100,99993,100,,,99990,100,,,99975,100,,,99967,100,,,99958,100,,,99943,100
2019-06-28 09:38:47.415537518,100422,488,100072,488,100578,100,100064,100,100633,100,100009,100,100709,100,99994,100,100875,100,99993,100,101152,100,99990,100,,,99975,100,,,99967,100,,,99958,100,,,99943,100
2019-06-28 09:38:50.000000000,100422,197,100072,197,100578,197,100064,197,100633,197,100009,197,100709,197,99994,197,100875,100,99993,100,101152,100,99990,100,,,99975,100,,,99967,100,,,99958,100,,,99943,100
2019-06-28 09:38:57.094689855,100422,97,100072,197,100578,197,100064,197,100633,197,100009,197,100709,197,99994,197,100875,100,99993,100,101152,100,99990,100,,,99975,100,,,99967,100,,,99958,100,,,99943,100
2019-06-28 09:39:00.000000000,100578,178,100072,178,100633,178,100064,178,100709,178,100009,178,100875,178,99994,178,101152,178,99993,178,,,99990,100,,,99975,100,,,99967,100,,,99958,100,,,99943,100
2019-06-28 09:39:04.135882080,100578,178,100072,178,100633,178,100064,178,100709,178,100009,178,100875,178,99994,178,101152,178,99993,178,101411,100,99990,100,,,99975,100,,,99967,100,,,99958,100,,,99943,100
2019-06-28 09:39:10.000000000,100578,488,100072,488,100633,100,100064,100,100709,100,100009,100,100875,100,99994,100,101152,100,99993,100,101411,100,99990,100,,,99975,100,,,99967,100,,,99958,100,,,99943,100
2019-06-28 09:39:20.000000000,100578,232,100072,232,100633,228,100064,228,100709,228,100009,228,100875,100,99994,100,101152,100,99993,100,101411,100,99990,100,,,99975,100,,,99967,100,,,99958,100,,,99943,100
2019-06-28 09:39:30.000000000,100578,232,100072,232,100633,228,100064,228,100709,228,100009,228,100875,100,99994,100,101152,100,99993,100,101411,100,99990,100,,,99975,100,,,99967,100,,,99958,100,,,99943,100
2019-06-28 09:39:33.966307149,100578,232,100072,232,100633,228,100064,228,100709,228,100009,228,100875,100,99994,100,101152,100,99993,100,101411,100,99990,100,101815,100,99975,100,,,99967,100,,,99958,100,,,99943,100
2019-06-28 09:39:40.000000000,100578,178,100072,178,100633,178,100064,178,100709,178,100009,178,100875,178,99994,178,101152,178,99993,178,101411,100,99990,100,101815,100,99975,100,,,99967,100,,,99958,100,,,99943,100
2019-06-28 09:39:50.000000000,100578,178,100072,178,100633,178,100064,178,100709,178,100009,178,100875,178,99994,178,101152,178,99993,178,101411,100,99990,100,101815,100,99975,100,,,99967,100,,,99958,100,,,99943,100
2019-06-28 09:40:00.000000000,100578,488,100072,488,100633,100,100064,100,100709,100,100009,100,100875,100,99994,100,101152,100,99993,100,101411,100,99990,100,101815,100,99975,100,,,99967,100,,,99958,100,,,99943,100
2019-06-28 09:40:07.678067257,100578,388,100072,488,100633,100,100064,100,100709,100,100009,100,100875,100,99994,100,101152,100,99993,100,101411,100,99990,100,101815,100,99975,100,,,99967,100,,,99958,100,,,99943,100
2019-06-28 09:40:10.000000000,100633,488,100072,488,100709,100,100064,100,100875,100,100009,100,101152,100,99994,100,101411,100,99993,100,101815,100,99990,100,,,99975,100,,,99967,100,,,99958,100,,,99943,100
2019-06-28 09:40:17.314551879,100633,388,100072,488,100709,100,100064,100,100875,100,100009,100,101152,100,99994,100,101411,100,99993,100,101815,100,99990,100,,,99975,100,,,99967,100,,,99958,100,,,99943,100
2019-06-28 09:40:20.000000000,100709,178,100072,178,100875,178,100064,178,101152,178,100009,178,101411,178,99994,178,101815,178,99993,178,,,99990,100,,,99975,100,,,99967,100,,,99958,100,,,99943,100
2019-06-28 09:40:30.000000000,100709,232,100072,232,100875,228,100064,228,101152,228,100009,228,101411,100,99994,100,101815,100,99993,100,,,99990,100,,,99975,100,,,99967,100,,,99958,100,,,99943,100
2019-06-28 09:40:40.000000000,100709,232,100072,232,100875,228,100064,228,101152,228,100009,228,101411,100,99994,100,101815,100,99993,100,,,99990,100,,,99975,100,,,99967,100,,,99958,100,,,99943,100
2019-06-28 09:40:48.978686127,100709,232,100072,232,100875,228,100064,228,101152,228,100009,228,101411,100,99994,100,101815,100,99993,100,101999,100,99990,100,,,99975,100,,,99967,100,,,99958,100,,,99943,100
2019-06-28 09:40:50.000000000,100709,197,100072,197,100875,197,100064,197,101152,197,100009,197,101411,197,99994,197,101815,100,99993,100,101999,100,99990,100,,,99975,100,,,99967,100,,,99958,100,,,99943,100
2019-06-28 09:40:51.167253080,100709,97,100072,197,100875,197,100064,197,101152,197,100009,197,101411,197,99994,197,101815,100,99993,100,101999,100,99990,100,,,99975,100,,,99967,100,,,99958,100,,,99943,100
2019-06-28 09:41:00.000000000,100875,294,100072,294,101152,294,100064,294,101411,100,100009,100,101815,100,99994,100,101999,100,99993,100,,,99990,100,,,99975,100,,,99967,100,,,99958,100,,,99943,100
2019-06-28 09:41:02.648400692,100875,194,100072,294,101152,294,100064,294,101411,100,100009,100,101815,100,99994,100,101999,100,99993,100,,,99990,100,,,99975,100,,,99967,100,,,99958,100,,,99943,100
2019-06-28 09:41:10.000000000,101152,197,100072,197,101411,197,100064,197,101815,197,100009,197,101999,197,99994,197,,,99993,100,,,99990,100,,,99975,100,,,99967,100,,,99958,100,,,99943,100
2019-06-28 09:41:14.663318300,101152,97,100072,197,101411,197,100064,197,101815,197,100009,197,101999,197,99994,197,,,99993,100,,,99990,100,,,99975,100,,,99967,100,,,99958,100,,,99943,100
2019-06-28 09:41:15.036400525,101152,97,100875,100,101411,197,100072,197,101815,197,100064,197,101999,197,100009,197,,,99994,197,,,99993,100,,,99990,100,,,99975,100,,,99967,100,,,99958,100
2019-06-28 09:41:20.000000000,101411,488,100875,488,101815,100,100072,100,101999,100,100064,100,,,100009,100,,,99994,100,,,99993,100,,,99990,100,,,99975,100,,,99967,100,,,99958,100
2019-06-28 09:41:30.000000000,101411,232,100875,232,101815,228,100072,228,101999,228,100064,228,,,100009,100,,,99994,100,,,99993,100,,,99990,100,,,99975,100,,,99967,100,,,99958,100
2019-06-28 09:41:33.942757591,101411,132,100875,232,101815,128,100072,228,101999,228,100064,228,,,100009,100,,,99994,100,,,99993,100,,,99990,100,,,99975,100,,,99967,100,,,99958,100
2019-06-28 09:41:40.000000000,101999,294,100875,294,102000,194,100072,294,,,100064,100,,,100009,100,,,99994,100,,,99993,100,,,99990,100,,,99975,100,,,99967,100,,,99958,100
2019-06-28 09:41:50.000000000,101999,178,100875,178,102000,78,100072,178,,,100064,178,,,100009,178,,,99994,178,,,99993,100,,,99990,100,,,99975,100,,,99967,100,,,99958,100
2019-06-28 09:42:00.000000000,101999,488,100875,488,,,100072,100,,,100064,100,,,100009,100,,,99994,100,,,99993,100,,,99990,100,,,99975,100,,,99967,100,,,99958,100
2019-06-28 09:42:02.220162497,101999,488,101523,100,,,100875,488,,,100072,100,,,100064,100,,,100009,100,,,99994,100,,,99993,100,,,99990,100,,,99975,100,,,99967,100
2019-06-28 09:42:10.000000000,101999,232,101523,232,102000,128,100875,228,,,100072,228,,,100064,100,,,100009,100,,,99994,100,,,99993,100,,,99990,100,,,99975,100,,,99967,100
2019-06-28 09:42:17.511732375,101999,232,101523,132,102000,128,100875,228,,,100072,228,,,100064,100,,,100009,100,,,99994,100,,,99993,100,,,99990,100,,,99975,100,,,99967,100
2019-06-28 09:42:20.000000000,101999,178,100875,178,102000,78,100072,178,,,100064,178,,,100009,178,,,99994,178,,,99993,100,,,99990,100,,,99975,100,,,99967,100,,,99958,100
2019-06-28 09:42:30.000000000,101999,294,100875,294,102000,194,100072,294,,,100064,100,,,100009,100,,,99994,100,,,99993,100,,,99990,100,,,99975,100,,,99967,100,,,99958,100
2019-06-28 09:42:40.000000000,101999,294,100875,294,102000,194,100072,294,,,100064,100,,,100009,100,,,99994,100,,,99993,100,,,99990,100,,,99975,100,,,99967,100,,,99958,100
2019-06-28 09:42:50.000000000,101999,294,100875,294,102000,194,100072,294,,,100064,100,,,100009,100,,,99994,100,,,99993,100,,,99990,100,,,99975,100,,,99967,100,,,99958,100
2019-06-28 09:42:57.281341817,101410,100,100875,194,101999,294,100072,294,102000,194,100064,100,,,100009,100,,,99994,100,,,99993,100,,,99990,100,,,99975,100,,,99967,100,,,99958,100
2019-06-28 09:42:57.883352340,100964,100,100875,194,101410,100,100072,294,101999,294,100064,100,102000,194,100009,100,,,99994,100,,,99993,100,,,99990,100,,,99975,100,,,99967,100,,,99958,100
2019-06-28 09:43:00.000000000,100964,178,100072,178,101410,178,100064,178,101999,178,100009,178,102000,78,99994,178,,,99993,178,,,99990,100,,,99975,100,,,99967,100,,,99958,100,,,99943,100
2019-06-28 09:43:10.000000000,100964,488,100072,488,101410,100,100064,100,101999,100,100009,100,,,99994,100,,,99993,100,,,99990,100,,,99975,100,,,99967,100,,,99958,100,,,99943,100
2019-06-28 09:43:20.000000000,100964,294,100072,294,101410,294,100064,294,101999,100,100009,100,,,99994,100,,,99993,100,,,99990,100,,,99975,100,,,99967,100,,,99958,100,,,99943,100
2019-06-28 09:43:30.000000000,100964,178,100072,178,101410,178,100064,178,101999,178,100009,178,102000,78,99994,178,,,99993,178,,,99990,100,,,99975,100,,,99967,100,,,99958,100,,,99943,100
2019-06-28 09:43:36.554308150,100867,100,100072,178,100964,178,100064,178,101410,178,100009,178,101999,178,99994,178,102000,78,99993,178,,,99990,100,,,99975,100,,,99967,100,,,99958,100,,,99943,100
2019-06-28 09:43:40.000000000,100867,294,100072,294,100964,294,100064,294,101410,100,100009,100,101999,100,99994,100,,,99993,100,,,99990,100,,,99975,100,,,99967,100,,,99958,100,,,99943,100
2019-06-28 09:43:44.733513405,100867,294,100072,294,100964,294,100064,194,101410,100,100009,100,101999,100,99994,100,,,99993,100,,,99990,100,,,99975,100,,,99967,100,,,99958,100,,,99943,100
2019-06-28 09:43:45.063007508,100867,294,100783,100,100964,294,100072,294,101410,100,100064,194,101999,100,100009,100,,,99994,100,,,99993,100,,,99990,100,,,99975,100,,,99967,100,,,99958,100
2019-06-28 09:43:50.000000000,100867,178,100783,178,100964,178,100072,178,101410,178,100009,178,101999,178,99994,178,102000,78,99993,178,,,99990,100,,,99975,100,,,99967,100,,,99958,100,,,99943,100
2019-06-28 09:44:00.000000000,100867,294,100783,294,100964,294,100072,294,101410,100,100009,100,101999,100,99994,100,,,99993,100,,,99990,100,,,99975,100,,,99967,100,,,99958,100,,,99943,100
2019-06-28 09:44:10.000000000,100867,197,100783,197,100964,197,100072,197,101410,197,100009,197,101999,197,99994,197,,,99993,100,,,99990,100,,,99975,100,,,99967,100,,,99958,100,,,99943,100
2019-06-28 09:44:10.776815887,100867,97,100783,197,100964,197,100072,197,101410,197,100009,197,101999,197,99994,197,,,99993,100,,,99990,100,,,99975,100,,,99967,100,,,99958,100,,,99943,100
2019-06-28 09:44:20.000000000,100964,488,100783,488,101410,100,100072,100,101999,100,100009,100,,,99994,100,,,99993,100,,,99990,100,,,99975,100,,,99967,100,,,99958,100,,,99943,100
2019-06-28 09:44:30.000000000,100964,294,100783,294,101410,294,100072,294,101999,100,100009,100,,,99994,100,,,99993,100,,,99990,100,,,99975,100,,,99967,100,,,99958,100,,,99943,100
2019-06-28 09:44:40.000000000,100964,178,100783,178,101410,178,100072,178,101999,178,100009,178,102000,78,99994,178,,,99993,178,,,99990,100,,,99975,100,,,99967,100,,,99958,100,,,99943,100
2019-06-28 09:44:50.000000000,100964,178,100783,178,101410,178,100072,178,101999,178,100009,178,102000,78,99994,178,,,99993,178,,,99990,100,,,99975,100,,,99967,100,,,99958,100,,,99943,100
2019-06-28 09:44:50.438220981,100904,100,100783,178,100964,178,100072,178,101410,178,100009,178,101999,178,99994,178,102000,78,99993,178,,,99990,100,,,99975,100,,,99958,100,,,99943,100,,,99933,200
2019-06-28 09:44:53.574987214,100964,178,100783,178,101410,178,100072,178,101999,178,100009,178,102000,78,99994,178,,,99993,178,,,99990,100,,,99975,100,,,99958,100,,,99943,100,,,99933,200
2019-06-28 09:45:00.000000000,100964,232,100783,232,101410,228,100072,228,101999,228,100009,228,,,99994,100,,,99993,100,,,99990,100,,,99975,100,,,99958,100,,,99943,100,,,99933,200
2019-06-28 09:45:03.696475272,100964,232,100876,100,101410,228,100783,232,101999,228,100072,228,,,100009,228,,,99994,100,,,99993,100,,,99990,100,,,99975,100,,,99958,100,,,99943,100
2019-06-28 09:45:10.000000000,100964,232,100876,232,101410,228,100783,228,101999,228,100072,228,,,100009,100,,,99994,100,,,99993,100,,,99990,100,,,99975,100,,,99958,100,,,99943,100
2019-06-28 09:45:12.207751355,100964,232,100876,232,101200,100,100783,228,101410,228,100072,228,101999,228,100009,100,,,99994,100,,,99993,100,,,99990,100,,,99975,100,,,99958,100,,,99943,100
2019-06-28 09:45:15.523413763,100964,232,100876,332,101200,100,100783,228,101410,228,100072,228,101999,228,100009,100,,,99994,100,,,99993,100,,,99990,100,,,99975,100,,,99958,100,,,99943,100
2019-06-28 09:45:20.000000000,100964,488,100876,588,101200,100,100783,100,101410,100,100072,100,101999,100,100009,100,,,99994,100,,,99993,100,,,99990,100,,,99975,100,,,99958,100,,,99943,100
2019-06-28 09:45:30.000000000,100964,197,100876,297,101200,197,100783,197,101410,197,100072,197,101999,197,100009,197,,,99994,100,,,99993,100,,,99990,100,,,99975,100,,,99958,100,,,99943,100
2019-06-28 09:45:40.000000000,100964,178,100876,278,101200,178,100783,178,101410,178,100072,178,101999,178,100009,178,102000,78,99994,178,,,99993,100,,,99990,100,,,99975,100,,,99958,100,,,99943,100
2019-06-28 09:45:42.853249597,100964,178,100876,278,101163,100,100783,178,101200,178,100072,178,101410,178,100009,178,101999,178,99994,178,102000,78,99993,100,,,99990,100,,,99975,100,,,99958,100,,,99943,100
2019-06-28 09:45:50.000000000,100964,294,100876,394,101163,294,100783,294,101200,100,100072,100,101410,100,100009,100,101999,100,99994,100,,,99993,100,,,99990,100,,,99975,100,,,99958,100,,,99943,100
2019-06-28 09:46:00.000000000,100964,232,100876,332,101163,228,100783,228,101200,228,100072,228,101410,100,100009,100,101999,100,99994,100,,,99993,100,,,99990,100,,,99975,100,,,99958,100,,,99943,100
2019-06-28 09:46:10.000000000,100964,488,100876,588,101163,100,100783,100,101200,100,100072,100,101410,100,100009,100,101999,100,99994,100,,,99993,100,,,99990,100,,,99975,100,,,99958,100,,,99943,100
2019-06-28 09:46:14.325380823,100964,488,100876,488,101163,100,100783,100,101410,100,100072,100,101999,100,100009,100,,,99994,100,,,99993,100,,,99990,100,,,99975,100,,,99958,100,,,99943,100
2019-06-28 09:46:20.000000000,100964,488,100876,488,101163,100,100783,100,101410,100,100072,100,101999,100,100009,100,,,99994,100,,,99993,100,,,99990,100,,,99975,100,,,99958,100,,,99943,100
2019-06-28 09:46:30.000000000,100964,232,100876,232,101163,228,100783,228,101410,228,100072,228,101999,100,100009,100,,,99994,100,,,99993,100,,,99990,100,,,99975,100,,,99958,100,,,99943,100
2019-06-28 09:46:40.000000000,100964,197,100876,197,101163,197,100783,197,101410,197,100072,197,101999,197,100009,197,,,99994,100,,,99993,100,,,99990,100,,,99975,100,,,99958,100,,,99943,100
2019-06-28 09:46:50.000000000,100964,232,100876,232,101163,228,100783,228,101410,228,100072,228,101999,100,100009,100,,,99994,100,,,99993,100,,,99990,100,,,99975,100,,,99958,100,,,99943,100
2019-06-28 09:47:00.000000000,100964,294,100876,294,101163,294,100783,294,101410,100,100072,100,101999,100,100009,100,,,99994,100,,,99993,100,,,99990,100,,,99975,100,,,99958,100,,,99943,100
2019-06-28 09:47:10.000000000,100964,488,100876,488,101163,100,100783,100,101410,100,100072,100,101999,100,100009,100,,,99994,100,,,99993,100,,,99990,100,,,99975,100,,,99958,100,,,99943,100
2019-06-28 09:47:15.167836642,100964,488,100876,488,101163,100,100072,100,101410,100,100009,100,101999,100,99994,100,,,99993,100,,,99990,100,,,99975,100,,,99958,100,,,99943,100,,,99933,200
2019-06-28 09:47:20.000000000,100964,178,100876,178,101163,178,100072,178,101410,178,100009,178,101999,178,99994,178,102000,78,99993,178,,,99990,100,,,99975,100,,,99958,100,,,99943,100,,,99933,200
2019-06-28 09:47:30.000000000,100964,197,100876,197,101163,197,100072,197,101410,197,100009,197,101999,197,99994,197,,,99993,100,,,99990,100,,,99975,100,,,99958,100,,,99943,100,,,99933,200
2019-06-28 09:47:34.386453109,100904,100,100876,197,100964,197,100072,197,101163,197,100009,197,101410,197,99994,197,101999,197,99993,100,,,99990,100,,,99975,100,,,99958,100,,,99943,100,,,99933,200
2019-06-28 09:47:37.603549606,100904,100,100876,97,100964,197,100072,197,101163,197,100009,197,101410,197,99994,197,101999,197,99993,100,,,99990,100,,,99975,100,,,99958,100,,,99943,100,,,99933,200
2019-06-28 09:47:40.000000000,100904,178,100072,178,100964,178,100009,178,101163,178,99994,178,101410,178,99993,178,101999,178,99990,178,,,99975,100,,,99958,100,,,99943,100,,,99933,200,,,99885,200
2019-06-28 09:47:50.000000000,100904,178,100072,178,100964,178,100009,178,101163,178,99994,178,101410,178,99993,178,101999,178,99990,178,,,99975,100,,,99958,100,,,99943,100,,,99933,200,,,99885,200
2019-06-28 09:48:00.000000000,100904,178,100072,178,100964,178,100009,178,101163,178,99994,178,101410,178,99993,178,101999,178,99990,178,,,99975,100,,,99958,100,,,99943,100,,,99933,200,,,99885,200
2019-06-28 09:48:10.000000000,100904,178,100072,178,100964,178,100009,178,101163,178,99994,178,101410,178,99993,178,101999,178,99990,178,,,99975,100,,,99958,100,,,99943,100,,,99933,200,,,99885,200
2019-06-28 09:48:20.000000000,100904,232,100072,232,100964,228,100009,228,101163,228,99994,228,101410,100,99993,100,101999,100,99990,100,,,99975,100,,,99958,100,,,99943,100,,,99933,200,,,99885,200
2019-06-28 09:48:21.199920655,100904,232,100072,232,100964,228,100009,228,101163,228,99994,228,101410,100,99993,100,101999,100,99990,100,,,99958,100,,,99943,100,,,99933,200,,,99885,200,,,99884,100
2019-06-28 09:48:30.000000000,100904,294,100072,294,100964,294,100009,294,101163,100,99994,100,101410,100,99993,100,101999,100,99990,100,,,99958,100,,,99943,100,,,99933,200,,,99885,200,,,99884,100
2019-06-28 09:48:31.442489416,100904,294,100072,294,100964,294,100009,294,101163,100,99994,100,101410,100,99993,100,101999,100,99990,100,,,99958,100,,,99943,100,,,99933,200,,,99885,200,,,99884,100
2019-06-28 09:48:40.000000000,100904,178,100072,178,100964,178,100009,178,101163,178,99994,178,101410,178,99993,178,101999,178,99990,178,,,99958,100,,,99943,100,,,99933,200,,,99885,200,,,99884,100
2019-06-28 09:48:50.000000000,100904,294,100072,294,100964,294,100009,294,101163,100,99994,100,101410,100,99993,100,101999,100,99990,100,,,99958,100,,,99943,100,,,99933,200,,,99885,200,,,99884,100
2019-06-28 09:48:51.386195671,100904,294,100072,294,100964,294,100009,294,101163,100,99994,100,101410,100,99993,100,101999,100,99990,100,,,99958,100,,,99943,100,,,99933,100,,,99885,200,,,99884,100
2019-06-28 09:49:00.000000000,100904,197,100072,197,100964,197,100009,197,101163,197,99994,197,101410,197,99993,197,101999,100,99990,100,,,99958,100,,,99943,100,,,99933,100,,,99885,200,,,99884,100
2019-06-28 09:49:02.733414606,100876,100,100072,197,100904,197,100009,197,100964,197,99994,197,101163,197,99993,197,101410,197,99990,100,101999,100,99958,100,,,99943,100,,,99933,100,,,99885,200,,,99884,100
2019-06-28 09:49:10.000000000,100876,197,100072,197,100904,197,100009,197,100964,197,99994,197,101163,197,99993,197,101410,100,99990,100,101999,100,99958,100,,,99943,100,,,99933,100,,,99885,200,,,99884,100
2019-06-28 09:49:13.866264297,100876,297,100072,197,100904,197,100009,197,100964,197,99994,97,101163,197,99993,197,101410,100,99990,100,101999,100,99958,100,,,99943,100,,,99933,100,,,99885,200,,,99884,100
2019-06-28 09:49:20.000000000,100876,332,100072,232,100904,228,100009,228,100964,228,99993,228,101163,100,99990,100,101410,100,99958,100,101999,100,99943,100,,,99933,100,,,99885,200,,,99884,100,,,99881,100
2019-06-28 09:49:22.379744174,100876,332,100072,232,100904,228,100009,228,100964,228,99993,228,101163,100,99990,100,101410,100,99958,100,101999,100,99943,100,,,99933,100,,,99885,200,,,99884,100,,,99881,100
2019-06-28 09:49:30.000000000,100876,297,100072,197,100904,197,100009,197,100964,197,99993,197,101163,197,99990,197,101410,100,99958,100,101999,100,99943,100,,,99933,100,,,99885,200,,,99884,100,,,99881,100
2019-06-28 09:49:40.000000000,100876,297,100072,197,100904,197,100009,197,100964,197,99993,197,101163,197,99990,197,101410,100,99958,100,101999,100,99943,100,,,99933,100,,,99885,200,,,99884,100,,,99881,100
2019-06-28 09:49:47.126240549,100876,297,100072,197,100904,197,100009,197,100964,197,99993,197,101163,197,99990,197,101999,100,99958,100,,,99943,100,,,99933,100,,,99885,200,,,99884,100,,,99881,100
2019-06-28 09:49:47.646499427,100876,297,100072,197,100904,197,100009,197,100964,197,99993,197,101163,197,99990,197,101999,100,99958,100,,,99943,100,,,99933,100,,,99885,200,,,99884,100,,,99881,100
2019-06-28 09:49:50.000000000,100876,278,100072,178,100904,178,100009,178,100964,178,99993,178,101163,178,99990,178,101999,178,99958,178,,,99943,100,,,99933,100,,,99885,200,,,99884,100,,,99881,100
2019-06-28 09:50:00.000000000,100876,394,100072,294,100904,294,100009,294,100964,100,99993,100,101163,100,99990,100,101999,100,99958,100,,,99943,100,,,99933,100,,,99885,200,,,99884,100,,,99881,100
2019-06-28 09:50:02.791822027,100876,394,100072,194,100904,294,100009,294,100964,100,99993,100,101163,100,99990,100,101999,100,99958,100,,,99943,100,,,99933,100,,,99885,200,,,99884,100,,,99881,100
2019-06-28 09:50:08.300164353,100875,100,100072,194,100876,394,100009,294,100904,294,99993,100,100964,100,99990,100,101163,100,99958,100,101999,100,99943,100,,,99933,100,,,99885,200,,,99884,100,,,99881,100
2019-06-28 09:50:10.000000000,100875,232,100009,232,100876,328,99993,228,100904,228,99990,228,100964,100,99958,100,101163,100,99943,100,101999,100,99933,100,,,99885,200,,,99884,100,,,99881,100,,,99853,100
2019-06-28 09:50:20.000000000,100875,178,100009,178,100876,278,99993,178,100904,178,99990,178,100964,178,99958,178,101163,178,99943,178,101999,100,99933,100,,,99885,200,,,99884,100,,,99881,100,,,99853,100
2019-06-28 09:50:30.000000000,100875,178,100009,178,100876,278,99993,178,100904,178,99990,178,100964,178,99958,178,101163,178,99943,178,101999,100,99933,100,,,99885,200,,,99884,100,,,99881,100,,,99853,100
2019-06-28 09:50:35.925998006,100875,178,100009,178,100876,278,99993,178,100904,178,99990,178,100964,178,99958,178,101163,178,99943,178,101999,100,99933,100,,,99885,200,,,99881,100,,,99853,100,,,99316,100
2019-06-28 09:50:40.000000000,100875,178,100009,178,100876,278,99993,178,100904,178,99990,178,100964,178,99958,178,101163,178,99943,178,101999,100,99933,100,,,99885,200,,,99881,100,,,99853,100,,,99316,100
2019-06-28 09:50:50.000000000,100875,232,100009,232,100876,328,99993,228,100904,228,99990,228,100964,100,99958,100,101163,100,99943,100,101999,100,99933,100,,,99885,200,,,99881,100,,,99853,100,,,99316,100
2019-06-28 09:51:00.000000000,100875,294,100009,294,100876,394,99993,294,100904,100,99990,100,100964,100,99958,100,101163,100,99943,100,101999,100,99933,100,,,99885,200,,,99881,100,,,99853,100,,,99316,100
2019-06-28 09:51:10.000000000,100875,232,100009,232,100876,328,99993,228,100904,228,99990,228,100964,100,99958,100,101163,100,99943,100,101999,100,99933,100,,,99885,200,,,99881,100,,,99853,100,,,99316,100
2019-06-28 09:51:20.000000000,100875,232,100009,232,100876,328,99993,228,100904,228,99990,228,100964,100,99958,100,101163,100,99943,100,101999,100,99933,100,,,99885,200,,,99881,100,,,99853,100,,,99316,100
2019-06-28 09:51:25.760459306,100875,332,100009,232,100876,328,99993,228,100904,228,99990,228,100964,100,99958,100,101163,100,99943,100,101999,100,99933,100,,,99885,200,,,99881,100,,,99853,100,,,99316,100
2019-06-28 09:51:30.000000000,100875,297,100009,197,100876,297,99993,197,100904,197,99990,197,100964,197,99958,197,101163,100,99943,100,101999,100,99933,100,,,99885,200,,,99881,100,,,99853,100,,,99316,100
2019-06-28 09:51:40.000000000,100875,394,100009,294,100876,394,99993,294,100904,100,99990,100,100964,100,99958,100,101163,100,99943,100,101999,100,99933,100,,,99885,200,,,99881,100,,,99853,100,,,99316,100
2019-06-28 09:51:50.000000000,100875,278,100009,178,100876,278,99993,178,100904,178,99990,178,100964,178,99958,178,101163,178,99943,178,101999,100,99933,100,,,99885,200,,,99881,100,,,99853,100,,,99316,100
2019-06-28 09:52:00.000000000,100875,297,100009,197,100876,297,99993,197,100904,197,99990,197,100964,197,99958,197,101163,100,99943,100,101999,100,99933,100,,,99885,200,,,99881,100,,,99853,100,,,99316,100
2019-06-28 09:52:10.000000000,100875,588,100009,488,100876,200,99993,100,100904,100,99990,100,100964,100,99958,100,101163,100,99943,100,101999,100,99933,100,,,99885,200,,,99881,100,,,99853,100,,,99316,100
2019-06-28 09:52:16.027086038,100875,588,100009,488,100876,200,99993,100,100904,100,99990,100,100964,100,99958,100,101163,100,99943,100,101999,100,99933,100,,,99885,200,,,99881,100,,,99853,100,,,99324,100
2019-06-28 09:52:20.000000000,100875,297,100009,197,100876,297,99993,197,100904,197,99990,197,100964,197,99958,197,101163,100,99943,100,101999,100,99933,100,,,99885,200,,,99881,100,,,99853,100,,,99324,100
2019-06-28 09:52:30.000000000,100875,297,100009,197,100876,297,99993,197,100904,197,99990,197,100964,197,99958,197,101163,100,99943,100,101999,100,99933,100,,,99885,200,,,99881,100,,,99853,100,,,99324,100
2019-06-28 09:52:40.000000000,100875,332,100009,232,100876,328,99993,228,100904,228,99990,228,100964,100,99958,100,101163,100,99943,100,101999,100,99933,100,,,99885,200,,,99881,100,,,99853,100,,,99324,100
2019-06-28 09:52:50.000000000,100875,588,100009,488,100876,200,99993,100,100904,100,99990,100,100964,100,99958,100,101163,100,99943,100,101999,100,99933,100,,,99885,200,,,99881,100,,,99853,100,,,99324,100
2019-06-28 09:53:00.000000000,100875,297,100009,197,100876,297,99993,197,100904,197,99990,197,100964,197,99958,197,101163,100,99943,100,101999,100,99933,100,,,99885,200,,,99881,100,,,99853,100,,,99324,100
2019-06-28 09:53:10.000000000,100875,332,100009,232,100876,328,99993,228,100904,228,99990,228,100964,100,99958,100,101163,100,99943,100,101999,100,99933,100,,,99885,200,,,99881,100,,,99853,100,,,99324,100
2019-06-28 09:53:14.232513243,100875,332,100418,100,100876,328,100009,232,100904,228,99993,228,100964,100,99990,228,101163,100,99958,100,101999,100,99943,100,,,99933,100,,,99885,200,,,99881,100,,,99853,100
2019-06-28 09:53:20.000000000,100875,297,100418,197,100876,297,100009,197,100904,197,99993,197,100964,197,99990,197,101163,100,99958,100,101999,100,99943,100,,,99933,100,,,99885,200,,,99881,100,,,99853,100
2019-06-28 09:53:21.084955191,100875,297,100471,100,100876,297,100418,197,100904,197,100009,197,100964,197,99993,197,101163,100,99990,197,101999,100,99958,100,,,99943,100,,,99933,100,,,99885,200,,,99881,100
2019-06-28 09:53:27.681728988,100875,297,100471,100,100876,297,100418,197,100904,197,100073,100,100964,197,100009,197,101163,100,99993,197,101999,100,99990,197,,,99958,100,,,99943,100,,,99933,100,,,99885,200
2019-06-28 09:53:30.000000000,100875,588,100471,488,100876,200,100418,100,100904,100,100073,100,100964,100,100009,100,101163,100,99993,100,101999,100,99990,100,,,99958,100,,,99943,100,,,99933,100,,,99885,200
2019-06-28 09:53:40.000000000,100875,297,100471,197,100876,297,100418,197,100904,197,100073,197,100964,197,100009,197,101163,100,99993,100,101999,100,99990,100,,,99958,100,,,99943,100,,,99933,100,,,99885,200
2019-06-28 09:53:50.000000000,100875,394,100471,294,100876,394,100418,294,100904,100,100073,100,100964,100,100009,100,101163,100,99993,100,101999,100,99990,100,,,99958,100,,,99943,100,,,99933,100,,,99885,200
2019-06-28 09:54:00.000000000,100875,394,100471,294,100876,394,100418,294,100904,100,100073,100,100964,100,100009,100,101163,100,99993,100,101999,100,99990,100,,,99958,100,,,99943,100,,,99933,100,,,99885,200
2019-06-28 09:54:05.537087836,100875,394,100471,294,100876,394,100418,294,100904,100,100073,200,100964,100,100009,100,101163,100,99993,100,101999,100,99990,100,,,99958,100,,,99943,100,,,99933,100,,,99885,200
2019-06-28 09:54:06.100642821,100875,394,100471,294,100876,394,100418,294,100904,100,100073,300,100964,100,100009,100,101163,100,99993,100,101999,100,99990,100,,,99958,100,,,99943,100,,,99933,100,,,99885,200
2019-06-28 09:54:07.133853755,100875,494,100471,294,100876,394,100418,294,100904,100,100073,300,100964,100,99993,100,101163,100,99990,100,101999,100,99958,100,,,99943,100,,,99933,100,,,99885,200,,,99881,100
2019-06-28 09:54:10.000000000,100875,378,100471,178,100876,278,100418,178,100904,178,100073,378,100964,178,99993,178,101163,178,99990,178,101999,100,99958,100,,,99943,100,,,99933,100,,,99885,200,,,99881,100
2019-06-28 09:54:20.000000000,100875,378,100471,178,100876,278,100418,178,100904,178,100073,378,100964,178,99993,178,101163,178,99990,178,101999,100,99958,100,,,99943,100,,,99933,100,,,99885,200,,,99881,100
2019-06-28 09:54:30.000000000,100875,688,100471,488,100876,200,100418,100,100904,100,100073,300,100964,100,99993,100,101163,100,99990,100,101999,100,99958,100,,,99943,100,,,99933,100,,,99885,200,,,99881,100
2019-06-28 09:54:40.000000000,100875,494,100471,294,100876,394,100418,294,100904,100,100073,300,100964,100,99993,100,101163,100,99990,100,101999,100,99958,100,,,99943,100,,,99933,100,,,99885,200,,,99881,100
2019-06-28 09:54:41.898509479,100875,594,100471,294,100876,394,100418,294,100904,100,100073,300,100964,100,99993,100,101163,100,99990,100,101999,100,99958,100,,,99943,100,,,99933,100,,,99885,200,,,99881,100
2019-06-28 09:54:46.795066262,100875,594,100471,194,100876,394,100418,294,100904,100,100073,300,100964,100,99993,100,101163,100,99990,100,101999,100,99958,100,,,99943,100,,,99933,100,,,99885,200,,,99881,100
2019-06-28 09:54:50.000000000,100875,497,100418,197,100876,297,100073,397,100904,197,99993,197,100964,197,99990,197,101163,100,99958,100,101999,100,99943,100,,,99933,100,,,99885,200,,,99881,100,,,99853,100
2019-06-28 09:55:00.000000000,100875,532,100418,232,100876,328,100073,428,100904,228,99993,228,100964,100,99990,100,101163,100,99958,100,101999,100,99943,100,,,99933,100,,,99885,200,,,99881,100,,,99853,100
2019-06-28 09:55:08.163166491,100471,100,100418,232,100875,532,100073,428,100876,328,99993,228,100904,228,99990,100,100964,100,99958,100,101163,100,99943,100,101999,100,99933,100,,,99885,200,,,99881,100,,,99853,100
2019-06-28 09:55:10.000000000,100471,178,100418,178,100875,478,100073,378,100876,278,99993,178,100904,178,99990,178,100964,178,99958,178,101163,100,99943,100,101999,100,99933,100,,,99885,200,,,99881,100,,,99853,100
2019-06-28 09:55:20.000000000,100471,178,100418,178,100875,478,100073,378,100876,278,99993,178,100904,178,99990,178,100964,178,99958,178,101163,100,99943,100,101999,100,99933,100,,,99885,200,,,99881,100,,,99853,100
2019-06-28 09:55:30.000000000,100471,178,100418,178,100875,478,100073,378,100876,278,99993,178,100904,178,99990,178,100964,178,99958,178,101163,100,99943,100,101999,100,99933,100,,,99885,200,,,99881,100,,,99853,100
2019-06-28 09:55:30.986109167,100471,178,100418,178,100875,478,100087,100,100876,278,100073,378,100904,178,99993,178,100964,178,99990,178,101163,100,99958,178,101999,100,99943,100,,,99933,100,,,99885,200,,,99881,100
2019-06-28 09:55:40.000000000,100471,178,100418,178,100875,478,100087,178,100876,278,100073,378,100904,178,99993,178,100964,178,99990,178,101163,100,99958,100,101999,100,99943,100,,,99933,100,,,99885,200,,,99881,100
2019-06-28 09:55:50.000000000,100471,488,100418,488,100875,400,100087,100,100876,200,100073,300,100904,100,99993,100,100964,100,99990,100,101163,100,99958,100,101999,100,99943,100,,,99933,100,,,99885,200,,,99881,100
2019-06-28 09:56:00.000000000,100471,178,100418,178,100875,478,100087,178,100876,278,100073,378,100904,178,99993,178,100964,178,99990,178,101163,100,99958,100,101999,100,99943,100,,,99933,100,,,99885,200,,,99881,100
2019-06-28 09:56:01.805594695,100471,278,100418,178,100875,478,100087,178,100876,278,100073,378,100904,178,99993,178,100964,178,99990,178,101163,100,99958,100,101999,100,99943,100,,,99933,100,,,99885,200,,,99881,100
2019-06-28 09:56:10.000000000,100471,278,100418,178,100875,478,100087,178,100876,278,100073,378,100904,178,99993,178,100964,178,99990,178,101163,100,99958,100,101999,100,99943,100,,,99933,100,,,99885,200,,,99881,100
2019-06-28 09:56:20.000000000,100471,588,100418,488,100875,400,100087,100,100876,200,100073,300,100904,100,99993,100,100964,100,99990,100,101163,100,99958,100,101999,100,99943,100,,,99933,100,,,99885,200,,,99881,100
2019-06-28 09:56:30.000000000,100471,588,100418,488,100875,400,100087,100,100876,200,100073,300,100904,100,99993,100,100964,100,99990,100,101163,100,99958,100,101999,100,99943,100,,,99933,100,,,99885,200,,,99881,100
2019-06-28 09:56:34.819481247,100471,688,100418,488,100875,400,100087,100,100876,200,100073,300,100904,100,99993,100,100964,100,99990,100,101163,100,99958,100,101999,100,99943,100,,,99933,100,,,99885,200,,,99881,100
2019-06-28 09:56:40.000000000,100471,688,100418,488,100875,400,100087,100,100876,200,100073,300,100904,100,99993,100,100964,100,99990,100,101163,100,99958,100,101999,100,99943,100,,,99933,100,,,99885,200,,,99881,100
2019-06-28 09:56:42.793760308,100471,688,100418,388,100875,400,100087,100,100876,200,100073,300,100904,100,99993,100,100964,100,99990,100,101163,100,99958,100,101999,100,99943,100,,,99933,100,,,99885,200,,,99881,100
2019-06-28 09:56:50.000000000,100471,494,100087,294,100875,594,100073,494,100876,200,99993,100,100904,100,99990,100,100964,100,99958,100,101163,100,99943,100,101999,100,99933,100,,,99885,200,,,99881,100,,,99853,100
2019-06-28 09:56:54.817106645,100236,100,100087,294,100471,494,100073,494,100875,594,99993,100,100876,200,99990,100,100904,100,99958,100,100964,100,99943,100,101163,100,99933,100,101999,100,99885,200,,,99881,100,,,99853,100
2019-06-28 09:56:55.271582838,100236,100,100087,294,100471,494,100073,494,100875,594,99993,100,100876,200,99990,100,100904,100,99958,100,100964,100,99943,100,101163,100,99934,100,101999,100,99933,100,,,99885,200,,,99881,100
2019-06-28 09:56:56.629186937,100213,100,100087,294,100236,100,100073,494,100471,494,99993,100,100875,594,99990,100,100876,200,99958,100,100904,100,99943,100,100964,100,99933,100,101163,100,99885,200,101999,100,99881,100,,,99853,100
2019-06-28 09:57:00.000000000,100213,197,100087,197,100236,197,100073,397,100471,397,99993,197,100875,497,99990,197,100876,200,99958,100,100904,100,99943,100,100964,100,99933,100,101163,100,99885,200,101999,100,99881,100,,,99853,100
2019-06-28 09:57:05.332768308,100139,100,100087,197,100213,197,100073,397,100236,197,99993,197,100471,397,99990,197,100875,497,99958,100,100876,200,99943,100,100904,100,99933,100,100964,100,99885,200,101163,100,99881,100,101999,100,99853,100
2019-06-28 09:57:10.000000000,100139,197,100087,197,100213,197,100073,397,100236,197,99993,197,100471,397,99990,197,100875,400,99958,100,100876,200,99943,100,100904,100,99933,100,100964,100,99885,200,101163,100,99881,100,101999,100,99853,100
2019-06-28 09:57:17.776378332,100139,197,100087,197,100213,197,100073,397,100236,197,99993,197,100470,100,99990,197,100471,397,99958,100,100875,300,99943,100,100876,200,99933,100,100904,100,99885,200,100964,100,99881,100,101163,100,99853,100
2019-06-28 09:57:18.522549538,100139,197,100087,97,100213,197,100073,397,100236,197,99993,197,100470,100,99990,197,100471,397,99958,100,100875,300,99943,100,100876,200,99933,100,100904,100,99885,200,100964,100,99881,100,101163,100,99853,100
2019-06-28 09:57:20.000000000,100139,488,100073,688,100213,100,99993,100,100236,100,99990,100,100470,100,99958,100,100471,300,99943,100,100875,300,99933,100,100876,200,99885,200,100904,100,99881,100,100964,100,99853,100,101163,100,99324,100
2019-06-28 09:57:26.674132592,100139,488,100073,688,100213,100,99993,100,100236,100,99990,100,100418,100,99958,100,100470,100,99943,100,100471,300,99933,100,100875,300,99885,200,100876,200,99881,100,100904,100,99853,100,100964,100,99324,100
2019-06-28 09:57:30.000000000,100139,178,100073,378,100213,178,99993,178,100236,178,99990,178,100418,178,99958,178,100470,178,99943,178,100471,300,99933,100,100875,300,99885,200,100876,200,99881,100,100904,100,99853,100,100964,100,99324,100
2019-06-28 09:57:31.476835567,100139,178,100073,378,100213,178,99993,178,100236,178,99990,178,100418,178,99958,178,100470,178,99943,178,100471,300,99933,100,100875,300,99885,200,100876,200,99881,100,100904,100,99853,100,100964,100,99761,100
2019-06-28 09:57:37.600775776,100139,178,100073,278,100213,178,99993,178,100236,178,99990,178,100418,178,99958,178,100470,178,99943,178,100471,300,99933,100,100875,300,99885,200,100876,200,99881,100,100904,100,99853,100,100964,100,99761,100
2019-06-28 09:57:39.103424470,100139,178,100073,178,100213,178,99993,178,100236,178,99990,178,100418,178,99958,178,100470,178,99943,178,100471,300,99933,100,100875,300,99885,200,100876,200,99881,100,100904,100,99853,100,101163,100,99761,100
2019-06-28 09:57:40.000000000,100139,232,100073,232,100213,228,99993,228,100236,228,99990,228,100418,100,99958,100,100470,100,99943,100,100471,300,99933,100,100875,300,99885,200,100876,200,99881,100,100904,100,99853,100,101163,100,99761,100
2019-06-28 09:57:50.000000000,100139,197,100073,197,100213,197,99993,197,100236,197,99990,197,100418,197,99958,197,100470,100,99943,100,100471,300,99933,100,100875,300,99885,200,100876,200,99881,100,100904,100,99853,100,101163,100,99761,100
2019-06-28 09:57:50.302173486,100139,197,100073,197,100213,197,99993,197,100236,197,99990,197,100418,197,99958,197,100470,100,99943,100,100471,300,99933,100,100875,300,99885,200,100876,200,99881,100,100904,100,99853,100,101163,100,99761,100
2019-06-28 09:58:00.000000000,100139,178,100073,178,100213,178,99993,178,100236,178,99990,178,100418,178,99958,178,100470,178,99943,178,100471,300,99933,100,100875,300,99885,200,100876,200,99881,100,100904,100,99853,100,101163,100,99761,100
2019-06-28 09:58:05.246409197,100139,178,100073,178,100213,178,99993,178,100236,178,99990,178,100418,178,99980,100,100470,178,99958,178,100471,300,99943,178,100875,300,99933,100,100876,200,99885,200,100904,100,99881,100,101163,100,99853,100
2019-06-28 09:58:10.000000000,100139,178,100073,178,100213,178,99993,178,100236,178,99990,178,100418,178,99980,178,100470,178,99958,178,100471,300,99943,100,100875,300,99933,100,100876,200,99885,200,100904,100,99881,100,101163,100,99853,100
2019-06-28 09:58:16.117866323,100139,178,100073,178,100213,178,99993,178,100236,178,99990,178,100418,178,99980,178,100470,178,99958,178,100471,300,99943,100,100875,300,99933,100,100876,200,99885,200,100904,100,99881,100,101163,100,99862,100
2019-06-28 09:58:20.000000000,100139,197,100073,197,100213,197,99993,197,100236,197,99990,197,100418,197,99980,197,100470,100,99958,100,100471,300,99943,100,100875,300,99933,100,100876,200,99885,200,100904,100,99881,100,101163,100,99862,100
2019-06-28 09:58:25.703392688,100139,197,100073,197,100148,100,99993,197,100213,197,99990,197,100236,197,99980,197,100418,197,99958,100,100470,100,99943,100,100471,300,99933,100,100875,300,99885,200,100876,200,99881,100,100904,100,99862,100
2019-06-28 09:58:30.000000000,100139,197,100073,197,100148,197,99993,197,100213,197,99990,197,100236,197,99980,197,100418,100,99958,100,100470,100,99943,100,100471,300,99933,100,100875,300,99885,200,100876,200,99881,100,100904,100,99862,100
2019-06-28 09:58:40.000000000,100139,488,100073,488,100148,100,99993,100,100213,100,99990,100,100236,100,99980,100,100418,100,99958,100,100470,100,99943,100,100471,300,99933,100,100875,300,99885,200,100876,200,99881,100,100904,100,99862,100
2019-06-28 09:58:49.462726489,100139,488,100074,100,100148,100,100073,488,100213,100,99993,100,100236,100,99990,100,100470,100,99980,100,100471,300,99958,100,100875,300,99943,100,100876,200,99933,100,100904,100,99885,200,101163,100,99881,100
2019-06-28 09:58:50.000000000,100139,178,100074,178,100148,178,100073,178,100213,178,99993,178,100236,178,99990,178,100470,178,99980,178,100471,300,99958,100,100875,300,99943,100,100876,200,99933,100,100904,100,99885,200,101163,100,99881,100
2019-06-28 09:58:57.566539105,100139,178,100074,278,100148,178,100073,178,100213,178,99993,178,100236,178,99990,178,100470,178,99980,178,100471,300,99958,100,100875,200,99943,100,100876,200,99933,100,100904,100,99885,200,101163,100,99881,100
2019-06-28 09:59:00.000000000,100139,232,100074,332,100148,228,100073,228,100213,228,99993,228,100236,100,99990,100,100470,100,99980,100,100471,300,99958,100,100875,200,99943,100,100876,200,99933,100,100904,100,99885,200,101163,100,99881,100
2019-06-28 09:59:04.149350092,100139,232,100074,332,100148,228,100073,228,100213,228,99993,228,100236,100,99990,100,100470,100,99980,100,100471,300,99958,100,100875,100,99943,100,100876,200,99933,100,100904,100,99885,200,101163,100,99881,100
2019-06-28 09:59:10.000000000,100139,488,100074,588,100148,100,100073,100,100213,100,99993,100,100236,100,99990,100,100470,100,99980,100,100471,300,99958,100,100875,100,99943,100,100876,200,99933,100,100904,100,99885,200,101163,100,99881,100
2019-06-28 09:59:11.801613655,100139,488,100099,100,100148,100,100074,588,100213,100,100073,100,100236,100,99993,100,100470,100,99990,100,100471,300,99980,100,100875,100,99958,100,100876,200,99943,100,100904,100,99933,100,101163,100,99885,200
2019-06-28 09:59:20.000000000,100139,178,100099,178,100148,178,100074,278,100213,178,100073,178,100236,178,99993,178,100470,178,99990,178,100471,300,99980,100,100875,100,99958,100,100876,200,99943,100,100904,100,99933,100,101163,100,99885,200
2019-06-28 09:59:30.000000000,100139,232,100099,232,100148,228,100074,328,100213,228,100073,228,100236,100,99993,100,100470,100,99990,100,100471,300,99980,100,100875,100,99958,100,100876,200,99943,100,100904,100,99933,100,101163,100,99885,200
2019-06-28 09:59:40.000000000,100139,232,100099,232,100148,228,100074,328,100213,228,100073,228,100236,100,99993,100,100470,100,99990,100,100471,300,99980,100,100875,100,99958,100,100876,200,99943,100,100904,100,99933,100,101163,100,99885,200
2019-06-28 09:59:50.000000000,100139,178,100099,178,100148,178,100074,278,100213,178,100073,178,100236,178,99993,178,100470,178,99990,178,100471,300,99980,100,100875,100,99958,100,100876,200,99943,100,100904,100,99933,100,101163,100,99885,200
2019-06-28 10:00:00.000000000,100139,488,100099,488,100148,100,100074,200,100213,100,100073,100,100236,100,99993,100,100470,100,99990,100,100471,300,99980,100,100875,100,99958,100,100876,200,99943,100,100904,100,99933,100,101163,100,99885,200
2019-06-28 10:00:09.134041309,100139,488,100099,488,100148,100,100074,200,100213,100,100073,100,100236,100,99993,100,100470,100,99990,100,100471,300,99980,100,100875,100,99958,100,100876,200,99943,100,100904,100,99933,100,101163,100,99885,200
2019-06-28 10:00:10.000000000,100139,232,100099,232,100148,228,100074,328,100213,228,100073,228,100236,100,99993,100,100470,100,99990,100,100471,300,99980,100,100875,100,99958,100,100876,200,99943,100,100904,100,99933,100,101163,100,99885,200
2019-06-28 10:00:20.000000000,100139,178,100099,178,100148,178,100074,278,100213,178,100073,178,100236,178,99993,178,100470,178,99990,178,100471,300,99980,100,100875,100,99958,100,100876,200,99943,100,100904,100,99933,100,101163,100,99885,200
2019-06-28 10:00:30.000000000,100139,294,100099,294,100148,294,100074,394,100213,100,100073,100,100236,100,99993,100,100470,100,99990,100,100471,300,99980,100,100875,100,99958,100,100876,200,99943,100,100904,100,99933,100,101163,100,99885,200
2019-06-28 10:00:40.000000000,100139,232,100099,232,100148,228,100074,328,100213,228,100073,228,100236,100,99993,100,100470,100,99990,100,100471,300,99980,100,100875,100,99958,100,100876,200,99943,100,100904,100,99933,100,101163,100,99885,200
2019-06-28 10:00:44.586475474,100139,232,100099,232,100148,228,100074,328,100213,228,100073,228,100236,100,99993,100,100470,100,99990,100,100471,300,99980,100,100875,100,99958,100,100876,200,99943,100,100904,100,99933,100,101163,100,99885,200
2019-06-28 10:00:46.250006975,100139,132,100099,232,100148,228,100074,328,100213,228,100073,228,100236,100,99993,100,100470,100,99990,100,100471,300,99980,100,100875,100,99958,100,100876,200,99943,100,100904,100,99933,100,101163,100,99885,100
2019-06-28 10:00:50.000000000,100148,232,100099,232,100213,228,100074,328,100236,228,100073,228,100470,100,99993,100,100471,300,99990,100,100875,100,99980,100,100876,200,99958,100,100904,100,99943,100,101163,100,99933,100,101194,100,99885,100
2019-06-28 10:01:00.000000000,100148,197,100099,197,100213,197,100074,297,100236,197,100073,197,100470,197,99993,197,100471,300,99990,100,100875,100,99980,100,100876,200,99958,100,100904,100,99943,100,101163,100,99933,100,101194,100,99885,100
2019-06-28 10:01:07.796281330,100148,97,100099,197,100213,197,100074,297,100236,197,100073,197,100470,197,99993,197,100471,300,99990,100,100875,100,99980,100,100876,200,99958,100,100904,100,99943,100,101163,100,99933,100,101194,100,99885,100
2019-06-28 10:01:10.000000000,100213,178,100099,178,100236,178,100074,278,100470,178,100073,178,100471,378,99993,178,100875,178,99990,178,100876,200,99980,100,100904,100,99958,100,101163,100,99943,100,101194,100,99933,100,101999,100,99885,100
2019-06-28 10:01:20.000000000,100213,197,100099,197,100236,197,100074,297,100470,197,100073,197,100471,397,99993,197,100875,100,99990,100,100876,200,99980,100,100904,100,99958,100,101163,100,99943,100,101194,100,99933,100,101999,100,99885,100
2019-06-28 10:01:28.935182346,100213,97,100099,197,100236,197,100074,297,100470,197,100073,197,100471,397,99993,197,100875,100,99990,100,100876,200,99980,100,100904,100,99958,100,101163,100,99943,100,101194,100,99933,100,101999,100,99885,100
2019-06-28 10:01:30.000000000,100236,488,100099,488,100470,100,100074,200,100471,300,100073,100,100875,100,99993,100,100876,200,99990,100,100904,100,99980,100,101163,100,99958,100,101194,100,99943,100,101999,100,99933,100,102559,100,99885,100
2019-06-28 10:01:33.920022622,100236,488,100099,488,100470,100,100074,200,100471,300,100073,100,100875,100,99993,100,100876,200,99990,100,100904,100,99980,100,101163,100,99958,100,101194,100,99943,100,101999,100,99933,100,102346,100,99885,100
2019-06-28 10:01:40.000000000,100236,178,100099,178,100470,178,100074,278,100471,378,100073,178,100875,178,99993,178,100876,278,99990,178,100904,100,99980,100,101163,100,99958,100,101194,100,99943,100,101999,100,99933,100,102346,100,99885,100
2019-06-28 10:01:44.538448361,100236,178,100099,178,100470,178,100074,278,100471,378,100073,178,100875,178,99993,178,100876,278,99990,178,100904,100,99980,100,101163,100,99958,100,101194,100,99943,100,101999,100,99933,100,102346,100,99885,100
2019-06-28 10:01:50.000000000,100236,178,100099,178,100470,178,100074,278,100471,378,100073,178,100875,178,99993,178,100876,278,99990,178,100904,100,99980,100,101163,100,99958,100,101194,100,99943,100,101999,100,99933,100,102346,100,99885,100
2019-06-28 10:02:00.000000000,100236,232,100099,232,100470,228,100074,328,100471,428,100073,228,100875,100,99993,100,100876,200,99990,100,100904,100,99980,100,101163,100,99958,100,101194,100,99943,100,101999,100,99933,100,102346,100,99885,100
2019-06-28 10:02:10.000000000,100236,197,100099,197,100470,197,100074,297,100471,397,100073,197,100875,197,99993,197,100876,200,99990,100,100904,100,99980,100,101163,100,99958,100,101194,100,99943,100,101999,100,99933,100,102346,100,99885,100
2019-06-28 10:02:20.000000000,100236,197,100099,197,100470,197,100074,297,100471,397,100073,197,100875,197,99993,197,100876,200,99990,100,100904,100,99980,100,101163,100,99958,100,101194,100,99943,100,101999,100,99933,100,102346,100,99885,100
2019-06-28 10:02:30.000000000,100236,232,100099,232,100470,228,100074,328,100471,428,100073,228,100875,100,99993,100,100876,200,99990,100,100904,100,99980,100,101163,100,99958,100,101194,100,99943,100,101999,100,99933,100,102346,100,99885,100
2019-06-28 10:02:38.574451247,100236,232,100148,100,100470,228,100099,232,100471,428,100074,328,100875,100,100073,228,100876,200,99993,100,100904,100,99990,100,101163,100,99980,100,101194,100,99958,100,101999,100,99943,100,102346,100,99933,100
2019-06-28 10:02:40.000000000,100236,232,100148,232,100470,228,100099,228,100471,428,100074,328,100875,100,100073,100,100876,200,99993,100,100904,100,99990,100,101163,100,99980,100,101194,100,99958,100,101999,100,99943,100,102346,100,99933,100
2019-06-28 10:02:42.144265924,100236,132,100148,232,100470,228,100099,228,100471,428,100074,328,100875,100,100073,100,100876,200,99993,100,100904,100,99990,100,101163,100,99980,100,101999,100,99958,100,102346,100,99943,100,102434,100,99933,100
2019-06-28 10:02:49.422223893,100236,132,100213,100,100470,228,100148,232,100471,428,100099,228,100875,100,100074,328,100876,200,100073,100,100904,100,99993,100,101163,100,99990,100,101999,100,99980,100,102346,100,99958,100,102434,100,99943,100
2019-06-28 10:02:50.000000000,100470,488,100213,488,100471,300,100148,100,100875,100,100099,100,100876,200,100074,200,100904,100,100073,100,101163,100,99993,100,101999,100,99990,100,102346,100,99980,100,102434,100,99958,100,102559,100,99943,100
2019-06-28 10:02:59.898222236,100470,488,100213,488,100471,300,100148,100,100875,100,100099,100,100876,200,100074,200,100904,100,100073,100,101163,100,99993,100,101464,100,99990,100,101999,100,99980,100,102346,100,99958,100,102434,100,99943,100
2019-06-28 10:03:00.000000000,100470,488,100213,488,100471,300,100148,100,100875,100,100099,100,100876,200,100074,200,100904,100,100073,100,101163,100,99993,100,101464,100,99990,100,101999,100,99980,100,102346,100,99958,100,102434,100,99943,100
2019-06-28 10:03:10.000000000,100470,232,100213,232,100471,428,100148,228,100875,228,100099,228,100876,200,100074,200,100904,100,100073,100,101163,100,99993,100,101464,100,99990,100,101999,100,99980,100,102346,100,99958,100,102434,100,99943,100
2019-06-28 10:03:20.000000000,100470,232,100213,232,100471,428,100148,228,100875,228,100099,228,100876,200,100074,200,100904,100,100073,100,101163,100,99993,100,101464,100,99990,100,101999,100,99980,100,102346,100,99958,100,102434,100,99943,100
2019-06-28 10:03:30.000000000,100470,488,100213,488,100471,300,100148,100,100875,100,100099,100,100876,200,100074,200,100904,100,100073,100,101163,100,99993,100,101464,100,99990,100,101999,100,99980,100,102346,100,99958,100,102434,100,99943,100
2019-06-28 10:03:40.000000000,100470,232,100213,232,100471,428,100148,228,100875,228,100099,228,100876,200,100074,200,100904,100,100073,100,101163,100,99993,100,101464,100,99990,100,101999,100,99980,100,102346,100,99958,100,102434,100,99943,100
2019-06-28 10:03:43.301779094,100470,232,100213,232,100471,428,100148,228,100875,228,100099,228,100876,200,100074,200,100904,100,100073,100,101163,100,99993,100,101464,100,99990,100,101821,100,99980,100,101999,100,99958,100,102346,100,99943,100
2019-06-28 10:03:44.620671167,100470,232,100213,232,100471,428,100148,228,100875,228,100099,228,100876,200,100074,200,100904,100,100073,100,101163,100,99993,100,101464,100,99990,100,101821,100,99980,100,101999,100,99958,100,102005,100,99943,100
2019-06-28 10:03:47.565662066,100470,232,100213,232,100471,428,100148,228,100875,228,100099,228,100876,200,100074,200,100904,100,100073,100,101163,100,99993,100,101464,100,99990,100,101821,100,99980,100,101999,100,99958,100,102005,100,99943,100
2019-06-28 10:03:50.000000000,100470,232,100213,232,100471,428,100148,228,100875,228,100099,228,100876,200,100074,200,100904,100,100073,100,101163,100,99993,100,101464,100,99990,100,101821,100,99980,100,101999,100,99958,100,102005,100,99943,100
2019-06-28 10:03:54.457564644,100470,132,100213,232,100471,428,100148,228,100875,228,100099,228,100876,200,100074,200,100904,100,100073,100,101163,100,99993,100,101464,100,99990,100,101821,100,99980,100,101999,100,99958,100,102005,100,99943,100
2019-06-28 10:03:55.847583921,100470,132,100213,232,100471,428,100148,228,100875,228,100099,228,100876,200,100074,200,100904,100,100073,100,101163,100,99993,100,101464,100,99990,100,101821,100,99980,100,101999,100,99958,100,102005,100,99943,100
2019-06-28 10:04:00.000000000,100471,494,100213,294,100875,294,100148,294,100876,200,100099,100,100904,100,100074,200,101163,100,100073,100,101464,100,99993,100,101821,100,99990,100,101999,100,99980,100,102005,100,99958,100,102059,100,99943,100
2019-06-28 10:04:04.598504655,100471,494,100213,294,100875,294,100148,294,100876,200,100099,100,100904,100,100074,200,101163,100,100073,100,101464,100,99993,100,101818,100,99990,100,101821,100,99980,100,101999,100,99958,100,102005,100,99943,100
2019-06-28 10:04:06.527069956,100471,494,100236,100,100875,294,100213,294,100876,200,100148,294,100904,100,100099,100,101163,100,100074,200,101464,100,100073,100,101818,100,99993,100,101821,100,99990,100,101999,100,99980,100,102005,100,99958,100
2019-06-28 10:04:10.000000000,100471,378,100236,178,100875,178,100213,178,100876,278,100148,178,100904,178,100099,178,101163,178,100074,278,101464,100,100073,100,101818,100,99993,100,101821,100,99990,100,101999,100,99980,100,102005,100,99958,100
2019-06-28 10:04:20.000000000,100471,432,100236,232,100875,228,100213,228,100876,328,100148,228,100904,100,100099,100,101163,100,100074,200,101464,100,100073,100,101818,100,99993,100,101821,100,99990,100,101999,100,99980,100,102005,100,99958,100
2019-06-28 10:04:30.000000000,100471,397,100236,197,100875,197,100213,197,100876,297,100148,197,100904,197,100099,197,101163,100,100074,200,101464,100,100073,100,101818,100,99993,100,101821,100,99990,100,101999,100,99980,100,102005,100,99958,100
2019-06-28 10:04:40.000000000,100471,378,100236,178,100875,178,100213,178,100876,278,100148,178,100904,178,100099,178,101163,178,100074,278,101464,100,100073,100,101818,100,99993,100,101821,100,99990,100,101999,100,99980,100,102005,100,99958,100
2019-06-28 10:04:46.110066505,100471,278,100236,178,100875,178,100213,178,100876,278,100148,178,100904,178,100099,178,101163,78,100074,278,101464,100,100073,100,101818,100,99993,100,101821,100,99990,100,101999,100,99980,100,102005,100,99958,100
2019-06-28 10:04:50.000000000,100471,588,100236,488,100875,100,100213,100,100876,200,100148,100,100904,100,100099,100,101464,100,100074,200,101818,100,100073,100,101821,100,99993,100,101999,100,99990,100,102005,100,99980,100,102059,100,99958,100
2019-06-28 10:04:53.589208218,100471,588,100236,488,100875,100,100213,100,100876,200,100148,100,100904,100,100099,100,101464,100,100074,200,101818,100,100073,100,101821,100,99993,100,101959,100,99990,100,101999,100,99958,100,102005,100,99943,100
2019-06-28 10:04:54.372651341,100471,588,100236,488,100875,100,100213,100,100876,200,100148,100,100904,100,100099,100,101464,100,100074,200,101793,100,100073,100,101818,100,99993,100,101821,100,99990,100,101959,100,99958,100,101999,100,99943,100
2019-06-28 10:05:00.000000000,100471,332,100236,232,100875,228,100213,228,100876,328,100148,228,100904,100,100099,100,101464,100,100074,200,101793,100,100073,100,101818,100,99993,100,101821,100,99990,100,101959,100,99958,100,101999,100,99943,100
2019-06-28 10:05:10.000000000,100471,332,100236,232,100875,228,100213,228,100876,328,100148,228,100904,100,100099,100,101464,100,100074,200,101793,100,100073,100,101818,100,99993,100,101821,100,99990,100,101959,100,99958,100,101999,100,99943,100
2019-06-28 10:05:19.452678956,100471,332,100236,232,100875,228,100213,228,100876,328,100148,228,100904,100,100099,100,101464,100,100074,200,101793,100,100073,100,101818,100,99993,100,101821,100,99990,100,101999,100,99958,100,102005,100,99943,100
2019-06-28 10:05:20.000000000,100471,297,100236,197,100875,197,100213,197,100876,297,100148,197,100904,197,100099,197,101464,100,100074,200,101793,100,100073,100,101818,100,99993,100,101821,100,99990,100,101999,100,99958,100,102005,100,99943,100
2019-06-28 10:05:20.666161314,100471,297,100470,100,100875,197,100236,197,100876,297,100213,197,100904,197,100148,197,101464,100,100099,197,101793,100,100074,200,101818,100,100073,100,101821,100,99993,100,101999,100,99990,100,102005,100,99958,100
2019-06-28 10:05:30.000000000,100471,588,100470,488,100875,100,100236,100,100876,200,100213,100,100904,100,100148,100,101464,100,100099,100,101793,100,100074,200,101818,100,100073,100,101821,100,99993,100,101999,100,99990,100,102005,100,99958,100
2019-06-28 10:05:40.000000000,100471,394,100470,294,100875,294,100236,294,100876,200,100213,100,100904,100,100148,100,101464,100,100099,100,101793,100,100074,200,101818,100,100073,100,101821,100,99993,100,101999,100,99990,100,102005,100,99958,100
2019-06-28 10:05:50.000000000,100471,297,100470,197,100875,197,100236,197,100876,297,100213,197,100904,197,100148,197,101464,100,100099,100,101793,100,100074,200,101818,100,100073,100,101821,100,99993,100,101999,100,99990,100,102005,100,99958,100
2019-06-28 10:06:00.000000000,100471,297,100470,197,100875,197,100236,197,100876,297,100213,197,100904,197,100148,197,101464,100,100099,100,101793,100,100074,200,101818,100,100073,100,101821,100,99993,100,101999,100,99990,100,102005,100,99958,100
2019-06-28 10:06:01.962987996,100471,197,100470,197,100875,197,100236,197,100876,297,100213,197,100904,197,100148,197,101464,100,100099,100,101793,100,100074,200,101818,100,100073,100,101821,100,99993,100,101999,100,99990,100,102005,100,99958,100
2019-06-28 10:06:10.000000000,100471,197,100470,197,100875,197,100236,197,100876,297,100213,197,100904,197,100148,197,101464,100,100099,100,101793,100,100074,200,101818,100,100073,100,101821,100,99993,100,101999,100,99990,100,102005,100,99958,100
2019-06-28 10:06:20.000000000,100471,178,100470,178,100875,178,100236,178,100876,278,100213,178,100904,178,100148,178,101464,178,100099,178,101793,100,100074,200,101818,100,100073,100,101821,100,99993,100,101999,100,99990,100,102005,100,99958,100
2019-06-28 10:06:30.000000000,100471,197,100470,197,100875,197,100236,197,100876,297,100213,197,100904,197,100148,197,101464,100,100099,100,101793,100,100074,200,101818,100,100073,100,101821,100,99993,100,101999,100,99990,100,102005,100,99958,100
2019-06-28 10:06:40.000000000,100471,197,100470,197,100875,197,100236,197,100876,297,100213,197,100904,197,100148,197,101464,100,100099,100,101793,100,100074,200,101818,100,100073,100,101821,100,99993,100,101999,100,99990,100,102005,100,99958,100
2019-06-28 10:06:50.000000000,100471,232,100470,232,100875,228,100236,228,100876,328,100213,228,100904,100,100148,100,101464,100,100099,100,101793,100,100074,200,101818,100,100073,100,101821,100,99993,100,101999,100,99990,100,102005,100,99958,100
2019-06-28 10:06:58.781698984,100471,132,100470,232,100875,228,100236,228,100876,328,100213,228,100904,100,100148,100,101464,100,100099,100,101793,100,100074,200,101818,100,100073,100,101821,100,99993,100,101999,100,99990,100,102005,100,99958,100
2019-06-28 10:07:00.000000000,100875,232,100470,232,100876,328,100236,228,100904,228,100213,228,101464,100,100148,100,101793,100,100099,100,101818,100,100074,200,101821,100,100073,100,101999,100,99993,100,102005,100,99990,100,102059,100,99958,100
2019-06-28 10:07:10.000000000,100875,232,100470,232,100876,328,100236,228,100904,228,100213,228,101464,100,100148,100,101793,100,100099,100,101818,100,100074,200,101821,100,100073,100,101999,100,99993,100,102005,100,99990,100,102059,100,99958,100
2019-06-28 10:07:20.000000000,100875,232,100470,232,100876,328,100236,228,100904,228,100213,228,101464,100,100148,100,101793,100,100099,100,101818,100,100074,200,101821,100,100073,100,101999,100,99993,100,102005,100,99990,100,102059,100,99958,100
2019-06-28 10:07:30.000000000,100875,178,100470,178,100876,278,100236,178,100904,178,100213,178,101464,178,100148,178,101793,178,100099,178,101818,100,100074,200,101821,100,100073,100,101999,100,99993,100,102005,100,99990,100,102059,100,99958,100
2019-06-28 10:07:34.710782301,100833,100,100470,178,100875,178,100236,178,100876,278,100213,178,100904,178,100148,178,101464,178,100099,178,101793,178,100074,200,101818,100,100073,100,101821,100,99993,100,101999,100,99990,100,102005,100,99958,100
2019-06-28 10:07:40.000000000,100833,197,100470,197,100875,197,100236,197,100876,297,100213,197,100904,197,100148,197,101464,100,100099,100,101793,100,100074,200,101818,100,100073,100,101821,100,99993,100,101999,100,99990,100,102005,100,99958,100
2019-06-28 10:07:50.000000000,100833,294,100470,294,100875,294,100236,294,100876,200,100213,100,100904,100,100148,100,101464,100,100099,100,101793,100,100074,200,101818,100,100073,100,101821,100,99993,100,101999,100,99990,100,102005,100,99958,100
2019-06-28 10:08:00.000000000,100833,197,100470,197,100875,197,100236,197,100876,297,100213,197,100904,197,100148,197,101464,100,100099,100,101793,100,100074,200,101818,100,100073,100,101821,100,99993,100,101999,100,99990,100,102005,100,99958,100
2019-06-28 10:08:10.000000000,100833,294,100470,294,100875,294,100236,294,100876,200,100213,100,100904,100,100148,100,101464,100,100099,100,101793,100,100074,200,101818,100,100073,100,101821,100,99993,100,101999,100,99990,100,102005,100,99958,100
2019-06-28 10:08:14.630200436,100833,194,100470,294,100875,294,100236,294,100876,200,100213,100,100904,100,100148,100,101464,100,100099,100,101793,100,100074,200,101818,100,100073,100,101821,100,99993,100,101999,100,99990,100,102005,100,99958,100
2019-06-28 10:08:20.000000000,100875,197,100470,197,100876,297,100236,197,100904,197,100213,197,101464,197,100148,197,101793,100,100099,100,101818,100,100074,200,101821,100,100073,100,101999,100,99993,100,102005,100,99990,100,102059,100,99958,100
2019-06-28 10:08:25.642481093,100875,197,100471,100,100876,297,100470,197,100904,197,100236,197,101464,197,100213,197,101793,100,100148,97,101818,100,100099,100,101821,100,100074,200,101999,100,100073,100,102005,100,99993,100,102059,100,99990,100
2019-06-28 10:08:28.542316232,100875,197,100471,100,100876,297,100470,197,100904,197,100236,197,101183,100,100213,197,101464,197,100148,97,101793,100,100099,100,101818,100,100074,200,101821,100,100073,100,101999,100,99993,100,102005,100,99990,100
2019-06-28 10:08:30.000000000,100875,488,100471,488,100876,200,100470,100,100904,100,100236,100,101183,100,100213,100,101464,100,100099,100,101793,100,100074,200,101818,100,100073,100,101821,100,99993,100,101999,100,99990,100,102005,100,99958,100
2019-06-28 10:08:40.000000000,100875,294,100471,294,100876,394,100470,294,100904,100,100236,100,101183,100,100213,100,101464,100,100099,100,101793,100,100074,200,101818,100,100073,100,101821,100,99993,100,101999,100,99990,100,102005,100,99958,100
2019-06-28 10:08:49.200849779,100875,194,100471,294,100876,394,100470,294,100904,100,100236,100,101183,100,100213,100,101464,100,100099,100,101793,100,100074,200,101818,100,100073,100,101821,100,99993,100,101999,100,99990,100,102005,100,99958,100
2019-06-28 10:08:50.000000000,100876,332,100471,232,100904,228,100470,228,101183,228,100236,228,101464,100,100213,100,101793,100,100099,100,101818,100,100074,200,101821,100,100073,100,101999,100,99993,100,102005,100,99990,100,102059,100,99958,100
2019-06-28 10:08:51.400755974,100876,232,100471,232,100904,228,100470,228,101183,228,100236,228,101464,100,100213,100,101793,100,100099,100,101818,100,100074,200,101821,100,100073,100,101999,100,99993,100,102005,100,99990,100,102059,100,99958,100
2019-06-28 10:09:00.000000000,100876,178,100471,178,100904,178,100470,178,101183,178,100236,178,101464,178,100213,178,101793,178,100099,178,101818,100,100074,200,101821,100,100073,100,101999,100,99993,100,102005,100,99990,100,102059,100,99958,100
2019-06-28 10:09:10.000000000,100876,294,100471,294,100904,294,100470,294,101183,100,100236,100,101464,100,100213,100,101793,100,100099,100,101818,100,100074,200,101821,100,100073,100,101999,100,99993,100,102005,100,99990,100,102059,100,99958,100
2019-06-28 10:09:20.000000000,100876,488,100471,488,100904,100,100470,100,101183,100,100236,100,101464,100,100213,100,101793,100,100099,100,101818,100,100074,200,101821,100,100073,100,101999,100,99993,100,102005,100,99990,100,102059,100,99958,100
2019-06-28 10:09:24.389022712,100876,488,100875,100,100904,100,100471,488,101183,100,100470,100,101464,100,100236,100,101793,100,100213,100,101818,100,100099,100,101821,100,100074,200,101999,100,100073,100,102005,100,99993,100,102059,100,99990,100
2019-06-28 10:09:30.000000000,100876,232,100875,232,100904,228,100471,228,101183,228,100470,228,101464,100,100236,100,101793,100,100213,100,101818,100,100099,100,101821,100,100074,200,101999,100,100073,100,102005,100,99993,100,102059,100,99990,100
2019-06-28 10:09:31.401322447,100876,132,100875,232,100904,228,100471,228,101183,228,100470,228,101464,100,100236,100,101793,100,100213,100,101818,100,100099,100,101821,100,100074,200,101999,100,100073,100,102005,100,99993,100,102059,100,99990,100
2019-06-28 10:09:39.012922667,100876,132,100875,232,100904,228,100471,228,101183,228,100470,228,101401,100,100236,100,101464,100,100213,100,101793,100,100099,100,101818,100,100074,200,101821,100,100073,100,101999,100,99993,100,102005,100,99990,100
2019-06-28 10:09:39.277229304,100876,32,100875,232,100904,228,100471,228,101183,228,100470,228,101401,100,100213,100,101464,100,100099,100,101793,100,100074,200,101818,100,100073,100,101821,100,99993,100,101999,100,99990,100,102005,100,99958,100
2019-06-28 10:09:40.000000000,100904,294,100875,294,101183,294,100471,294,101401,100,100470,100,101464,100,100213,100,101793,100,100099,100,101818,100,100074,200,101821,100,100073,100,101999,100,99993,100,102005,100,99990,100,102059,100,99958,100
2019-06-28 10:09:50.000000000,100904,294,100875,294,101183,294,100471,294,101401,100,100470,100,101464,100,100213,100,101793,100,100099,100,101818,100,100074,200,101821,100,100073,100,101999,100,99993,100,102005,100,99990,100,102059,100,99958,100
2019-06-28 10:09:50.076861433,100904,294,100875,294,101183,294,100471,294,101401,100,100470,100,101464,100,100213,100,101663,100,100099,100,101793,100,100074,200,101818,100,100073,100,101821,100,99993,100,101999,100,99990,100,102005,100,99958,100
2019-06-28 10:10:00.000000000,100904,294,100875,294,101183,294,100471,294,101401,100,100470,100,101464,100,100213,100,101663,100,100099,100,101793,100,100074,200,101818,100,100073,100,101821,100,99993,100,101999,100,99990,100,102005,100,99958,100
2019-06-28 10:10:00.356981025,100904,294,100875,294,101183,294,100471,194,101401,100,100470,100,101464,100,100213,100,101663,100,100099,100,101793,100,100074,200,101818,100,100073,100,101821,100,99993,100,101999,100,99990,100,102005,100,99958,100
2019-06-28 10:10:01.431801997,100904,194,100875,294,101183,294,100471,194,101401,100,100470,100,101464,100,100213,100,101663,100,100099,100,101793,100,100074,200,101818,100,100073,100,101821,100,99993,100,101999,100,99990,100,102005,100,99958,100
2019-06-28 10:10:10.000000000,101183,197,100875,197,101401,197,100470,197,101464,197,100213,197,101663,197,100099,197,101793,100,100074,200,101818,100,100073,100,101821,100,99993,100,101999,100,99990,100,102005,100,99958,100,102059,100,99943,100
2019-06-28 10:10:12.662260030,101183,197,100875,197,101362,100,100470,197,101401,97,100213,197,101464,197,100099,197,101663,197,100074,200,101793,100,100073,100,101818,100,99993,100,101821,100,99990,100,101999,100,99958,100,102005,100,99943,100
2019-06-28 10:10:20.000000000,101183,197,100875,197,101362,197,100470,197,101464,197,100213,197,101663,197,100099,197,101793,100,100074,200,101818,100,100073,100,101821,100,99993,100,101999,100,99990,100,102005,100,99958,100,102059,100,99943,100
2019-06-28 10:10:23.107044917,101183,97,100875,197,101362,197,100470,197,101464,197,100213,197,101663,197,100099,197,101793,100,100074,200,101818,100,100073,100,101821,100,99993,100,101999,100,99990,100,102005,100,99958,100,102059,100,99943,100
2019-06-28 10:10:30.000000000,101362,488,100875,488,101464,100,100470,100,101663,100,100213,100,101793,100,100099,100,101818,100,100074,200,101821,100,100073,100,101999,100,99993,100,102005,100,99990,100,102059,100,99958,100,102066,100,99943,100
2019-06-28 10:10:34.384071923,101362,488,100875,488,101464,100,100470,100,101484,100,100213,100,101663,100,100099,100,101793,100,100074,200,101818,100,100073,100,101821,100,99993,100,101999,100,99990,100,102005,100,99958,100,102059,100,99943,100
2019-06-28 10:10:38.462294778,101362,488,101259,100,101464,100,100875,488,101484,100,100470,100,101663,100,100213,100,101793,100,100099,100,101818,100,100074,200,101821,100,100073,100,101999,100,99993,100,102005,100,99990,100,102059,100,99958,100
2019-06-28 10:10:40.000000000,101362,488,101259,488,101464,100,100875,100,101484,100,100470,100,101663,100,100213,100,101793,100,100099,100,101818,100,100074,200,101821,100,100073,100,101999,100,99993,100,102005,100,99990,100,102059,100,99958,100
2019-06-28 10:10:50.000000000,101362,294,101259,294,101464,294,100875,294,101484,100,100470,100,101663,100,100213,100,101793,100,100099,100,101818,100,100074,200,101821,100,100073,100,101999,100,99993,100,102005,100,99990,100,102059,100,99958,100
2019-06-28 10:11:00.000000000,101362,197,101259,197,101464,197,100875,197,101484,197,100470,197,101663,197,100213,197,101793,100,100099,100,101818,100,100074,200,101821,100,100073,100,101999,100,99993,100,102005,100,99990,100,102059,100,99958,100
2019-06-28 10:11:10.000000000,101362,488,101259,488,101464,100,100875,100,101484,100,100470,100,101663,100,100213,100,101793,100,100099,100,101818,100,100074,200,101821,100,100073,100,101999,100,99993,100,102005,100,99990,100,102059,100,99958,100
2019-06-28 10:11:18.422577022,101362,488,101259,488,101462,100,100875,100,101464,100,100470,100,101663,100,100213,100,101793,100,100099,100,101818,100,100074,200,101821,100,100073,100,101999,100,99993,100,102005,100,99990,100,102059,100,99958,100
2019-06-28 10:11:20.000000000,101362,178,101259,178,101462,178,100875,178,101464,178,100470,178,101663,178,100213,178,101793,178,100099,178,101818,100,100074,200,101821,100,100073,100,101999,100,99993,100,102005,100,99990,100,102059,100,99958,100
2019-06-28 10:11:30.000000000,101362,294,101259,294,101462,294,100875,294,101464,100,100470,100,101663,100,100213,100,101793,100,100099,100,101818,100,100074,200,101821,100,100073,100,101999,100,99993,100,102005,100,99990,100,102059,100,99958,100
2019-06-28 10:11:40.000000000,101362,294,101259,294,101462,294,100875,294,101464,100,100470,100,101663,100,100213,100,101793,100,100099,100,101818,100,100074,200,101821,100,100073,100,101999,100,99993,100,102005,100,99990,100,102059,100,99958,100
2019-06-28 10:11:50.000000000,101362,232,101259,232,101462,228,100875,228,101464,228,100470,228,101663,100,100213,100,101793,100,100099,100,101818,100,100074,200,101821,100,100073,100,101999,100,99993,100,102005,100,99990,100,102059,100,99958,100
2019-06-28 10:11:54.996673609,101362,232,101259,232,101462,228,100904,100,101464,228,100875,228,101663,100,100470,228,101793,100,100213,100,101818,100,100099,100,101821,100,100074,100,101999,100,100073,100,102005,100,99993,100,102059,100,99990,100
2019-06-28 10:12:00.000000000,101362,488,101259,488,101462,100,100904,100,101464,100,100875,100,101663,100,100470,100,101793,100,100213,100,101818,100,100099,100,101821,100,100074,100,101999,100,100073,100,102005,100,99993,100,102059,100,99990,100
