,ask_price_1,ask_size_1,bid_price_1,bid_size_1,ask_price_2,ask_size_2,bid_price_2,bid_size_2,ask_price_3,ask_size_3,bid_price_3,bid_size_3,ask_price_4,ask_size_4,bid_price_4,bid_size_4,ask_price_5,ask_size_5,bid_price_5,bid_size_5,ask_price_6,ask_size_6,bid_price_6,bid_size_6,ask_price_7,ask_size_7,bid_price_7,bid_size_7,ask_price_8,ask_size_8,bid_price_8,bid_size_8,ask_price_9,ask_size_9,bid_price_9,bid_size_9,ask_price_10,ask_size_10,bid_price_10,bid_size_10
2019-06-28 09:30:00.000000001,100107,100,,,,,,,,,,,,,,,,,,,,,,,,,,,,,,,,,,,,,,
2019-06-28 09:30:00.000000002,100107,100,99947,100,,,99905,100,,,,,,,,,,,,,,,,,,,,,,,,,,,,,,,,
2019-06-28 09:30:00.000000003,99984,100,99947,100,100107,100,99905,100,,,99819,100,,,,,,,,,,,,,,,,,,,,,,,,,,,,
2019-06-28 09:30:00.000000004,99984,100,99905,100,100107,100,99819,100,,,,,,,,,,,,,,,,,,,,,,,,,,,,,,,,
2019-06-28 09:30:00.000000005,99980,100,99905,100,99984,100,99819,100,100107,100,,,100118,100,,,,,,,,,,,,,,,,,,,,,,,,,,
2019-06-28 09:30:00.000000006,99980,100,99961,100,99984,100,99905,100,100107,100,99819,100,100118,200,,,,,,,,,,,,,,,,,,,,,,,,,,
2019-06-28 09:30:00.000000007,99980,100,99961,100,99984,100,99916,100,100107,100,99905,100,100112,100,99819,100,100118,200,,,,,,,,,,,,,,,,,,,,,,
2019-06-28 09:30:00.000000008,99980,100,99961,100,99984,100,99916,100,100071,100,99905,100,100107,100,99819,100,100112,100,,,100118,200,,,,,,,,,,,,,,,,,,
2019-06-28 09:30:00.000000009,99980,100,99961,100,99984,100,99916,100,99999,100,99905,100,100071,100,99819,100,100107,100,,,100112,100,,,100118,200,,,,,,,,,,,,,,
2019-06-28 09:30:00.000000012,99980,100,99961,100,99984,100,99916,100,99999,100,99905,100,100069,100,99819,100,100071,100,,,100077,100,,,100107,100,,,100112,100,,,100118,200,,,,,,
2019-06-28 09:30:00.000000013,99980,100,99961,100,99984,100,99941,100,99999,100,99931,100,100069,100,99916,100,100071,100,99905,100,100077,100,99819,100,100107,100,,,100112,100,,,100118,200,,,,,,
2019-06-28 09:30:00.000000015,99980,100,99961,100,99984,100,99941,100,99999,100,99931,100,100069,100,99916,100,100071,100,99911,100,100077,100,99905,100,100107,100,99819,100,100112,100,,,100118,200,,,,,,
2019-06-28 09:30:00.000000016,99980,100,99961,100,99984,100,99941,100,99999,100,99931,100,100069,100,99916,100,100071,100,99911,100,100077,100,99905,100,100107,100,99902,100,100112,100,99819,100,100118,200,,,,,,
2019-06-28 09:30:00.000000017,99984,100,99961,100,99999,100,99941,100,100069,100,99931,100,100071,100,99916,100,100077,100,99911,100,100107,100,99905,100,100112,100,99902,100,100118,200,99819,100,,,,,,,,
2019-06-28 09:30:00.000000019,99980,100,99941,100,99984,100,99931,100,99999,100,99916,100,100069,100,99911,100,100071,100,99905,100,100077,100,99902,100,100107,100,99819,100,100112,100,,,100118,200,,,,,,
2019-06-28 09:30:00.000000020,99984,100,99941,100,99999,100,99931,100,100069,100,99916,100,100071,100,99911,100,100077,100,99905,100,100107,100,99902,100,100112,100,99819,100,100118,200,,,,,,,,,,
2019-06-28 09:30:00.000000023,99984,100,99941,100,99999,100,99931,100,100069,100,99916,100,100071,100,99911,100,100077,100,99905,100,100107,100,99902,100,100112,100,99848,100,100118,200,99819,100,,,,,,,,
2019-06-28 09:30:00.000000030,99984,100,99941,100,99999,100,99931,100,100069,100,99916,100,100071,100,99911,100,100077,100,99905,100,100107,100,99902,100,100112,100,99848,100,100118,200,99819,100,100146,100,,,,,,
2019-06-28 09:30:00.000000034,99984,100,99961,100,99999,100,99941,100,100056,100,99931,100,100069,100,99916,100,100071,100,99911,100,100077,100,99905,100,100107,100,99902,100,100112,100,99848,100,100118,200,99819,100,100146,100,,
2019-06-28 09:30:00.000000035,99984,100,99983,100,99999,100,99961,100,100056,100,99941,100,100069,100,99931,100,100071,100,99916,100,100077,100,99911,100,100107,100,99905,100,100112,100,99902,100,100118,200,99848,100,100146,100,99819,100
2019-06-28 09:30:00.000000037,99984,100,99983,100,99999,100,99961,200,100056,100,99941,100,100069,100,99931,100,100071,100,99916,100,100077,100,99911,100,100107,100,99905,100,100112,100,99902,100,100118,200,99848,100,100146,100,99819,100
2019-06-28 09:30:00.000000038,99984,100,99983,100,99999,100,99961,200,100035,100,99941,100,100056,100,99931,100,100069,100,99916,100,100071,100,99911,100,100077,100,99905,100,100107,100,99902,100,100112,100,99848,100,100118,200,99819,100
2019-06-28 09:30:00.000000039,99984,100,99983,100,99999,100,99961,200,100021,100,99941,100,100035,100,99931,100,100056,100,99916,100,100069,100,99911,100,100071,100,99905,100,100077,100,99902,100,100107,100,99848,100,100112,100,99819,100
2019-06-28 09:30:00.000000044,99999,100,99983,100,100021,100,99961,200,100035,100,99941,100,100056,100,99931,100,100069,100,99916,100,100071,100,99911,100,100077,100,99905,100,100107,100,99902,100,100112,100,99848,100,100118,200,99819,100
2019-06-28 09:30:00.000000045,99999,100,99983,100,100021,100,99961,200,100035,100,99941,100,100056,100,99931,100,100069,100,99916,100,100071,100,99911,100,100077,100,99905,100,100107,100,99902,100,100112,100,99848,100,100118,200,99819,100
2019-06-28 09:30:00.000000047,99999,100,99983,100,100014,100,99961,200,100021,100,99950,100,100035,100,99941,100,100056,100,99931,100,100069,100,99916,100,100071,100,99911,100,100077,100,99905,100,100107,100,99902,100,100112,100,99848,100
2019-06-28 09:30:00.000000050,99999,100,99983,100,100014,100,99961,200,100021,100,99957,100,100035,100,99950,100,100056,100,99941,100,100069,100,99931,100,100071,100,99916,100,100077,100,99911,100,100107,100,99905,100,100112,100,99902,100
2019-06-28 09:30:00.000000053,99999,100,99983,100,100014,100,99961,200,100021,100,99957,100,100035,100,99950,100,100037,100,99941,100,100056,100,99931,100,100069,100,99916,100,100071,100,99911,100,100077,100,99905,100,100107,100,99902,100
2019-06-28 09:30:00.000000057,99999,100,99983,100,100014,100,99964,100,100021,100,99961,200,100035,100,99957,100,100037,100,99950,100,100056,100,99941,100,100069,100,99931,100,100071,100,99916,100,100077,100,99911,100,100107,100,99905,100
2019-06-28 09:30:00.000000069,99999,100,99983,100,100014,100,99964,100,100021,100,99961,200,100035,100,99957,100,100037,100,99950,100,100056,100,99941,100,100069,100,99931,100,100071,100,99916,100,100077,100,99911,100,100107,100,99905,100
2019-06-28 09:30:00.000000073,99999,100,99983,100,100014,100,99964,100,100021,100,99961,200,100035,100,99957,100,100037,100,99950,100,100056,100,99941,100,100069,100,99931,100,100071,100,99916,100,100077,100,99911,100,100099,100,99905,100
2019-06-28 09:30:00.000000075,99999,100,99983,200,100014,100,99964,100,100021,100,99961,200,100035,100,99957,100,100037,100,99950,100,100056,100,99941,100,100069,100,99931,100,100071,100,99916,100,100077,100,99911,100,100099,100,99905,100
2019-06-28 09:30:00.000000076,99999,100,99983,200,100014,100,99964,100,100021,100,99961,200,100035,100,99957,100,100037,100,99950,100,100056,100,99941,100,100069,100,99931,100,100071,100,99916,100,100077,100,99911,100,100099,100,99905,100
2019-06-28 09:30:00.000000077,99999,100,99983,100,100014,100,99964,100,100021,100,99961,200,100035,100,99957,100,100037,100,99950,100,100056,100,99941,100,100069,100,99931,100,100071,100,99916,100,100077,100,99911,100,100099,100,99905,100
2019-06-28 09:30:00.000000078,99999,100,99983,100,100014,100,99964,100,100021,100,99961,200,100035,100,99957,100,100037,100,99950,100,100056,100,99941,100,100069,100,99931,100,100071,100,99916,100,100077,100,99911,100,100095,100,99905,100
2019-06-28 09:30:00.000000079,99999,100,99983,100,100014,100,99964,100,100021,100,99961,200,100032,100,99957,100,100035,100,99950,100,100037,100,99941,100,100056,100,99931,100,100069,100,99916,100,100071,100,99911,100,100077,100,99905,100
2019-06-28 09:30:00.000000084,99999,100,99983,100,100014,100,99964,100,100021,100,99961,200,100032,100,99957,100,100035,100,99950,100,100037,100,99941,100,100042,100,99931,100,100056,100,99916,100,100069,100,99911,100,100071,100,99905,100
2019-06-28 09:30:00.000000087,99999,100,99983,100,100014,100,99964,100,100021,100,99961,200,100032,100,99957,100,100035,100,99950,100,100037,100,99941,100,100042,100,99931,100,100046,100,99916,100,100056,100,99911,100,100069,100,99905,100
2019-06-28 09:30:00.000000088,99999,100,99983,100,100014,100,99969,100,100021,100,99964,100,100032,100,99961,200,100035,100,99957,100,100037,100,99950,100,100042,100,99941,100,100046,100,99931,100,100056,100,99916,100,100069,100,99911,100
2019-06-28 09:30:00.000000091,99999,100,99983,100,100014,100,99969,100,100021,100,99964,100,100032,100,99961,200,100035,100,99957,100,100037,100,99950,100,100042,100,99941,100,100046,100,99931,100,100050,100,99925,100,100056,100,99916,100
2019-06-28 09:30:00.000000092,99999,100,99983,100,100014,100,99969,100,100021,100,99964,100,100032,100,99961,200,100035,100,99957,100,100037,100,99950,100,100042,100,99941,100,100046,100,99931,100,100050,100,99925,100,100056,100,99916,100
2019-06-28 09:30:00.000000093,99999,100,99983,100,100014,100,99969,100,100021,100,99964,100,100032,100,99961,200,100035,100,99957,100,100037,100,99950,100,100042,100,99941,100,100046,100,99931,100,100050,100,99925,100,100056,100,99916,100
2019-06-28 09:30:00.000000095,99999,100,99983,100,100014,100,99969,100,100021,100,99964,100,100032,100,99961,200,100035,100,99957,100,100037,100,99950,100,100042,100,99941,100,100046,100,99931,100,100050,100,99925,100,100056,100,99916,100
2019-06-28 09:30:00.000000097,99999,100,99983,100,100014,100,99969,100,100021,100,99964,100,100032,100,99961,200,100035,100,99957,100,100037,100,99950,100,100042,100,99941,100,100046,100,99931,100,100050,100,99925,100,100056,100,99916,100
2019-06-28 09:30:00.000000098,99999,100,99983,100,100014,100,99974,100,100021,100,99969,100,100032,100,99964,100,100035,100,99961,200,100037,100,99957,100,100042,100,99950,100,100046,100,99941,100,100050,100,99931,100,100056,100,99925,100
2019-06-28 09:30:00.000000099,99999,100,99984,100,100014,100,99983,100,100021,100,99974,100,100032,100,99969,100,100035,100,99964,100,100037,100,99961,200,100042,100,99957,100,100046,100,99950,100,100050,100,99941,100,100056,100,99931,100
2019-06-28 09:30:07.338938564,99999,100,99984,200,100014,100,99983,100,100021,100,99974,100,100032,100,99969,100,100035,100,99964,100,100037,100,99961,200,100042,100,99957,100,100046,100,99950,100,100050,100,99941,100,100056,100,99931,100
2019-06-28 09:30:10.000000000,99999,263,99984,363,100014,263,99983,263,100021,100,99974,100,100032,100,99969,100,100035,100,99964,100,100037,100,99961,200,100042,100,99957,100,100046,100,99950,100,100050,100,99941,100,100056,100,99931,100
2019-06-28 09:30:20.000000000,99999,263,99984,363,100014,263,99983,263,100021,100,99974,100,100032,100,99969,100,100035,100,99964,100,100037,100,99961,200,100042,100,99957,100,100046,100,99950,100,100050,100,99941,100,100056,100,99931,100
2019-06-28 09:30:24.927812045,99999,263,99984,263,100014,263,99983,263,100021,100,99974,100,100032,100,99969,100,100035,100,99964,100,100037,100,99961,200,100042,100,99957,100,100046,100,99950,100,100050,100,99941,100,100056,100,99931,100
2019-06-28 09:30:30.000000000,99999,165,99984,165,100014,165,99983,165,100021,165,99974,165,100032,165,99969,165,100035,165,99964,165,100037,100,99961,200,100042,100,99957,100,100046,100,99950,100,100050,100,99941,100,100056,100,99931,100
2019-06-28 09:30:34.526177786,99999,165,99984,65,100014,165,99983,165,100021,165,99974,165,100032,165,99969,165,100035,165,99964,165,100037,100,99961,200,100042,100,99957,100,100046,100,99950,100,100050,100,99941,100,100056,100,99931,100
2019-06-28 09:30:40.000000000,99999,182,99983,182,100014,182,99974,182,100021,182,99969,182,100032,182,99964,182,100035,100,99961,200,100037,100,99957,100,100042,100,99950,100,100046,100,99941,100,100050,100,99931,100,100056,100,99925,100
2019-06-28 09:30:40.807237924,99999,182,99983,182,100014,182,99974,182,100021,182,99969,182,100032,182,99964,182,100035,100,99961,200,100037,100,99957,100,100042,100,99950,100,100046,100,99941,100,100050,100,99931,100,100056,100,99916,100
2019-06-28 09:30:50.000000000,99999,263,99983,263,100014,263,99974,263,100021,100,99969,100,100032,100,99964,100,100035,100,99961,200,100037,100,99957,100,100042,100,99950,100,100046,100,99941,100,100050,100,99931,100,100056,100,99916,100
2019-06-28 09:30:50.455150366,99999,263,99983,263,100014,263,99974,263,100021,100,99969,100,100032,100,99964,100,100035,100,99961,200,100037,100,99957,100,100042,100,99950,100,100046,100,99941,100,100050,100,99931,100,100056,100,99916,100
2019-06-28 09:31:00.000000000,99999,182,99983,182,100014,182,99974,182,100021,182,99969,182,100032,182,99964,182,100035,100,99961,200,100037,100,99957,100,100042,100,99950,100,100046,100,99941,100,100050,100,99931,100,100056,100,99916,100
2019-06-28 09:31:00.680979948,99999,182,99983,82,100014,182,99974,182,100021,182,99969,182,100032,182,99964,182,100035,100,99961,200,100037,100,99957,100,100042,100,99950,100,100046,100,99941,100,100050,100,99931,100,100056,100,99916,100
2019-06-28 09:31:10.000000000,99999,211,99974,211,100014,208,99969,208,100021,208,99964,208,100032,100,99961,200,100035,100,99957,100,100037,100,99950,100,100042,100,99941,100,100046,100,99931,100,100050,100,99916,100,100056,100,99914,100
2019-06-28 09:31:20.000000000,99999,165,99974,165,100014,165,99969,165,100021,165,99964,165,100032,165,99961,265,100035,165,99957,165,100037,100,99950,100,100042,100,99941,100,100046,100,99931,100,100050,100,99916,100,100056,100,99914,100
2019-06-28 09:31:30.000000000,99999,182,99974,182,100014,182,99969,182,100021,182,99964,182,100032,182,99961,282,100035,100,99957,100,100037,100,99950,100,100042,100,99941,100,100046,100,99931,100,100050,100,99916,100,100056,100,99914,100
2019-06-28 09:31:40.000000000,99999,182,99974,182,100014,182,99969,182,100021,182,99964,182,100032,182,99961,282,100035,100,99957,100,100037,100,99950,100,100042,100,99941,100,100046,100,99931,100,100050,100,99916,100,100056,100,99914,100
2019-06-28 09:31:50.000000000,99999,426,99974,426,100014,100,99969,100,100021,100,99964,100,100032,100,99961,200,100035,100,99957,100,100037,100,99950,100,100042,100,99941,100,100046,100,99931,100,100050,100,99916,100,100056,100,99914,100
2019-06-28 09:32:00.000000000,99999,182,99974,182,100014,182,99969,182,100021,182,99964,182,100032,182,99961,282,100035,100,99957,100,100037,100,99950,100,100042,100,99941,100,100046,100,99931,100,100050,100,99916,100,100056,100,99914,100
2019-06-28 09:32:03.949915541,99984,100,99974,182,99999,182,99969,182,100014,182,99964,182,100021,182,99961,282,100032,182,99957,100,100035,100,99950,100,100037,100,99941,100,100042,100,99931,100,100046,100,99916,100,100050,100,99914,100
2019-06-28 09:32:10.000000000,99984,182,99974,182,99999,182,99969,182,100014,182,99964,182,100021,182,99961,282,100032,100,99957,100,100035,100,99950,100,100037,100,99941,100,100042,100,99931,100,100046,100,99916,100,100050,100,99914,100
2019-06-28 09:32:20.000000000,99984,263,99974,263,99999,263,99969,263,100014,100,99964,100,100021,100,99961,200,100032,100,99957,100,100035,100,99950,100,100037,100,99941,100,100042,100,99931,100,100046,100,99916,100,100050,100,99914,100
2019-06-28 09:32:30.000000000,99984,165,99974,165,99999,165,99969,165,100014,165,99964,165,100021,165,99961,265,100032,165,99957,165,100035,100,99950,100,100037,100,99941,100,100042,100,99931,100,100046,100,99916,100,100050,100,99914,100
2019-06-28 09:32:40.000000000,99984,182,99974,182,99999,182,99969,182,100014,182,99964,182,100021,182,99961,282,100032,100,99957,100,100035,100,99950,100,100037,100,99941,100,100042,100,99931,100,100046,100,99916,100,100050,100,99914,100
2019-06-28 09:32:50.000000000,99984,263,99974,263,99999,263,99969,263,100014,100,99964,100,100021,100,99961,200,100032,100,99957,100,100035,100,99950,100,100037,100,99941,100,100042,100,99931,100,100046,100,99916,100,100050,100,99914,100
2019-06-28 09:32:50.050198593,99984,363,99974,263,99999,263,99969,263,100014,100,99964,100,100021,100,99961,200,100032,100,99957,100,100035,100,99950,100,100037,100,99941,100,100042,100,99931,100,100046,100,99916,100,100050,100,99914,100
2019-06-28 09:32:51.253477179,99984,363,99974,163,99999,263,99969,263,100014,100,99964,100,100021,100,99961,200,100032,100,99957,100,100035,100,99950,100,100037,100,99941,100,100042,100,99931,100,100046,100,99916,100,100050,100,99914,100
2019-06-28 09:32:59.701044739,99984,363,99974,163,99999,263,99969,263,100014,100,99964,100,100021,100,99961,200,100032,100,99957,100,100035,100,99950,100,100037,100,99941,100,100042,100,99931,100,100046,100,99916,100,100050,100,99914,100
2019-06-28 09:33:00.000000000,99984,265,99969,165,99999,165,99964,165,100014,165,99961,265,100021,165,99957,165,100032,165,99950,165,100035,100,99941,100,100037,100,99931,100,100042,100,99916,100,100046,100,99914,100,100050,100,99905,100
2019-06-28 09:33:10.000000000,99984,526,99969,426,99999,100,99964,100,100014,100,99961,200,100021,100,99957,100,100032,100,99950,100,100035,100,99941,100,100037,100,99931,100,100042,100,99916,100,100046,100,99914,100,100050,100,99905,100
2019-06-28 09:33:20.000000000,99984,311,99969,211,99999,208,99964,208,100014,208,99961,308,100021,100,99957,100,100032,100,99950,100,100035,100,99941,100,100037,100,99931,100,100042,100,99916,100,100046,100,99914,100,100050,100,99905,100
2019-06-28 09:33:30.000000000,99984,265,99969,165,99999,165,99964,165,100014,165,99961,265,100021,165,99957,165,100032,165,99950,165,100035,100,99941,100,100037,100,99931,100,100042,100,99916,100,100046,100,99914,100,100050,100,99905,100
2019-06-28 09:33:40.000000000,99984,526,99969,426,99999,100,99964,100,100014,100,99961,200,100021,100,99957,100,100032,100,99950,100,100035,100,99941,100,100037,100,99931,100,100042,100,99916,100,100046,100,99914,100,100050,100,99905,100
2019-06-28 09:33:48.806476476,99984,526,99969,326,99999,100,99964,100,100014,100,99961,200,100021,100,99957,100,100032,100,99950,100,100037,100,99941,100,100042,100,99931,100,100046,100,99916,100,100050,100,99914,100,100056,100,99905,100
2019-06-28 09:33:50.000000000,99984,526,99964,426,99999,100,99961,200,100014,100,99957,100,100021,100,99950,100,100032,100,99941,100,100037,100,99931,100,100042,100,99916,100,100046,100,99914,100,100050,100,99905,100,100056,100,99902,100
2019-06-28 09:33:51.603222951,99984,526,99964,326,99999,100,99961,200,100014,100,99957,100,100021,100,99950,100,100032,100,99941,100,100037,100,99931,100,100042,100,99916,100,100046,100,99914,100,100050,100,99905,100,100056,100,99902,100
2019-06-28 09:34:00.000000000,99984,526,99961,526,99999,100,99957,100,100014,100,99950,100,100021,100,99941,100,100032,100,99931,100,100037,100,99916,100,100042,100,99914,100,100046,100,99905,100,100050,100,99902,100,100056,100,99899,100
2019-06-28 09:34:10.000000000,99984,311,99961,311,99999,208,99957,208,100014,208,99950,208,100021,100,99941,100,100032,100,99931,100,100037,100,99916,100,100042,100,99914,100,100046,100,99905,100,100050,100,99902,100,100056,100,99899,100
2019-06-28 09:34:15.791966100,99984,311,99961,211,99999,208,99957,208,100014,208,99950,208,100021,100,99941,100,100032,100,99931,100,100037,100,99916,100,100046,100,99914,100,100050,100,99905,100,100056,100,99902,100,100069,100,99899,100
2019-06-28 09:34:20.000000000,99984,282,99961,182,99999,182,99957,182,100014,182,99950,182,100021,182,99941,182,100032,100,99931,100,100037,100,99916,100,100046,100,99914,100,100050,100,99905,100,100056,100,99902,100,100069,100,99899,100
2019-06-28 09:34:30.000000000,99984,311,99961,211,99999,208,99957,208,100014,208,99950,208,100021,100,99941,100,100032,100,99931,100,100037,100,99916,100,100046,100,99914,100,100050,100,99905,100,100056,100,99902,100,100069,100,99899,100
2019-06-28 09:34:40.000000000,99984,265,99961,165,99999,165,99957,165,100014,165,99950,165,100021,165,99941,165,100032,165,99931,165,100037,100,99916,100,100046,100,99914,100,100050,100,99905,100,100056,100,99902,100,100069,100,99899,100
2019-06-28 09:34:43.019003463,99984,265,99961,165,99999,165,99957,165,100014,165,99950,165,100021,165,99941,165,100032,165,99931,165,100037,100,99916,100,100046,100,99914,100,100050,100,99905,100,100056,100,99902,100,100069,100,99899,100
2019-06-28 09:34:45.595313978,99964,100,99961,165,99984,265,99957,165,99999,165,99950,165,100014,165,99941,165,100021,165,99931,165,100032,165,99916,100,100037,100,99914,100,100046,100,99905,100,100050,100,99902,100,100056,100,99899,100
2019-06-28 09:34:50.000000000,99964,165,99961,165,99984,265,99957,165,99999,165,99950,165,100014,165,99941,165,100021,165,99931,165,100032,100,99916,100,100037,100,99914,100,100046,100,99905,100,100050,100,99902,100,100056,100,99899,100
2019-06-28 09:34:51.671794871,99964,165,99961,165,99984,265,99957,165,99999,65,99950,165,100014,165,99941,165,100021,165,99931,165,100032,100,99916,100,100037,100,99914,100,100046,100,99905,100,100050,100,99902,100,100056,100,99899,100
2019-06-28 09:34:52.213135286,99964,165,99961,65,99984,265,99957,165,99999,65,99950,165,100014,165,99941,165,100021,165,99931,165,100032,100,99916,100,100037,100,99914,100,100046,100,99905,100,100050,100,99902,100,100056,100,99899,100
2019-06-28 09:35:00.000000000,99964,182,99957,182,99984,282,99950,182,100014,182,99941,182,100021,182,99931,182,100032,100,99916,100,100037,100,99914,100,100046,100,99905,100,100050,100,99902,100,100056,100,99899,100,100069,100,99891,100
2019-06-28 09:35:05.590153212,99964,182,99957,82,99984,282,99950,182,100014,182,99941,182,100021,182,99931,182,100032,100,99916,100,100037,100,99914,100,100046,100,99905,100,100050,100,99902,100,100056,100,99899,100,100069,100,99891,100
2019-06-28 09:35:10.000000000,99964,211,99950,211,99984,308,99941,208,100014,208,99931,208,100021,100,99916,100,100032,100,99914,100,100037,100,99905,100,100046,100,99902,100,100050,100,99899,100,100056,100,99891,100,100069,100,99828,100
2019-06-28 09:35:20.000000000,99964,426,99950,426,99984,200,99941,100,100014,100,99931,100,100021,100,99916,100,100032,100,99914,100,100037,100,99905,100,100046,100,99902,100,100050,100,99899,100,100056,100,99891,100,100069,100,99828,100
2019-06-28 09:35:24.911814297,99964,426,99950,326,99984,200,99941,100,100014,100,99931,100,100021,100,99916,100,100037,100,99914,100,100046,100,99905,100,100050,100,99902,100,100056,100,99899,100,100069,100,99891,100,100077,100,99828,100
2019-06-28 09:35:30.000000000,99964,426,99941,426,99984,200,99931,100,100014,100,99916,100,100021,100,99914,100,100037,100,99905,100,100046,100,99902,100,100050,100,99899,100,100056,100,99891,100,100069,100,99828,100,100077,100,99819,100
2019-06-28 09:35:40.000000000,99964,211,99941,211,99984,308,99931,208,100014,208,99916,208,100021,100,99914,100,100037,100,99905,100,100046,100,99902,100,100050,100,99899,100,100056,100,99891,100,100069,100,99828,100,100077,100,99819,100
2019-06-28 09:35:50.000000000,99964,211,99941,211,99984,308,99931,208,100014,208,99916,208,100021,100,99914,100,100037,100,99905,100,100046,100,99902,100,100050,100,99899,100,100056,100,99891,100,100069,100,99828,100,100077,100,99819,100
2019-06-28 09:35:53.860126815,99957,100,99941,211,99964,211,99931,208,99984,308,99916,208,100014,208,99914,100,100021,100,99905,100,100037,100,99902,100,100046,100,99899,100,100050,100,99891,100,100056,100,99828,100,100069,100,99819,100
2019-06-28 09:36:00.000000000,99957,263,99941,263,99964,263,99931,263,99984,200,99916,100,100014,100,99914,100,100021,100,99905,100,100037,100,99902,100,100046,100,99899,100,100050,100,99891,100,100056,100,99828,100,100069,100,99819,100
2019-06-28 09:36:10.000000000,99957,211,99941,211,99964,208,99931,208,99984,308,99916,208,100014,100,99914,100,100021,100,99905,100,100037,100,99902,100,100046,100,99899,100,100050,100,99891,100,100056,100,99828,100,100069,100,99819,100
2019-06-28 09:36:20.000000000,99957,165,99941,165,99964,165,99931,165,99984,265,99916,165,100014,165,99914,165,100021,165,99905,165,100037,100,99902,100,100046,100,99899,100,100050,100,99891,100,100056,100,99828,100,100069,100,99819,100
2019-06-28 09:36:30.000000000,99957,426,99941,426,99964,100,99931,100,99984,200,99916,100,100014,100,99914,100,100021,100,99905,100,100037,100,99902,100,100046,100,99899,100,100050,100,99891,100,100056,100,99828,100,100069,100,99819,100
2019-06-28 09:36:37.279325974,99957,426,99941,426,99964,100,99931,100,99984,100,99916,100,100014,100,99914,100,100021,100,99905,100,100037,100,99902,100,100046,100,99899,100,100050,100,99891,100,100056,100,99828,100,100069,100,99819,100
2019-06-28 09:36:40.000000000,99957,165,99941,165,99964,165,99931,165,99984,165,99916,165,100014,165,99914,165,100021,165,99905,165,100037,100,99902,100,100046,100,99899,100,100050,100,99891,100,100056,100,99828,100,100069,100,99819,100
2019-06-28 09:36:40.543187822,99957,165,99941,65,99964,165,99931,165,99984,165,99916,165,100014,165,99914,165,100021,65,99905,165,100037,100,99902,100,100046,100,99899,100,100050,100,99891,100,100056,100,99828,100,100069,100,99819,100
2019-06-28 09:36:47.944216040,99957,165,99941,65,99964,165,99931,165,99967,100,99916,165,99984,165,99914,165,100014,165,99905,165,100021,65,99902,100,100037,100,99899,100,100046,100,99828,100,100050,100,99819,100,100056,100,99767,100
2019-06-28 09:36:50.000000000,99957,263,99931,263,99964,263,99916,263,99967,100,99914,100,99984,100,99905,100,100014,100,99902,100,100037,100,99899,100,100046,100,99828,100,100050,100,99819,100,100056,100,99767,100,100069,100,99056,100
2019-06-28 09:36:50.847350322,99957,263,99931,263,99964,263,99916,263,99967,100,99914,100,99984,100,99905,100,100014,100,99902,100,100037,100,99899,100,100046,100,99828,100,100050,100,99819,100,100056,100,99767,100,100069,100,99056,100
2019-06-28 09:37:00.000000000,99957,165,99931,165,99964,165,99916,165,99967,165,99914,165,99984,165,99905,165,100014,165,99902,165,100037,100,99899,100,100046,100,99828,100,100050,100,99819,100,100056,100,99767,100,100069,100,99056,100
2019-06-28 09:37:10.000000000,99957,211,99931,211,99964,208,99916,208,99967,208,99914,208,99984,100,99905,100,100014,100,99902,100,100037,100,99899,100,100046,100,99828,100,100050,100,99819,100,100056,100,99767,100,100069,100,99056,100
2019-06-28 09:37:20.000000000,99957,263,99931,263,99964,263,99916,263,99967,100,99914,100,99984,100,99905,100,100014,100,99902,100,100037,100,99899,100,100046,100,99828,100,100050,100,99819,100,100056,100,99767,100,100069,100,99056,100
2019-06-28 09:37:30.000000000,99957,426,99931,426,99964,100,99916,100,99967,100,99914,100,99984,100,99905,100,100014,100,99902,100,100037,100,99899,100,100046,100,99828,100,100050,100,99819,100,100056,100,99767,100,100069,100,99056,100
2019-06-28 09:37:38.597165812,99957,426,99931,426,99964,100,99916,100,99967,100,99914,100,99984,100,99905,100,100014,100,99902,100,100037,100,99899,100,100046,100,99828,100,100050,100,99819,100,100056,100,99767,100,100069,100,99056,100
2019-06-28 09:37:40.000000000,99957,426,99931,426,99964,100,99916,100,99967,100,99914,100,99984,100,99905,100,100014,100,99902,100,100037,100,99899,100,100046,100,99828,100,100050,100,99819,100,100056,100,99767,100,100069,100,99056,100
2019-06-28 09:37:50.000000000,99957,165,99931,165,99964,165,99916,165,99967,165,99914,165,99984,165,99905,165,100014,165,99902,165,100037,100,99899,100,100046,100,99828,100,100050,100,99819,100,100056,100,99767,100,100069,100,99056,100
2019-06-28 09:38:00.000000000,99957,263,99931,263,99964,263,99916,263,99967,100,99914,100,99984,100,99905,100,100014,100,99902,100,100037,100,99899,100,100046,100,99828,100,100050,100,99819,100,100056,100,99767,100,100069,100,99056,100
2019-06-28 09:38:10.000000000,99957,182,99931,182,99964,182,99916,182,99967,182,99914,182,99984,182,99905,182,100014,100,99902,100,100037,100,99899,100,100046,100,99828,100,100050,100,99819,100,100056,100,99767,100,100069,100,99056,100
2019-06-28 09:38:20.000000000,99957,165,99931,165,99964,165,99916,165,99967,165,99914,165,99984,165,99905,165,100014,165,99902,165,100037,100,99899,100,100046,100,99828,100,100050,100,99819,100,100056,100,99767,100,100069,100,99056,100
2019-06-28 09:38:30.000000000,99957,165,99931,165,99964,165,99916,165,99967,165,99914,165,99984,165,99905,165,100014,165,99902,165,100037,100,99899,100,100046,100,99828,100,100050,100,99819,100,100056,100,99767,100,100069,100,99056,100
2019-06-28 09:38:36.951903364,99957,165,99931,165,99964,165,99916,165,99967,165,99914,165,99984,165,99905,165,100014,165,99902,165,100037,100,99899,100,100046,100,99828,100,100050,100,99819,100,100056,100,99806,100,100069,100,99767,100
2019-06-28 09:38:40.000000000,99957,426,99931,426,99964,100,99916,100,99967,100,99914,100,99984,100,99905,100,100014,100,99902,100,100037,100,99899,100,100046,100,99828,100,100050,100,99819,100,100056,100,99806,100,100069,100,99767,100
2019-06-28 09:38:50.000000000,99957,211,99931,211,99964,208,99916,208,99967,208,99914,208,99984,100,99905,100,100014,100,99902,100,100037,100,99899,100,100046,100,99828,100,100050,100,99819,100,100056,100,99806,100,100069,100,99767,100
2019-06-28 09:38:51.381852475,99957,211,99931,111,99964,208,99916,208,99967,208,99914,208,99984,100,99905,100,100014,100,99902,100,100037,100,99899,100,100046,100,99828,100,100050,100,99819,100,100056,100,99806,100,100069,100,99767,100
2019-06-28 09:39:00.000000000,99957,211,99916,211,99964,208,99914,208,99967,208,99905,208,99984,100,99902,100,100014,100,99899,100,100037,100,99828,100,100046,100,99819,100,100050,100,99806,100,100056,100,99767,100,100069,100,99056,100
2019-06-28 09:39:10.000000000,99957,263,99916,263,99964,263,99914,263,99967,100,99905,100,99984,100,99902,100,100014,100,99899,100,100037,100,99828,100,100046,100,99819,100,100050,100,99806,100,100056,100,99767,100,100069,100,99056,100
2019-06-28 09:39:20.000000000,99957,263,99916,263,99964,263,99914,263,99967,100,99905,100,99984,100,99902,100,100014,100,99899,100,100037,100,99828,100,100046,100,99819,100,100050,100,99806,100,100056,100,99767,100,100069,100,99056,100
2019-06-28 09:39:30.000000000,99957,426,99916,426,99964,100,99914,100,99967,100,99905,100,99984,100,99902,100,100014,100,99899,100,100037,100,99828,100,100046,100,99819,100,100050,100,99806,100,100056,100,99767,100,100069,100,99056,100
2019-06-28 09:39:40.000000000,99957,426,99916,426,99964,100,99914,100,99967,100,99905,100,99984,100,99902,100,100014,100,99899,100,100037,100,99828,100,100046,100,99819,100,100050,100,99806,100,100056,100,99767,100,100069,100,99056,100
2019-06-28 09:39:50.000000000,99957,211,99916,211,99964,208,99914,208,99967,208,99905,208,99984,100,99902,100,100014,100,99899,100,100037,100,99828,100,100046,100,99819,100,100050,100,99806,100,100056,100,99767,100,100069,100,99056,100
2019-06-28 09:40:00.000000000,99957,263,99916,263,99964,263,99914,263,99967,100,99905,100,99984,100,99902,100,100014,100,99899,100,100037,100,99828,100,100046,100,99819,100,100050,100,99806,100,100056,100,99767,100,100069,100,99056,100
2019-06-28 09:40:09.766963920,99957,163,99916,263,99964,263,99914,263,99967,100,99905,100,99984,100,99902,100,100014,100,99899,100,100037,100,99828,100,100046,100,99819,100,100050,100,99806,100,100056,100,99767,100,100069,100,99056,100
2019-06-28 09:40:10.000000000,99964,426,99916,426,99967,100,99914,100,99984,100,99905,100,100014,100,99902,100,100037,100,99899,100,100046,100,99828,100,100050,100,99819,100,100056,100,99806,100,100069,100,99767,100,100077,100,99056,100
2019-06-28 09:40:20.000000000,99964,426,99916,426,99967,100,99914,100,99984,100,99905,100,100014,100,99902,100,100037,100,99899,100,100046,100,99828,100,100050,100,99819,100,100056,100,99806,100,100069,100,99767,100,100077,100,99056,100
2019-06-28 09:40:28.756426469,99964,426,99932,100,99967,100,99916,426,99984,100,99914,100,100014,100,99905,100,100037,100,99902,100,100046,100,99899,100,100050,100,99828,100,100056,100,99819,100,100069,100,99806,100,100077,100,99767,100
2019-06-28 09:40:30.000000000,99964,211,99932,211,99967,208,99916,208,99984,208,99914,208,100014,100,99905,100,100037,100,99902,100,100046,100,99899,100,100050,100,99828,100,100056,100,99819,100,100069,100,99806,100,100077,100,99767,100
2019-06-28 09:40:39.608675766,99964,211,99932,211,99967,208,99916,208,99984,208,99914,208,100014,100,99905,100,100037,100,99902,100,100046,100,99899,100,100050,100,99828,100,100056,100,99819,100,100069,100,99806,100,100077,100,99767,100
2019-06-28 09:40:40.000000000,99964,426,99932,426,99967,100,99916,100,99984,100,99914,100,100014,100,99905,100,100037,100,99902,100,100046,100,99899,100,100050,100,99828,100,100056,100,99819,100,100069,100,99806,100,100077,100,99767,100
2019-06-28 09:40:50.000000000,99964,165,99932,165,99967,165,99916,165,99984,165,99914,165,100014,165,99905,165,100037,165,99902,165,100046,100,99899,100,100050,100,99828,100,100056,100,99819,100,100069,100,99806,100,100077,100,99767,100
2019-06-28 09:41:00.000000000,99964,211,99932,211,99967,208,99916,208,99984,208,99914,208,100014,100,99905,100,100037,100,99902,100,100046,100,99899,100,100050,100,99828,100,100056,100,99819,100,100069,100,99806,100,100077,100,99767,100
2019-06-28 09:41:10.000000000,99964,211,99932,211,99967,208,99916,208,99984,208,99914,208,100014,100,99905,100,100037,100,99902,100,100046,100,99899,100,100050,100,99828,100,100056,100,99819,100,100069,100,99806,100,100077,100,99767,100
2019-06-28 09:41:20.000000000,99964,165,99932,165,99967,165,99916,165,99984,165,99914,165,100014,165,99905,165,100037,165,99902,165,100046,100,99899,100,100050,100,99828,100,100056,100,99819,100,100069,100,99806,100,100077,100,99767,100
2019-06-28 09:41:30.000000000,99964,426,99932,426,99967,100,99916,100,99984,100,99914,100,100014,100,99905,100,100037,100,99902,100,100046,100,99899,100,100050,100,99828,100,100056,100,99819,100,100069,100,99806,100,100077,100,99767,100
2019-06-28 09:41:39.660309510,99964,426,99932,426,99967,100,99916,100,99984,100,99914,100,100014,100,99905,100,100037,100,99902,100,100046,100,99899,100,100050,100,99819,100,100056,100,99806,100,100069,100,99767,100,100077,100,99563,100
2019-06-28 09:41:40.000000000,99964,182,99932,182,99967,182,99916,182,99984,182,99914,182,100014,182,99905,182,100037,100,99902,100,100046,100,99899,100,100050,100,99819,100,100056,100,99806,100,100069,100,99767,100,100077,100,99563,100
2019-06-28 09:41:47.135931226,99964,182,99932,82,99967,182,99916,182,99984,182,99914,182,100014,182,99905,182,100037,100,99902,100,100046,100,99899,100,100050,100,99819,100,100056,100,99806,100,100069,100,99767,100,100077,100,99563,100
2019-06-28 09:41:50.000000000,99964,182,99916,182,99967,182,99914,182,99984,182,99905,182,100014,182,99902,182,100037,100,99899,100,100046,100,99819,100,100050,100,99806,100,100056,100,99767,100,100069,100,99563,100,100077,100,99056,100
2019-06-28 09:42:00.000000000,99964,211,99916,211,99967,208,99914,208,99984,208,99905,208,100014,100,99902,100,100037,100,99899,100,100046,100,99819,100,100050,100,99806,100,100056,100,99767,100,100069,100,99563,100,100077,100,99056,100
2019-06-28 09:42:01.902153468,99964,211,99916,111,99967,208,99914,208,99984,208,99905,208,100014,100,99902,100,100037,100,99899,100,100046,100,99819,100,100050,100,99806,100,100056,100,99767,100,100069,100,99563,100,100077,100,99056,100
2019-06-28 09:42:10.000000000,99964,165,99914,165,99967,165,99905,165,99984,165,99902,165,100014,165,99899,165,100037,165,99819,165,100046,100,99806,100,100050,100,99767,100,100056,100,99563,100,100069,100,99056,100,100077,100,98875,100
2019-06-28 09:42:20.000000000,99964,165,99914,165,99967,165,99905,165,99984,165,99902,165,100014,165,99899,165,100037,165,99819,165,100046,100,99806,100,100050,100,99767,100,100056,100,99563,100,100069,100,99056,100,100077,100,98875,100
2019-06-28 09:42:28.425147937,99964,165,99914,165,99967,165,99905,165,99984,165,99902,165,100014,165,99899,165,100037,165,99838,100,100046,100,99819,165,100050,100,99806,100,100056,100,99767,100,100069,100,99563,100,100077,100,99056,100
2019-06-28 09:42:28.722384037,99964,165,99914,165,99967,165,99907,100,99984,165,99905,165,100014,165,99902,165,100037,165,99899,165,100046,100,99838,100,100050,100,99819,165,100056,100,99806,100,100069,100,99767,100,100077,100,99563,100
2019-06-28 09:42:30.000000000,99964,263,99914,263,99967,263,99907,263,99984,100,99905,100,100014,100,99902,100,100037,100,99899,100,100046,100,99838,100,100050,100,99819,100,100056,100,99806,100,100069,100,99767,100,100077,100,99563,100
2019-06-28 09:42:31.310544518,99964,363,99914,263,99967,263,99907,263,99984,100,99905,100,100014,100,99902,100,100037,100,99899,100,100046,100,99838,100,100050,100,99819,100,100056,100,99806,100,100069,100,99767,100,100077,100,99563,100
2019-06-28 09:42:40.000000000,99964,311,99914,211,99967,208,99907,208,99984,208,99905,208,100014,100,99902,100,100037,100,99899,100,100046,100,99838,100,100050,100,99819,100,100056,100,99806,100,100069,100,99767,100,100077,100,99563,100
2019-06-28 09:42:50.000000000,99964,265,99914,165,99967,165,99907,165,99984,165,99905,165,100014,165,99902,165,100037,165,99899,165,100046,100,99838,100,100050,100,99819,100,100056,100,99806,100,100069,100,99767,100,100077,100,99563,100
2019-06-28 09:43:00.000000000,99964,363,99914,263,99967,263,99907,263,99984,100,99905,100,100014,100,99902,100,100037,100,99899,100,100046,100,99838,100,100050,100,99819,100,100056,100,99806,100,100069,100,99767,100,100077,100,99563,100
2019-06-28 09:43:01.462035358,99964,363,99933,100,99967,263,99914,263,99984,100,99907,263,100014,100,99905,100,100037,100,99902,100,100046,100,99899,100,100050,100,99838,100,100056,100,99819,100,100069,100,99806,100,100077,100,99767,100
2019-06-28 09:43:08.364096884,99964,363,99933,100,99967,263,99914,263,99984,100,99907,263,100014,100,99905,100,100037,100,99902,100,100046,100,99899,100,100050,100,99838,100,100056,100,99819,100,100069,100,99806,100,100077,100,99767,100
2019-06-28 09:43:10.000000000,99964,282,99933,182,99967,182,99914,182,99984,182,99907,182,100014,182,99905,182,100037,100,99902,100,100046,100,99899,100,100050,100,99838,100,100056,100,99819,100,100069,100,99806,100,100077,100,99767,100
2019-06-28 09:43:14.509341505,99964,282,99933,182,99967,182,99914,182,99984,182,99907,182,100014,182,99905,182,100037,100,99902,100,100046,100,99899,100,100050,100,99838,100,100056,100,99819,100,100069,100,99806,100,100077,100,99767,100
2019-06-28 09:43:19.247239105,99964,182,99933,182,99967,182,99914,182,99984,182,99907,182,100014,182,99905,182,100037,100,99902,100,100046,100,99899,100,100050,100,99838,100,100056,100,99819,100,100069,100,99806,100,100077,100,99767,100
2019-06-28 09:43:19.522461471,99964,182,99933,182,99967,182,99914,182,99984,182,99907,182,100014,182,99905,182,100037,100,99902,100,100046,100,99899,100,100050,100,99838,100,100056,100,99819,100,100069,100,99806,100,100077,100,99767,100
2019-06-28 09:43:20.000000000,99964,211,99933,211,99967,208,99914,208,99984,208,99907,208,100014,100,99905,100,100037,100,99902,100,100046,100,99899,100,100050,100,99838,100,100056,100,99819,100,100069,100,99806,100,100077,100,99767,100
2019-06-28 09:43:30.000000000,99964,182,99933,182,99967,182,99914,182,99984,182,99907,182,100014,182,99905,182,100037,100,99902,100,100046,100,99899,100,100050,100,99838,100,100056,100,99819,100,100069,100,99806,100,100077,100,99767,100
2019-06-28 09:43:36.028747887,99964,182,99933,182,99967,182,99914,182,99984,182,99907,182,100014,182,99905,82,100037,100,99902,100,100046,100,99899,100,100050,100,99838,100,100056,100,99819,100,100069,100,99806,100,100077,100,99767,100
2019-06-28 09:43:40.000000000,99964,165,99933,165,99967,165,99914,165,99984,165,99907,165,100014,165,99902,165,100037,165,99899,165,100046,100,99838,100,100050,100,99819,100,100056,100,99806,100,100069,100,99767,100,100077,100,99056,100
2019-06-28 09:43:41.564895407,99963,100,99933,165,99964,165,99914,165,99967,165,99907,165,99984,165,99902,165,100014,165,99899,165,100037,165,99838,100,100046,100,99819,100,100050,100,99806,100,100056,100,99767,100,100069,100,99056,100
2019-06-28 09:43:50.000000000,99963,211,99933,211,99964,208,99914,208,99967,208,99907,208,99984,100,99902,100,100014,100,99899,100,100037,100,99838,100,100046,100,99819,100,100050,100,99806,100,100056,100,99767,100,100069,100,99056,100
2019-06-28 09:44:00.000000000,99963,165,99933,165,99964,165,99914,165,99967,165,99907,165,99984,165,99902,165,100014,165,99899,165,100037,100,99838,100,100046,100,99819,100,100050,100,99806,100,100056,100,99767,100,100069,100,99056,100
2019-06-28 09:44:04.005517436,99963,265,99933,165,99964,165,99914,165,99967,165,99907,165,99984,65,99902,165,100014,165,99899,165,100037,100,99838,100,100046,100,99819,100,100050,100,99806,100,100056,100,99767,100,100069,100,99056,100
2019-06-28 09:44:10.000000000,99963,265,99933,165,99964,165,99914,165,99967,165,99907,165,100014,165,99902,165,100037,165,99899,165,100046,100,99838,100,100050,100,99819,100,100056,100,99806,100,100069,100,99767,100,100077,100,99056,100
2019-06-28 09:44:20.000000000,99963,311,99933,211,99964,208,99914,208,99967,208,99907,208,100014,100,99902,100,100037,100,99899,100,100046,100,99838,100,100050,100,99819,100,100056,100,99806,100,100069,100,99767,100,100077,100,99056,100
2019-06-28 09:44:26.280374530,99963,411,99933,211,99964,208,99914,208,99967,208,99907,208,100014,100,99902,100,100037,100,99899,100,100046,100,99838,100,100050,100,99819,100,100056,100,99806,100,100069,100,99767,100,100077,100,99056,100
2019-06-28 09:44:30.000000000,99963,626,99933,426,99964,100,99914,100,99967,100,99907,100,100014,100,99902,100,100037,100,99899,100,100046,100,99838,100,100050,100,99819,100,100056,100,99806,100,100069,100,99767,100,100077,100,99056,100
2019-06-28 09:44:40.000000000,99963,411,99933,211,99964,208,99914,208,99967,208,99907,208,100014,100,99902,100,100037,100,99899,100,100046,100,99838,100,100050,100,99819,100,100056,100,99806,100,100069,100,99767,100,100077,100,99056,100
2019-06-28 09:44:44.885840784,99963,411,99933,211,99964,208,99914,208,99967,208,99907,208,100014,100,99902,100,100037,100,99899,100,100046,100,99838,100,100050,100,99806,100,100056,100,99767,100,100069,100,99056,100,100077,100,98899,100
2019-06-28 09:44:50.000000000,99963,382,99933,182,99964,182,99914,182,99967,182,99907,182,100014,182,99902,182,100037,100,99899,100,100046,100,99838,100,100050,100,99806,100,100056,100,99767,100,100069,100,99056,100,100077,100,98899,100
2019-06-28 09:44:52.219113860,99963,382,99933,182,99964,182,99914,182,99967,182,99907,182,100014,182,99902,182,100037,100,99899,100,100046,100,99838,100,100050,100,99806,100,100056,100,99767,100,100069,100,99056,100,100077,100,98997,100
2019-06-28 09:45:00.000000000,99963,365,99933,165,99964,165,99914,165,99967,165,99907,165,100014,165,99902,165,100037,165,99899,165,100046,100,99838,100,100050,100,99806,100,100056,100,99767,100,100069,100,99056,100,100077,100,98997,100
2019-06-28 09:45:02.190944288,99963,365,99933,165,99964,165,99914,165,99967,165,99907,165,100014,65,99902,165,100037,165,99899,165,100046,100,99838,100,100050,100,99806,100,100056,100,99767,100,100069,100,99056,100,100077,100,98997,100
2019-06-28 09:45:04.378263830,99963,365,99933,65,99964,165,99914,165,99967,165,99907,165,100014,65,99902,165,100037,165,99899,165,100046,100,99838,100,100050,100,99806,100,100056,100,99767,100,100069,100,99056,100,100077,100,98997,100
2019-06-28 09:45:10.000000000,99963,382,99914,182,99964,182,99907,182,99967,182,99902,182,100037,182,99899,182,100046,100,99838,100,100050,100,99806,100,100056,100,99767,100,100069,100,99056,100,100077,100,98997,100,100095,100,98993,100
2019-06-28 09:45:20.000000000,99963,411,99914,211,99964,208,99907,208,99967,208,99902,208,100037,100,99899,100,100046,100,99838,100,100050,100,99806,100,100056,100,99767,100,100069,100,99056,100,100077,100,98997,100,100095,100,98993,100
2019-06-28 09:45:23.234934259,99963,311,99914,211,99964,208,99907,208,99967,208,99902,208,100037,100,99899,100,100046,100,99838,100,100050,100,99806,100,100056,100,99767,100,100069,100,99056,100,100077,100,98997,100,100095,100,98993,100
2019-06-28 09:45:30.000000000,99963,282,99914,182,99964,182,99907,182,99967,182,99902,182,100037,182,99899,182,100046,100,99838,100,100050,100,99806,100,100056,100,99767,100,100069,100,99056,100,100077,100,98997,100,100095,100,98993,100
2019-06-28 09:45:33.775915345,99963,282,99914,82,99964,182,99907,182,99967,182,99902,182,100037,182,99899,182,100046,100,99838,100,100056,100,99806,100,100069,100,99767,100,100077,100,99056,100,100095,100,98997,100,100107,100,98993,100
2019-06-28 09:45:40.000000000,99963,311,99907,211,99964,208,99902,208,99967,208,99899,208,100037,100,99838,100,100046,100,99806,100,100056,100,99767,100,100069,100,99056,100,100077,100,98997,100,100095,100,98993,100,100107,100,98899,100
2019-06-28 09:45:43.018916617,99963,311,99907,111,99964,208,99902,208,99967,208,99899,208,100037,100,99838,100,100046,100,99806,100,100056,100,99767,100,100069,100,99056,100,100077,100,98997,100,100095,100,98993,100,100107,100,98899,100
2019-06-28 09:45:44.104395086,99963,311,99907,11,99964,108,99902,208,99967,208,99899,208,100037,100,99838,100,100046,100,99806,100,100056,100,99767,100,100069,100,99056,100,100077,100,98997,100,100095,100,98993,100,100107,100,98899,100
2019-06-28 09:45:47.721686237,99963,311,99907,11,99964,108,99902,208,99967,208,99899,208,100037,100,99838,100,100046,100,99806,100,100056,100,99767,100,100069,100,99070,100,100077,100,99056,100,100095,100,98997,100,100107,100,98993,100
2019-06-28 09:45:50.000000000,99963,265,99902,165,99967,165,99899,165,100037,165,99838,165,100046,165,99806,165,100056,165,99767,165,100069,100,99070,100,100077,100,99056,100,100095,100,98997,100,100107,100,98993,100,100118,100,98899,100
2019-06-28 09:46:00.000000000,99963,363,99902,263,99967,263,99899,263,100037,100,99838,100,100046,100,99806,100,100056,100,99767,100,100069,100,99070,100,100077,100,99056,100,100095,100,98997,100,100107,100,98993,100,100118,100,98899,100
2019-06-28 09:46:02.547838962,99963,363,99902,263,99967,263,99899,263,100037,100,99838,100,100046,100,99806,100,100056,100,99767,100,100069,100,99080,100,100077,100,99070,100,100095,100,99056,100,100107,100,98997,100,100118,100,98993,100
2019-06-28 09:46:02.805237362,99963,363,99902,163,99967,263,99899,263,100037,100,99838,100,100056,100,99806,100,100069,100,99767,100,100077,100,99080,100,100095,100,99070,100,100107,100,99056,100,100118,100,98997,100,100124,100,98993,100
2019-06-28 09:46:10.000000000,99963,526,99899,426,99967,100,99838,100,100037,100,99806,100,100056,100,99767,100,100069,100,99080,100,100077,100,99070,100,100095,100,99056,100,100107,100,98997,100,100118,100,98993,100,100124,100,98899,100
2019-06-28 09:46:20.000000000,99963,363,99899,263,99967,263,99838,263,100037,100,99806,100,100056,100,99767,100,100069,100,99080,100,100077,100,99070,100,100095,100,99056,100,100107,100,98997,100,100118,100,98993,100,100124,100,98899,100
2019-06-28 09:46:23.523417904,99907,100,99899,263,99963,363,99838,263,99967,263,99806,100,100037,100,99767,100,100056,100,99080,100,100069,100,99070,100,100077,100,99056,100,100095,100,98997,100,100107,100,98993,100,100118,100,98899,100
2019-06-28 09:46:29.976854088,99907,200,99899,263,99963,363,99838,263,99967,263,99806,100,100037,100,99767,100,100056,100,99080,100,100069,100,99070,100,100077,100,99056,100,100095,100,98997,100,100118,100,98993,100,100124,100,98899,100
2019-06-28 09:46:30.000000000,99907,311,99899,211,99963,308,99838,208,99967,208,99806,208,100037,100,99767,100,100056,100,99080,100,100069,100,99070,100,100077,100,99056,100,100095,100,98997,100,100118,100,98993,100,100124,100,98899,100
2019-06-28 09:46:31.053540549,99907,311,99899,211,99963,308,99838,208,99967,208,99806,208,100037,100,99767,100,100056,100,99198,100,100069,100,99080,100,100077,100,99070,100,100095,100,99056,100,100118,100,98997,100,100124,100,98993,100
2019-06-28 09:46:34.786026072,99907,311,99899,211,99963,308,99838,208,99967,208,99806,208,100037,100,99767,100,100056,100,99198,100,100069,100,99173,100,100077,100,99080,100,100095,100,99070,100,100118,100,99056,100,100124,100,98997,100
2019-06-28 09:46:37.919878628,99907,311,99899,211,99963,308,99838,208,99967,208,99806,208,100037,100,99767,100,100056,100,99284,100,100069,100,99198,100,100077,100,99173,100,100095,100,99080,100,100118,100,99070,100,100124,100,99056,100
2019-06-28 09:46:40.000000000,99907,282,99899,182,99963,282,99838,182,99967,182,99806,182,100037,182,99767,182,100056,100,99284,100,100069,100,99198,100,100077,100,99173,100,100095,100,99080,100,100118,100,99070,100,100124,100,99056,100
2019-06-28 09:46:50.000000000,99907,265,99899,165,99963,265,99838,165,99967,165,99806,165,100037,165,99767,165,100056,165,99284,165,100069,100,99198,100,100077,100,99173,100,100095,100,99080,100,100118,100,99070,100,100124,100,99056,100
2019-06-28 09:47:00.000000000,99907,363,99899,263,99963,363,99838,263,99967,100,99806,100,100037,100,99767,100,100056,100,99284,100,100069,100,99198,100,100077,100,99173,100,100095,100,99080,100,100118,100,99070,100,100124,100,99056,100
2019-06-28 09:47:03.673961976,99907,363,99899,263,99963,363,99838,263,99967,100,99806,100,100056,100,99767,100,100069,100,99284,100,100077,100,99198,100,100095,100,99173,100,100118,100,99080,100,100124,100,99079,100,100146,100,99070,100
2019-06-28 09:47:10.000000000,99907,282,99899,182,99963,282,99838,182,99967,182,99806,182,100056,182,99767,182,100069,100,99284,100,100077,100,99198,100,100095,100,99173,100,100118,100,99080,100,100124,100,99079,100,100146,100,99070,100
2019-06-28 09:47:20.000000000,99907,526,99899,426,99963,200,99838,100,99967,100,99806,100,100056,100,99767,100,100069,100,99284,100,100077,100,99198,100,100095,100,99173,100,100118,100,99080,100,100124,100,99079,100,100146,100,99070,100
2019-06-28 09:47:26.467293605,99907,526,99899,426,99963,200,99838,100,99967,100,99806,100,100056,100,99767,100,100069,100,99284,100,100077,100,99198,100,100095,100,99173,100,100118,100,99080,100,100124,100,99079,100,100146,100,99070,100
2019-06-28 09:47:30.000000000,99907,363,99899,263,99963,363,99838,263,99967,100,99806,100,100056,100,99767,100,100069,100,99284,100,100077,100,99198,100,100095,100,99173,100,100118,100,99080,100,100124,100,99079,100,100146,100,99070,100
2019-06-28 09:47:33.612696455,99907,363,99899,163,99963,363,99838,263,99967,100,99806,100,100056,100,99767,100,100069,100,99284,100,100077,100,99198,100,100095,100,99173,100,100118,100,99115,100,100124,100,99080,100,100146,100,99079,100
2019-06-28 09:47:40.000000000,99907,265,99838,165,99963,265,99806,165,99967,165,99767,165,100056,165,99284,165,100069,165,99198,165,100077,100,99173,100,100095,100,99115,100,100118,100,99080,100,100124,100,99079,100,100146,100,99070,100
2019-06-28 09:47:44.875221004,99907,265,99838,165,99963,265,99806,165,99967,165,99767,165,100056,165,99284,165,100069,165,99198,65,100077,100,99173,100,100095,100,99115,100,100118,100,99080,100,100124,100,99079,100,100146,100,99070,100
2019-06-28 09:47:46.292172658,99907,265,99838,165,99963,265,99806,165,99967,165,99767,165,100056,165,99284,165,100069,165,99198,65,100077,100,99173,100,100095,100,99115,100,100118,100,99096,100,100124,100,99080,100,100146,100,99079,100
2019-06-28 09:47:50.000000000,99907,265,99838,165,99963,265,99806,165,99967,165,99767,165,100056,165,99284,165,100069,165,99173,165,100077,100,99115,100,100095,100,99096,100,100118,100,99080,100,100124,100,99079,100,100146,100,99070,100
2019-06-28 09:48:00.000000000,99907,526,99838,426,99963,200,99806,100,99967,100,99767,100,100056,100,99284,100,100069,100,99173,100,100077,100,99115,100,100095,100,99096,100,100118,100,99080,100,100124,100,99079,100,100146,100,99070,100
2019-06-28 09:48:03.890875493,99907,526,99838,326,99963,200,99806,100,99967,100,99767,100,100056,100,99284,100,100069,100,99115,100,100077,100,99096,100,100095,100,99080,100,100118,100,99079,100,100124,100,99070,100,100146,100,99056,100
2019-06-28 09:48:10.000000000,99907,265,99806,165,99963,265,99767,165,99967,165,99284,165,100056,165,99115,165,100069,165,99096,165,100077,100,99080,100,100095,100,99079,100,100118,100,99070,100,100124,100,99056,100,100146,100,98997,100
2019-06-28 09:48:20.000000000,99907,282,99806,182,99963,282,99767,182,99967,182,99284,182,100056,182,99115,182,100069,100,99096,100,100077,100,99080,100,100095,100,99079,100,100118,100,99070,100,100124,100,99056,100,100146,100,98997,100
2019-06-28 09:48:22.617924215,99907,282,99806,82,99963,282,99767,182,99967,182,99284,182,100056,182,99115,182,100069,100,99096,100,100077,100,99080,100,100095,100,99079,100,100118,100,99070,100,100124,100,99056,100,100146,100,98997,100
2019-06-28 09:48:23.352791850,99806,18,99767,182,99907,282,99284,182,99963,282,99115,182,99967,182,99096,100,100056,182,99080,100,100069,100,99079,100,100077,100,99070,100,100095,100,99056,100,100118,100,98997,100,100124,100,98993,100
2019-06-28 09:48:30.000000000,99806,129,99767,211,99907,308,99284,208,99963,308,99115,208,99967,100,99096,100,100056,100,99080,100,100069,100,99079,100,100077,100,99070,100,100095,100,99056,100,100118,100,98997,100,100124,100,98993,100
2019-06-28 09:48:40.000000000,99806,344,99767,426,99907,200,99284,100,99963,200,99115,100,99967,100,99096,100,100056,100,99080,100,100069,100,99079,100,100077,100,99070,100,100095,100,99056,100,100118,100,98997,100,100124,100,98993,100
2019-06-28 09:48:40.914050045,99806,344,99767,326,99907,200,99284,100,99963,200,99115,100,99967,100,99096,100,100056,100,99080,100,100069,100,99079,100,100077,100,99070,100,100095,100,99056,100,100118,100,98997,100,100124,100,98993,100
2019-06-28 09:48:48.159255725,99806,344,99767,226,99907,200,99284,100,99963,200,99115,100,99967,100,99096,100,100056,100,99080,100,100069,100,99079,100,100077,100,99070,100,100095,100,99056,100,100118,100,98997,100,100124,100,98993,100
2019-06-28 09:48:50.000000000,99806,344,99284,426,99907,200,99115,100,99963,200,99096,100,99967,100,99080,100,100056,100,99079,100,100069,100,99070,100,100077,100,99056,100,100095,100,98997,100,100118,100,98993,100,100124,100,98983,100
2019-06-28 09:48:59.019606172,99806,344,99284,426,99907,100,99115,100,99963,200,99096,100,99967,100,99080,100,100056,100,99079,100,100069,100,99070,100,100077,100,99056,100,100095,100,98997,100,100118,100,98993,100,100124,100,98983,100
2019-06-28 09:49:00.000000000,99806,129,99284,211,99907,208,99115,208,99963,308,99096,208,99967,100,99080,100,100056,100,99079,100,100069,100,99070,100,100077,100,99056,100,100095,100,98997,100,100118,100,98993,100,100124,100,98983,100
2019-06-28 09:49:10.000000000,99806,181,99284,263,99907,263,99115,263,99963,200,99096,100,99967,100,99080,100,100056,100,99079,100,100069,100,99070,100,100077,100,99056,100,100095,100,98997,100,100118,100,98993,100,100124,100,98983,100
2019-06-28 09:49:11.977065380,99767,100,99284,263,99806,181,99115,263,99907,263,99096,100,99963,200,99080,100,99967,100,99079,100,100056,100,99070,100,100069,100,99056,100,100077,100,98997,100,100095,100,98993,100,100118,100,98983,100
2019-06-28 09:49:20.000000000,99767,263,99284,263,99806,181,99115,263,99907,100,99096,100,99963,200,99080,100,99967,100,99079,100,100056,100,99070,100,100069,100,99056,100,100077,100,98997,100,100095,100,98993,100,100118,100,98983,100
2019-06-28 09:49:24.856175630,99767,263,99284,163,99806,181,99115,263,99907,100,99096,100,99963,200,99080,100,99967,100,99079,100,100056,100,99070,100,100069,100,99056,100,100077,100,98997,100,100095,100,98993,100,100118,100,98983,100
2019-06-28 09:49:30.000000000,99767,182,99115,182,99806,100,99096,182,99907,182,99080,182,99963,282,99079,182,99967,100,99070,100,100056,100,99056,100,100069,100,98997,100,100077,100,98993,100,100095,100,98983,100,100118,100,98899,100
2019-06-28 09:49:40.000000000,99767,182,99115,182,99806,100,99096,182,99907,182,99080,182,99963,282,99079,182,99967,100,99070,100,100056,100,99056,100,100069,100,98997,100,100077,100,98993,100,100095,100,98983,100,100118,100,98899,100
2019-06-28 09:49:50.000000000,99767,182,99115,182,99806,100,99096,182,99907,182,99080,182,99963,282,99079,182,99967,100,99070,100,100056,100,99056,100,100069,100,98997,100,100077,100,98993,100,100095,100,98983,100,100118,100,98899,100
2019-06-28 09:49:50.159718805,99767,182,99115,182,99806,100,99096,182,99907,182,99080,182,99963,282,99079,182,100056,100,99070,100,100069,100,99056,100,100077,100,98997,100,100095,100,98993,100,100118,100,98983,100,100124,100,98899,100
2019-06-28 09:49:55.026890084,99767,182,99115,82,99806,100,99096,182,99907,182,99080,182,99963,282,99079,182,100056,100,99070,100,100069,100,99056,100,100077,100,98997,100,100095,100,98993,100,100118,100,98983,100,100124,100,98899,100
2019-06-28 09:50:00.000000000,99767,165,99096,165,99806,83,99080,165,99907,165,99079,165,99963,265,99070,165,100056,165,99056,165,100069,100,98997,100,100077,100,98993,100,100095,100,98983,100,100118,100,98899,100,100124,100,98367,100
2019-06-28 09:50:08.633766776,99767,165,99096,165,99806,83,99080,165,99907,165,99079,165,99963,265,99070,165,100056,165,99056,165,100069,100,98997,100,100077,100,98993,100,100095,100,98983,100,100118,100,98899,100,100124,100,98367,100
2019-06-28 09:50:10.000000000,99767,263,99096,263,99806,181,99080,263,99907,100,99079,100,99963,200,99070,100,100056,100,99056,100,100069,100,98997,100,100077,100,98993,100,100095,100,98983,100,100118,100,98899,100,100124,100,98367,100
2019-06-28 09:50:20.000000000,99767,211,99096,211,99806,126,99080,208,99907,208,99079,208,99963,200,99070,100,100056,100,99056,100,100069,100,98997,100,100077,100,98993,100,100095,100,98983,100,100118,100,98899,100,100124,100,98367,100
2019-06-28 09:50:30.000000000,99767,426,99096,426,99806,18,99080,100,99907,100,99079,100,99963,200,99070,100,100056,100,99056,100,100069,100,98997,100,100077,100,98993,100,100095,100,98983,100,100118,100,98899,100,100124,100,98367,100
2019-06-28 09:50:40.000000000,99767,263,99096,263,99806,181,99080,263,99907,100,99079,100,99963,200,99070,100,100056,100,99056,100,100069,100,98997,100,100077,100,98993,100,100095,100,98983,100,100118,100,98899,100,100124,100,98367,100
2019-06-28 09:50:50.000000000,99767,426,99096,426,99806,18,99080,100,99907,100,99079,100,99963,200,99070,100,100056,100,99056,100,100069,100,98997,100,100077,100,98993,100,100095,100,98983,100,100118,100,98899,100,100124,100,98367,100
2019-06-28 09:51:00.000000000,99767,426,99096,426,99806,18,99080,100,99907,100,99079,100,99963,200,99070,100,100056,100,99056,100,100069,100,98997,100,100077,100,98993,100,100095,100,98983,100,100118,100,98899,100,100124,100,98367,100
2019-06-28 09:51:02.273566686,99767,426,99096,326,99806,18,99080,100,99907,100,99079,100,99963,200,99070,100,100056,100,99056,100,100077,100,98997,100,100095,100,98993,100,100118,100,98983,100,100124,100,98899,100,100191,100,98367,100
2019-06-28 09:51:10.000000000,99767,426,99080,426,99806,18,99079,100,99907,100,99070,100,99963,200,99056,100,100056,100,98997,100,100077,100,98993,100,100095,100,98983,100,100118,100,98899,100,100124,100,98367,100,100191,100,98214,100
2019-06-28 09:51:20.000000000,99767,211,99080,211,99806,126,99079,208,99907,208,99070,208,99963,200,99056,100,100056,100,98997,100,100077,100,98993,100,100095,100,98983,100,100118,100,98899,100,100124,100,98367,100,100191,100,98214,100
2019-06-28 09:51:30.000000000,99767,165,99080,165,99806,83,99079,165,99907,165,99070,165,99963,265,99056,165,100056,165,98997,165,100077,100,98993,100,100095,100,98983,100,100118,100,98899,100,100124,100,98367,100,100191,100,98214,100
2019-06-28 09:51:39.246720528,99115,100,99080,165,99767,165,99079,165,99806,83,99070,165,99907,165,99056,165,99963,165,98997,165,100056,165,98993,100,100077,100,98983,100,100095,100,98899,100,100118,100,98367,100,100124,100,98214,100
2019-06-28 09:51:40.000000000,99115,426,99080,426,99767,100,99079,100,99806,18,99070,100,99907,100,99056,100,99963,100,98997,100,100056,100,98993,100,100077,100,98983,100,100095,100,98899,100,100118,100,98367,100,100124,100,98214,100
2019-06-28 09:51:42.825848658,99115,426,99080,426,99767,100,99079,100,99806,18,99070,100,99907,100,99056,100,99963,100,98997,100,100056,100,98993,100,100077,100,98983,100,100095,100,98367,100,100118,100,98282,100,100124,100,98214,100
2019-06-28 09:51:50.000000000,99115,426,99080,426,99767,100,99079,100,99806,18,99070,100,99907,100,99056,100,99963,100,98997,100,100056,100,98993,100,100077,100,98983,100,100095,100,98367,100,100118,100,98282,100,100124,100,98214,100
2019-06-28 09:51:53.834991276,99115,526,99080,426,99767,100,99079,100,99806,18,99070,100,99907,100,99056,100,99963,100,98997,100,100056,100,98993,100,100077,100,98983,100,100095,100,98367,100,100118,100,98282,100,100124,100,98214,100
2019-06-28 09:52:00.000000000,99115,363,99080,263,99767,263,99079,263,99806,18,99070,100,99907,100,99056,100,99963,100,98997,100,100056,100,98993,100,100077,100,98983,100,100095,100,98367,100,100118,100,98282,100,100124,100,98214,100
2019-06-28 09:52:10.000000000,99115,363,99080,263,99767,263,99079,263,99806,18,99070,100,99907,100,99056,100,99963,100,98997,100,100056,100,98993,100,100077,100,98983,100,100095,100,98367,100,100118,100,98282,100,100124,100,98214,100
2019-06-28 09:52:20.000000000,99115,265,99080,165,99767,165,99079,165,99806,83,99070,165,99907,165,99056,165,99963,165,98997,165,100056,100,98993,100,100077,100,98983,100,100095,100,98367,100,100118,100,98282,100,100124,100,98214,100
2019-06-28 09:52:30.000000000,99115,526,99080,426,99767,100,99079,100,99806,18,99070,100,99907,100,99056,100,99963,100,98997,100,100056,100,98993,100,100077,100,98983,100,100095,100,98367,100,100118,100,98282,100,100124,100,98214,100
2019-06-28 09:52:40.000000000,99115,282,99080,182,99767,182,99079,182,99806,100,99070,182,99907,182,99056,182,99963,100,98997,100,100056,100,98993,100,100077,100,98983,100,100095,100,98367,100,100118,100,98282,100,100124,100,98214,100
2019-06-28 09:52:40.188248795,99115,282,99080,182,99767,182,99079,182,99806,100,99070,182,99907,182,99056,182,99963,100,98997,100,100056,100,98983,100,100077,100,98631,100,100095,100,98367,100,100118,100,98282,100,100124,100,98214,100
2019-06-28 09:52:50.000000000,99115,526,99080,426,99767,100,99079,100,99806,18,99070,100,99907,100,99056,100,99963,100,98997,100,100056,100,98983,100,100077,100,98631,100,100095,100,98367,100,100118,100,98282,100,100124,100,98214,100
2019-06-28 09:52:51.644190646,99115,526,99080,426,99767,100,99079,100,99806,18,99070,100,99907,100,99056,100,99963,100,98997,100,100056,100,98983,100,100077,100,98631,100,100095,100,98622,100,100118,100,98367,100,100124,100,98282,100
2019-06-28 09:52:57.992894524,99115,526,99080,326,99767,100,99079,100,99806,18,99070,100,99907,100,99056,100,99963,100,98997,100,100056,100,98983,100,100077,100,98631,100,100095,100,98622,100,100118,100,98367,100,100124,100,98282,100
2019-06-28 09:53:00.000000000,99115,526,99079,426,99767,100,99070,100,99806,18,99056,100,99907,100,98997,100,99963,100,98983,100,100056,100,98631,100,100077,100,98622,100,100095,100,98367,100,100118,100,98282,100,100124,100,98214,100
2019-06-28 09:53:10.000000000,99115,363,99079,263,99767,263,99070,263,99806,18,99056,100,99907,100,98997,100,99963,100,98983,100,100056,100,98631,100,100077,100,98622,100,100095,100,98367,100,100118,100,98282,100,100124,100,98214,100
2019-06-28 09:53:20.000000000,99115,265,99079,165,99767,165,99070,165,99806,83,99056,165,99907,165,98997,165,99963,165,98983,165,100056,100,98631,100,100077,100,98622,100,100095,100,98367,100,100118,100,98282,100,100124,100,98214,100
2019-06-28 09:53:30.000000000,99115,282,99079,182,99767,182,99070,182,99806,100,99056,182,99907,182,98997,182,99963,100,98983,100,100056,100,98631,100,100077,100,98622,100,100095,100,98367,100,100118,100,98282,100,100124,100,98214,100
2019-06-28 09:53:40.000000000,99115,526,99079,426,99767,100,99070,100,99806,18,99056,100,99907,100,98997,100,99963,100,98983,100,100056,100,98631,100,100077,100,98622,100,100095,100,98367,100,100118,100,98282,100,100124,100,98214,100
2019-06-28 09:53:43.067308544,99115,526,99079,426,99767,100,99070,100,99806,18,99056,100,99907,100,98997,100,99963,100,98983,100,100056,100,98631,100,100077,100,98622,100,100095,100,98367,100,100118,100,98282,100,100124,100,98214,100
2019-06-28 09:53:50.000000000,99115,282,99079,182,99767,182,99070,182,99806,100,99056,182,99907,182,98997,182,99963,100,98983,100,100056,100,98631,100,100077,100,98622,100,100095,100,98367,100,100118,100,98282,100,100124,100,98214,100
2019-06-28 09:54:00.000000000,99115,363,99079,263,99767,263,99070,263,99806,18,99056,100,99907,100,98997,100,99963,100,98983,100,100056,100,98631,100,100077,100,98622,100,100095,100,98367,100,100118,100,98282,100,100124,100,98214,100
2019-06-28 09:54:10.000000000,99115,265,99079,165,99767,165,99070,165,99806,83,99056,165,99907,165,98997,165,99963,165,98983,165,100056,100,98631,100,100077,100,98622,100,100095,100,98367,100,100118,100,98282,100,100124,100,98214,100
2019-06-28 09:54:14.099637879,99115,265,99079,65,99767,165,99070,165,99806,83,99056,165,99907,165,98997,165,99963,165,98983,165,100056,100,98631,100,100077,100,98622,100,100095,100,98367,100,100118,100,98282,100,100124,100,98214,100
2019-06-28 09:54:18.874055061,99079,35,99070,165,99115,265,99056,165,99767,165,98997,165,99806,83,98983,165,99907,165,98631,100,99963,165,98622,100,100056,100,98367,100,100077,100,98282,100,100095,100,98214,100,100118,100,98189,100
2019-06-28 09:54:20.000000000,99079,361,99070,426,99115,200,99056,100,99767,100,98997,100,99806,18,98983,100,99907,100,98631,100,99963,100,98622,100,100056,100,98367,100,100077,100,98282,100,100095,100,98214,100,100118,100,98189,100
2019-06-28 09:54:30.000000000,99079,100,99070,165,99115,265,99056,165,99767,165,98997,165,99806,83,98983,165,99907,165,98631,165,99963,100,98622,100,100056,100,98367,100,100077,100,98282,100,100095,100,98214,100,100118,100,98189,100
2019-06-28 09:54:35.758572540,99079,100,99070,65,99115,265,99056,165,99767,165,98997,165,99806,83,98983,165,99907,165,98631,165,99963,100,98622,100,100056,100,98367,100,100077,100,98282,100,100095,100,98214,100,100118,100,98189,100
2019-06-28 09:54:40.000000000,99079,361,99056,426,99115,200,98997,100,99767,100,98983,100,99806,18,98631,100,99907,100,98622,100,99963,100,98367,100,100056,100,98282,100,100077,100,98214,100,100095,100,98189,100,100118,100,,
2019-06-28 09:54:49.142262118,99079,361,99056,326,99115,200,98997,100,99767,100,98983,100,99806,18,98631,100,99907,100,98622,100,99963,100,98367,100,100056,100,98282,100,100077,100,98214,100,100095,100,98189,100,100118,100,,
2019-06-28 09:54:50.000000000,99079,361,98997,426,99115,200,98983,100,99767,100,98631,100,99806,18,98622,100,99907,100,98367,100,99963,100,98282,100,100056,100,98214,100,100077,100,98189,100,100095,100,,,100118,100,,
2019-06-28 09:55:00.000000000,99079,198,98997,263,99115,363,98983,263,99767,100,98631,100,99806,18,98622,100,99907,100,98367,100,99963,100,98282,100,100056,100,98214,100,100077,100,98189,100,100095,100,,,100118,100,,
2019-06-28 09:55:08.926209184,99079,198,98997,163,99115,363,98983,263,99767,100,98631,100,99806,18,98622,100,99907,100,98367,100,99963,100,98282,100,100056,100,98214,100,100077,100,98189,100,100095,100,,,100118,100,,
2019-06-28 09:55:10.000000000,99079,361,98983,426,99115,200,98631,100,99767,100,98622,100,99806,18,98367,100,99907,100,98282,100,99963,100,98214,100,100056,100,98189,100,100077,100,,,100095,100,,,100118,100,,
2019-06-28 09:55:14.061333832,99079,361,98983,426,99115,200,98631,100,99767,100,98622,100,99806,18,98367,100,99907,100,98282,100,99963,100,98214,100,100056,100,98189,100,100077,100,98044,100,100095,100,,,100118,100,,
2019-06-28 09:55:20.000000000,99079,198,98983,263,99115,363,98631,263,99767,100,98622,100,99806,18,98367,100,99907,100,98282,100,99963,100,98214,100,100056,100,98189,100,100077,100,98044,100,100095,100,,,100118,100,,
2019-06-28 09:55:24.209997927,99056,100,98983,263,99079,198,98631,263,99115,363,98622,100,99767,100,98367,100,99806,18,98282,100,99907,100,98214,100,99963,100,98189,100,100056,100,98044,100,100077,100,,,100095,100,,
2019-06-28 09:55:30.000000000,99056,182,98983,182,99079,117,98631,182,99115,282,98622,182,99767,182,98367,182,99806,18,98282,100,99907,100,98214,100,99963,100,98189,100,100056,100,98044,100,100077,100,,,100095,100,,
2019-06-28 09:55:40.000000000,99056,211,98983,211,99079,143,98631,208,99115,308,98622,208,99767,100,98367,100,99806,18,98282,100,99907,100,98214,100,99963,100,98189,100,100056,100,98044,100,100077,100,,,100095,100,,
2019-06-28 09:55:50.000000000,99056,182,98983,182,99079,117,98631,182,99115,282,98622,182,99767,182,98367,182,99806,18,98282,100,99907,100,98214,100,99963,100,98189,100,100056,100,98044,100,100077,100,,,100095,100,,
2019-06-28 09:56:00.000000000,99056,182,98983,182,99079,117,98631,182,99115,282,98622,182,99767,182,98367,182,99806,18,98282,100,99907,100,98214,100,99963,100,98189,100,100056,100,98044,100,100077,100,,,100095,100,,
2019-06-28 09:56:08.391850128,99056,182,98983,82,99079,117,98631,182,99115,282,98622,182,99767,182,98367,182,99806,18,98282,100,99907,100,98189,100,99963,100,98044,100,100056,100,,,100077,100,,,100095,100,,
2019-06-28 09:56:10.000000000,99056,263,98631,263,99079,198,98622,263,99115,200,98367,100,99767,100,98282,100,99806,18,98189,100,99907,100,98044,100,99963,100,,,100056,100,,,100077,100,,,100095,100,,
2019-06-28 09:56:18.217226896,99056,263,98631,163,99079,198,98622,263,99115,200,98367,100,99767,100,98282,100,99806,18,98189,100,99907,100,98044,100,99963,100,,,100056,100,,,100077,100,,,100095,100,,
2019-06-28 09:56:20.000000000,99056,182,98622,182,99079,117,98367,182,99115,282,98282,182,99767,182,98189,182,99806,18,98044,100,99907,100,,,99963,100,,,100056,100,,,100077,100,,,100095,100,,
2019-06-28 09:56:30.000000000,99056,263,98622,263,99079,198,98367,263,99115,200,98282,100,99767,100,98189,100,99806,18,98044,100,99907,100,,,99963,100,,,100056,100,,,100077,100,,,100095,100,,
2019-06-28 09:56:40.000000000,99056,182,98622,182,99079,117,98367,182,99115,282,98282,182,99767,182,98189,182,99806,18,98044,100,99907,100,,,99963,100,,,100056,100,,,100077,100,,,100095,100,,
2019-06-28 09:56:50.000000000,99056,182,98622,182,99079,117,98367,182,99115,282,98282,182,99767,182,98189,182,99806,18,98044,100,99907,100,,,99963,100,,,100056,100,,,100077,100,,,100095,100,,
2019-06-28 09:57:00.000000000,99056,211,98622,211,99079,143,98367,208,99115,308,98282,208,99767,100,98189,100,99806,18,98044,100,99907,100,,,99963,100,,,100056,100,,,100077,100,,,100095,100,,
2019-06-28 09:57:10.000000000,99056,263,98622,263,99079,198,98367,263,99115,200,98282,100,99767,100,98189,100,99806,18,98044,100,99907,100,,,99963,100,,,100056,100,,,100077,100,,,100095,100,,
2019-06-28 09:57:20.000000000,99056,165,98622,165,99079,100,98367,165,99115,265,98282,165,99767,165,98189,165,99806,83,98044,165,99907,100,,,99963,100,,,100056,100,,,100077,100,,,100095,100,,
2019-06-28 09:57:30.000000000,99056,263,98622,263,99079,198,98367,263,99115,200,98282,100,99767,100,98189,100,99806,18,98044,100,99907,100,,,99963,100,,,100056,100,,,100077,100,,,100095,100,,
2019-06-28 09:57:40.000000000,99056,263,98622,263,99079,198,98367,263,99115,200,98282,100,99767,100,98189,100,99806,18,98044,100,99907,100,,,99963,100,,,100056,100,,,100077,100,,,100095,100,,
2019-06-28 09:57:47.472990879,98785,100,98622,263,99056,263,98367,263,99079,198,98282,100,99115,200,98189,100,99767,100,98044,100,99806,18,,,99907,100,,,99963,100,,,100056,100,,,100077,100,,
2019-06-28 09:57:50.000000000,98785,263,98622,263,99056,263,98367,263,99079,35,98282,100,99115,200,98189,100,99767,100,98044,100,99806,18,,,99907,100,,,99963,100,,,100056,100,,,100077,100,,
2019-06-28 09:58:00.000000000,98785,165,98622,165,99056,165,98367,165,99079,100,98282,165,99115,265,98189,165,99767,165,98044,165,99806,18,,,99907,100,,,99963,100,,,100056,100,,,100077,100,,
2019-06-28 09:58:00.209539197,98785,165,98622,165,99056,165,98571,100,99079,100,98367,165,99115,265,98282,165,99767,165,98189,165,99806,18,98044,165,99907,100,,,99963,100,,,100056,100,,,100077,100,,
2019-06-28 09:58:00.393229881,98785,165,98622,165,99056,165,98571,100,99079,100,98569,100,99115,265,98367,165,99767,165,98282,165,99806,18,98189,165,99907,100,98044,165,99963,100,,,100056,100,,,100077,100,,
2019-06-28 09:58:10.000000000,98785,426,98622,426,99056,100,98571,100,99079,35,98569,100,99115,200,98367,100,99767,100,98282,100,99806,18,98189,100,99907,100,98044,100,99963,100,,,100056,100,,,100077,100,,
2019-06-28 09:58:20.000000000,98785,165,98622,165,99056,165,98571,165,99079,100,98569,165,99115,265,98367,165,99767,165,98282,165,99806,18,98189,100,99907,100,98044,100,99963,100,,,100056,100,,,100077,100,,
2019-06-28 09:58:30.000000000,98785,165,98622,165,99056,165,98571,165,99079,100,98569,165,99115,265,98367,165,99767,165,98282,165,99806,18,98189,100,99907,100,98044,100,99963,100,,,100056,100,,,100077,100,,
2019-06-28 09:58:33.935879524,98785,65,98622,165,99056,165,98571,165,99079,100,98569,165,99115,265,98367,165,99767,165,98282,165,99806,18,98189,100,99907,100,98044,100,99963,100,,,100056,100,,,100077,100,,
2019-06-28 09:58:38.159638347,98785,65,98622,165,99056,165,98571,165,99079,100,98569,165,99115,265,98367,165,99486,100,98282,165,99767,165,98189,100,99806,18,98044,100,99907,100,,,99963,100,,,100056,100,,
2019-06-28 09:58:39.366851190,99056,165,98785,35,99079,100,98622,165,99115,265,98571,165,99486,100,98569,165,99767,165,98367,165,99806,18,98282,165,99907,100,98189,100,99963,100,98044,100,100056,100,,,100077,100,,
2019-06-28 09:58:40.000000000,99056,211,98785,146,99079,143,98622,208,99115,308,98571,208,99486,100,98569,100,99767,100,98367,100,99806,18,98282,100,99907,100,98189,100,99963,100,98044,100,100056,100,,,100077,100,,
2019-06-28 09:58:44.901912136,99056,211,98785,146,99079,143,98622,208,99115,308,98571,208,99486,100,98569,100,99767,100,98367,100,99806,18,98282,100,99963,100,98189,100,100056,100,98044,100,100077,100,,,100118,100,,
2019-06-28 09:58:49.230579863,99056,211,98785,246,99079,143,98622,208,99115,308,98571,208,99486,100,98569,100,99767,100,98367,100,99806,18,98282,100,99963,100,98189,100,100056,100,98044,100,100077,100,,,100118,100,,
2019-06-28 09:58:50.000000000,99056,263,98785,298,99079,198,98622,263,99115,200,98571,100,99486,100,98569,100,99767,100,98367,100,99806,18,98282,100,99963,100,98189,100,100056,100,98044,100,100077,100,,,100118,100,,
2019-06-28 09:59:00.000000000,99056,263,98785,298,99079,198,98622,263,99115,200,98571,100,99486,100,98569,100,99767,100,98367,100,99806,18,98282,100,99963,100,98189,100,100056,100,98044,100,100077,100,,,100118,100,,
2019-06-28 09:59:10.000000000,99056,211,98785,246,99079,143,98622,208,99115,308,98571,208,99486,100,98569,100,99767,100,98367,100,99806,18,98282,100,99963,100,98189,100,100056,100,98044,100,100077,100,,,100118,100,,
2019-06-28 09:59:12.921782370,99056,211,99036,100,99079,143,98785,246,99115,308,98622,208,99486,100,98571,208,99767,100,98569,100,99806,18,98367,100,99963,100,98282,100,100056,100,98189,100,100077,100,98044,100,100118,100,,
2019-06-28 09:59:20.000000000,99056,211,99036,211,99079,143,98785,243,99115,308,98622,208,99486,100,98571,100,99767,100,98569,100,99806,18,98367,100,99963,100,98282,100,100056,100,98189,100,100077,100,98044,100,100118,100,,
2019-06-28 09:59:21.416744627,99056,111,99036,211,99079,143,98785,243,99115,308,98622,208,99486,100,98571,100,99767,100,98569,100,99806,18,98367,100,99963,100,98282,100,100056,100,98189,100,100077,100,98044,100,100118,100,,
2019-06-28 09:59:30.000000000,99079,361,99036,426,99115,200,98785,135,99486,100,98622,100,99767,100,98571,100,99806,18,98569,100,99963,100,98367,100,100056,100,98282,100,100077,100,98189,100,100118,100,98044,100,100124,100,,
2019-06-28 09:59:40.000000000,99079,361,99036,426,99115,200,98785,135,99486,100,98622,100,99767,100,98571,100,99806,18,98569,100,99963,100,98367,100,100056,100,98282,100,100077,100,98189,100,100118,100,98044,100,100124,100,,
2019-06-28 09:59:40.744422194,99079,361,99036,426,99115,200,99000,100,99486,100,98785,135,99767,100,98622,100,99806,18,98571,100,99963,100,98569,100,100056,100,98367,100,100077,100,98282,100,100118,100,98189,100,100124,100,98044,100
2019-06-28 09:59:50.000000000,99079,198,99036,263,99115,363,99000,263,99486,100,98785,135,99767,100,98622,100,99806,18,98571,100,99963,100,98569,100,100056,100,98367,100,100077,100,98282,100,100118,100,98189,100,100124,100,98044,100
2019-06-28 10:00:00.000000000,99079,361,99036,426,99115,200,99000,100,99486,100,98785,135,99767,100,98622,100,99806,18,98571,100,99963,100,98569,100,100056,100,98367,100,100077,100,98282,100,100118,100,98189,100,100124,100,98044,100
2019-06-28 10:00:05.475015205,99079,361,99037,100,99115,200,99036,426,99486,100,99000,100,99767,100,98785,35,99806,18,98622,100,99963,100,98571,100,100056,100,98569,100,100077,100,98367,100,100118,100,98282,100,100124,100,98189,100
2019-06-28 10:00:10.000000000,99079,361,99037,426,99115,200,99036,100,99486,100,99000,100,99767,100,98785,35,99806,18,98622,100,99963,100,98571,100,100056,100,98569,100,100077,100,98367,100,100118,100,98282,100,100124,100,98189,100
2019-06-28 10:00:18.271770643,99079,261,99037,426,99115,200,99036,100,99767,100,99000,100,99806,18,98785,35,99963,100,98622,100,100056,100,98571,100,100077,100,98569,100,100118,100,98367,100,100124,100,98282,100,,,98189,100
2019-06-28 10:00:20.000000000,99115,363,99037,263,99767,263,99036,263,99806,18,99000,100,99963,100,98785,35,100056,100,98622,100,100077,100,98571,100,100118,100,98569,100,100124,100,98367,100,,,98282,100,,,98189,100
2019-06-28 10:00:24.483660653,99115,363,99037,263,99208,100,99036,263,99767,263,99000,100,99806,18,98785,35,99963,100,98622,100,100056,100,98571,100,100077,100,98569,100,100118,100,98367,100,100124,100,98282,100,,,98189,100
2019-06-28 10:00:27.379505197,99115,263,99037,263,99208,100,99036,263,99767,263,99000,100,99806,18,98785,35,99963,100,98571,100,100056,100,98569,100,100077,100,98367,100,100118,100,98282,100,100124,100,98189,100,,,98044,100
2019-06-28 10:00:30.000000000,99115,426,99037,426,99208,100,99036,100,99767,100,99000,100,99806,18,98785,35,99963,100,98571,100,100056,100,98569,100,100077,100,98367,100,100118,100,98282,100,100124,100,98189,100,,,98044,100
2019-06-28 10:00:40.000000000,99115,182,99037,182,99208,182,99036,182,99767,182,99000,182,99806,100,98785,117,99963,100,98571,100,100056,100,98569,100,100077,100,98367,100,100118,100,98282,100,100124,100,98189,100,,,98044,100
2019-06-28 10:00:48.628875286,99115,182,99037,182,99208,182,99036,182,99767,182,99000,182,99806,100,98785,117,100056,100,98571,100,100077,100,98569,100,100118,100,98367,100,100124,100,98282,100,,,98189,100,,,98044,100
2019-06-28 10:00:49.819671949,99115,182,99079,100,99208,182,99037,182,99767,182,99036,182,99806,100,99000,182,100056,100,98785,117,100118,100,98571,100,100124,100,98569,100,,,98367,100,,,98282,100,,,98189,100
2019-06-28 10:00:50.000000000,99115,165,99079,165,99208,165,99037,165,99767,165,99036,165,99806,83,99000,165,100056,165,98785,100,100118,100,98571,100,100124,100,98569,100,,,98367,100,,,98282,100,,,98189,100
2019-06-28 10:00:51.618758163,99115,165,99079,65,99208,165,99037,165,99767,165,99036,165,99806,83,99000,165,100056,165,98785,100,100118,100,98571,100,100124,100,98569,100,,,98367,100,,,98282,100,,,98189,100
2019-06-28 10:00:53.124850590,99115,165,99079,65,99208,165,99037,165,99546,100,99036,165,99767,165,99000,165,99806,83,98785,100,100056,165,98571,100,100118,100,98569,100,100124,100,98367,100,,,98189,100,,,98044,100
2019-06-28 10:00:54.182121028,99115,65,99079,65,99208,165,99037,165,99546,100,99036,165,99767,165,99000,165,99806,83,98785,100,100056,165,98571,100,100118,100,98569,100,100124,100,98367,100,,,98189,100,,,98044,100
2019-06-28 10:01:00.000000000,99208,182,99037,182,99546,182,99036,182,99767,182,99000,182,99806,100,98785,117,100056,100,98571,100,100118,100,98569,100,100124,100,98367,100,,,98189,100,,,98044,100,,,,
2019-06-28 10:01:10.000000000,99208,182,99037,182,99546,182,99036,182,99767,182,99000,182,99806,100,98785,117,100056,100,98571,100,100118,100,98569,100,100124,100,98367,100,,,98189,100,,,98044,100,,,,
2019-06-28 10:01:12.402569257,99208,182,99115,100,99546,182,99037,182,99767,182,99036,182,99806,100,99000,182,100056,100,98785,117,100118,100,98571,100,100124,100,98569,100,,,98367,100,,,98189,100,,,98044,100
2019-06-28 10:01:18.808795645,99208,182,99145,100,99546,182,99115,100,99767,182,99037,182,99806,100,99036,182,100056,100,99000,182,100118,100,98785,117,100124,100,98571,100,,,98367,100,,,98189,100,,,98044,100
2019-06-28 10:01:20.000000000,99208,263,99145,263,99546,263,99115,263,99767,100,99037,100,99806,18,99036,100,100056,100,99000,100,100118,100,98785,35,100124,100,98571,100,,,98367,100,,,98189,100,,,98044,100
2019-06-28 10:01:30.000000000,99208,263,99145,263,99546,263,99115,263,99767,100,99037,100,99806,18,99036,100,100056,100,99000,100,100118,100,98785,35,100124,100,98571,100,,,98367,100,,,98189,100,,,98044,100
2019-06-28 10:01:40.000000000,99208,426,99145,426,99546,100,99115,100,99767,100,99037,100,99806,18,99036,100,100056,100,99000,100,100118,100,98785,35,100124,100,98571,100,,,98367,100,,,98189,100,,,98044,100
2019-06-28 10:01:44.870353153,99208,326,99145,426,99546,100,99115,100,99767,100,99037,100,99806,18,99036,100,100056,100,99000,100,100118,100,98785,35,100124,100,98571,100,,,98367,100,,,98189,100,,,98044,100
2019-06-28 10:01:49.693166376,99207,100,99145,426,99208,326,99115,100,99546,100,99037,100,99806,18,99036,100,100056,100,99000,100,100118,100,98785,35,100124,100,98571,100,,,98367,100,,,98189,100,,,98044,100
2019-06-28 10:01:50.000000000,99207,426,99145,426,99546,100,99115,100,99806,18,99037,100,100056,100,99036,100,100118,100,99000,100,100124,100,98785,35,,,98571,100,,,98367,100,,,98189,100,,,98044,100
2019-06-28 10:01:54.374000241,99207,426,99145,426,99546,100,99115,100,99806,18,99037,100,100056,100,99000,100,100118,100,98879,100,100124,100,98785,35,,,98571,100,,,98367,100,,,98189,100,,,98044,100
2019-06-28 10:02:00.000000000,99207,182,99145,182,99546,182,99115,182,99806,100,99037,182,100056,182,99000,182,100118,100,98879,100,100124,100,98785,35,,,98571,100,,,98367,100,,,98189,100,,,98044,100
2019-06-28 10:02:08.231706746,99181,100,99145,82,99207,182,99115,182,99546,182,99037,182,99806,100,99000,182,100056,182,98879,100,100118,100,98785,35,100124,100,98571,100,,,98367,100,,,98189,100,,,98044,100
2019-06-28 10:02:10.000000000,99181,182,99115,182,99207,182,99037,182,99546,182,99000,182,99806,100,98879,182,100056,100,98785,35,100118,100,98571,100,100124,100,98367,100,,,98189,100,,,98044,100,,,,
2019-06-28 10:02:12.615194038,99181,182,99115,82,99207,182,99037,182,99546,182,99000,182,99806,100,98879,182,100056,100,98785,35,100118,100,98571,100,100124,100,98367,100,,,98189,100,,,98044,100,,,,
2019-06-28 10:02:20.000000000,99181,263,99037,263,99207,263,99000,263,99546,100,98879,100,99806,18,98785,35,100056,100,98571,100,100118,100,98367,100,100124,100,98189,100,,,98044,100,,,,,,,,
2019-06-28 10:02:30.000000000,99181,263,99037,263,99207,263,99000,263,99546,100,98879,100,99806,18,98785,35,100056,100,98571,100,100118,100,98367,100,100124,100,98189,100,,,98044,100,,,,,,,,
2019-06-28 10:02:37.019664817,99181,163,99037,263,99207,263,99000,263,99546,100,98879,100,99806,18,98785,35,100056,100,98571,100,100118,100,98367,100,100124,100,98189,100,,,98044,100,,,,,,,,
2019-06-28 10:02:39.592770874,99181,163,99037,263,99207,263,99000,263,99546,100,98917,100,99806,18,98879,100,100056,100,98785,35,100118,100,98571,100,100124,100,98367,100,,,98189,100,,,98044,100,,,,
2019-06-28 10:02:40.000000000,99207,426,99037,426,99546,100,99000,100,99806,18,98917,100,100056,100,98879,100,100118,100,98785,35,100124,100,98571,100,,,98367,100,,,98189,100,,,98044,100,,,,
2019-06-28 10:02:50.000000000,99207,182,99037,182,99546,182,99000,182,99806,100,98917,182,100056,182,98879,182,100118,100,98785,35,100124,100,98571,100,,,98367,100,,,98189,100,,,98044,100,,,,
2019-06-28 10:02:58.253742185,99207,182,99037,182,99328,100,99000,182,99546,182,98917,182,99806,100,98879,182,100056,182,98785,35,100118,100,98571,100,100124,100,98367,100,,,98189,100,,,98044,100,,,,
2019-06-28 10:02:58.643788974,99207,182,99037,182,99316,100,99000,182,99328,100,98917,182,99546,182,98879,182,99806,100,98785,35,100056,182,98571,100,100118,100,98367,100,100124,100,98189,100,,,98044,100,,,,
2019-06-28 10:03:00.000000000,99207,426,99037,426,99316,100,99000,100,99328,100,98917,100,99546,100,98879,100,99806,18,98785,35,100056,100,98571,100,100118,100,98367,100,100124,100,98189,100,,,98044,100,,,,
2019-06-28 10:03:07.488041148,99207,426,99037,426,99316,100,99000,100,99328,100,98970,100,99546,100,98917,100,99806,18,98879,100,100056,100,98785,35,100118,100,98571,100,100124,100,98367,100,,,98189,100,,,98044,100
2019-06-28 10:03:10.000000000,99207,182,99037,182,99316,182,99000,182,99328,182,98970,182,99546,182,98917,182,99806,18,98879,100,100056,100,98785,35,100118,100,98571,100,100124,100,98367,100,,,98189,100,,,98044,100
2019-06-28 10:03:20.000000000,99207,426,99037,426,99316,100,99000,100,99328,100,98970,100,99546,100,98917,100,99806,18,98879,100,100056,100,98785,35,100118,100,98571,100,100124,100,98367,100,,,98189,100,,,98044,100
2019-06-28 10:03:28.163181037,99207,326,99037,426,99316,100,98970,100,99328,100,98917,100,99546,100,98879,100,99806,18,98785,35,100056,100,98571,100,100118,100,98367,100,100124,100,98189,100,,,98044,100,,,,
2019-06-28 10:03:30.000000000,99316,263,99037,263,99328,263,98970,263,99546,100,98917,100,99806,18,98879,100,100056,100,98785,35,100118,100,98571,100,100124,100,98367,100,,,98189,100,,,98044,100,,,,
2019-06-28 10:03:40.000000000,99316,426,99037,426,99328,100,98970,100,99546,100,98917,100,99806,18,98879,100,100056,100,98785,35,100118,100,98571,100,100124,100,98367,100,,,98189,100,,,98044,100,,,,
2019-06-28 10:03:42.196663507,99316,326,99037,426,99328,100,98970,100,99546,100,98917,100,99806,18,98879,100,100056,100,98785,35,100118,100,98571,100,100124,100,98367,100,,,98189,100,,,98044,100,,,,
2019-06-28 10:03:50.000000000,99328,182,99037,182,99546,182,98970,182,99806,100,98917,182,100056,182,98879,182,100118,100,98785,35,100124,100,98571,100,,,98367,100,,,98189,100,,,98044,100,,,,
2019-06-28 10:04:00.000000000,99328,426,99037,426,99546,100,98970,100,99806,18,98917,100,100056,100,98879,100,100118,100,98785,35,100124,100,98571,100,,,98367,100,,,98189,100,,,98044,100,,,,
2019-06-28 10:04:02.791736840,99328,326,99037,426,99546,100,98970,100,99806,18,98917,100,100056,100,98879,100,100118,100,98785,35,100124,100,98571,100,,,98367,100,,,98189,100,,,98044,100,,,,
2019-06-28 10:04:10.000000000,99546,165,99037,165,99806,83,98970,165,100056,165,98917,165,100118,165,98879,165,100124,165,98785,100,,,98571,100,,,98367,100,,,98189,100,,,98044,100,,,,
2019-06-28 10:04:14.303134411,99546,65,99037,165,99806,83,98970,165,100056,65,98917,165,100118,165,98879,165,100124,165,98785,100,,,98571,100,,,98367,100,,,98189,100,,,98044,100,,,,
2019-06-28 10:04:20.000000000,99806,83,99037,165,100118,165,98970,165,100124,165,98917,165,100125,65,98879,165,,,98785,100,,,98571,100,,,98367,100,,,98189,100,,,98044,100,,,,
2019-06-28 10:04:21.924743372,99806,83,99726,100,100118,165,99037,165,100124,165,98970,165,100125,65,98917,165,,,98879,165,,,98785,100,,,98571,100,,,98367,100,,,98189,100,,,98044,100
2019-06-28 10:04:30.000000000,99806,83,99726,165,100118,165,99037,165,100124,165,98970,165,100125,65,98917,165,,,98879,165,,,98785,35,,,98571,100,,,98367,100,,,98189,100,,,98044,100
2019-06-28 10:04:40.000000000,99806,344,99726,426,100118,100,99037,100,100124,100,98970,100,,,98917,100,,,98879,100,,,98785,35,,,98571,100,,,98367,100,,,98189,100,,,98044,100
2019-06-28 10:04:48.581208227,99806,344,99726,326,100118,100,99037,100,100124,100,98970,100,,,98917,100,,,98879,100,,,98785,35,,,98571,100,,,98367,100,,,98189,100,,,98044,100
2019-06-28 10:04:50.000000000,99806,181,99037,263,100118,263,98970,263,100124,100,98917,100,,,98879,100,,,98785,35,,,98571,100,,,98367,100,,,98189,100,,,98044,100,,,,
2019-06-28 10:05:00.000000000,99806,344,99037,426,100118,100,98970,100,100124,100,98917,100,,,98879,100,,,98785,35,,,98571,100,,,98367,100,,,98189,100,,,98044,100,,,,
2019-06-28 10:05:00.415737848,99806,344,99546,100,100118,100,99037,426,100124,100,98970,100,,,98917,100,,,98879,100,,,98785,35,,,98571,100,,,98367,100,,,98189,100,,,98044,100
2019-06-28 10:05:02.124675499,99806,344,99037,426,100118,100,98970,100,100124,100,98917,100,,,98879,100,,,98785,35,,,98571,100,,,98367,100,,,98189,100,,,98044,100,,,,
2019-06-28 10:05:10.000000000,99806,83,99037,165,100118,165,98970,165,100124,165,98917,165,100125,65,98879,165,,,98785,100,,,98571,100,,,98367,100,,,98189,100,,,98044,100,,,,
2019-06-28 10:05:20.000000000,99806,100,99037,182,100118,182,98970,182,100124,182,98917,182,100125,82,98879,182,,,98785,35,,,98571,100,,,98367,100,,,98189,100,,,98044,100,,,,
2019-06-28 10:05:29.654094204,99558,100,99037,182,99806,100,98970,182,100118,182,98917,182,100124,82,98879,182,100125,82,98785,35,,,98571,100,,,98367,100,,,98189,100,,,98044,100,,,,
2019-06-28 10:05:30.000000000,99558,165,99037,165,99806,83,98970,165,100118,165,98917,165,100119,65,98879,165,,,98785,100,,,98571,100,,,98367,100,,,98189,100,,,98044,100,,,,
2019-06-28 10:05:33.154681509,99558,65,99037,165,99806,83,98970,165,100118,165,98917,165,100119,65,98879,165,,,98785,100,,,98571,100,,,98367,100,,,98189,100,,,98044,100,,,,
2019-06-28 10:05:40.000000000,99806,100,99037,182,100118,182,98970,182,100119,82,98917,182,,,98879,182,,,98785,35,,,98571,100,,,98367,100,,,98189,100,,,98044,100,,,,
2019-06-28 10:05:50.000000000,99806,83,99037,165,100118,165,98970,165,100119,65,98917,165,,,98879,165,,,98785,100,,,98571,100,,,98367,100,,,98189,100,,,98044,100,,,,
2019-06-28 10:06:00.000000000,99806,181,99037,263,100118,263,98970,263,,,98917,100,,,98879,100,,,98785,35,,,98571,100,,,98367,100,,,98189,100,,,98044,100,,,,
2019-06-28 10:06:10.000000000,99806,181,99037,263,100118,263,98970,263,,,98917,100,,,98879,100,,,98785,35,,,98571,100,,,98367,100,,,98189,100,,,98044,100,,,,
2019-06-28 10:06:20.000000000,99806,129,99037,211,100118,208,98970,208,100119,108,98917,208,,,98879,100,,,98785,35,,,98571,100,,,98367,100,,,98189,100,,,98044,100,,,,
2019-06-28 10:06:30.000000000,99806,83,99037,165,100118,165,98970,165,100119,65,98917,165,,,98879,165,,,98785,100,,,98571,100,,,98367,100,,,98189,100,,,98044,100,,,,
2019-06-28 10:06:40.000000000,99806,181,99037,263,100118,263,98970,263,,,98917,100,,,98879,100,,,98785,35,,,98571,100,,,98367,100,,,98189,100,,,98044,100,,,,
2019-06-28 10:06:44.885605273,99806,181,99037,263,99893,100,98970,263,100118,263,98917,100,,,98879,100,,,98785,35,,,98571,100,,,98367,100,,,98189,100,,,98044,100,,,,
2019-06-28 10:06:50.000000000,99806,100,99037,182,99893,182,98970,182,100118,182,98917,182,100119,82,98879,182,,,98785,35,,,98571,100,,,98367,100,,,98189,100,,,98044,100,,,,
2019-06-28 10:06:56.865099810,99806,100,99608,100,99893,182,99037,182,100118,182,98970,182,100119,82,98917,182,,,98879,182,,,98785,35,,,98571,100,,,98367,100,,,98189,100,,,98044,100
2019-06-28 10:07:00.000000000,99806,181,99608,263,99893,263,99037,263,100118,100,98970,100,,,98917,100,,,98879,100,,,98785,35,,,98571,100,,,98367,100,,,98189,100,,,98044,100
2019-06-28 10:07:03.160636331,99806,181,99608,363,99893,263,99037,263,100118,100,98970,100,,,98917,100,,,98879,100,,,98785,35,,,98571,100,,,98367,100,,,98189,100,,,98044,100
2019-06-28 10:07:03.623112455,99806,181,99608,363,99893,263,99037,263,100008,100,98970,100,100118,100,98917,100,,,98879,100,,,98785,35,,,98571,100,,,98367,100,,,98189,100,,,98044,100
2019-06-28 10:07:05.523876317,99806,181,99608,363,99893,263,99547,100,100008,100,99037,263,100118,100,98970,100,,,98917,100,,,98879,100,,,98785,35,,,98571,100,,,98367,100,,,98189,100
2019-06-28 10:07:10.000000000,99806,100,99608,282,99893,182,99547,182,100008,182,99037,182,100118,182,98970,182,,,98917,100,,,98879,100,,,98785,35,,,98571,100,,,98367,100,,,98189,100
2019-06-28 10:07:18.400937360,99806,100,99608,282,99893,182,99547,182,100008,182,99546,100,100118,182,99037,182,,,98970,182,,,98917,100,,,98879,100,,,98785,35,,,98571,100,,,98367,100
2019-06-28 10:07:20.000000000,99806,344,99608,526,99893,100,99547,100,100008,100,99546,100,100118,100,99037,100,,,98970,100,,,98917,100,,,98879,100,,,98785,35,,,98571,100,,,98367,100
2019-06-28 10:07:24.756059422,99806,344,99608,526,99893,100,99547,100,100008,100,99546,200,100118,100,99037,100,,,98970,100,,,98917,100,,,98879,100,,,98785,35,,,98571,100,,,98367,100
2019-06-28 10:07:30.000000000,99806,181,99608,363,99893,263,99547,263,100008,100,99546,200,100118,100,99037,100,,,98970,100,,,98917,100,,,98879,100,,,98785,35,,,98571,100,,,98367,100
2019-06-28 10:07:33.381729397,99806,181,99703,100,99893,263,99608,363,100008,100,99547,263,100118,100,99546,200,,,99037,100,,,98970,100,,,98917,100,,,98879,100,,,98785,35,,,98571,100
2019-06-28 10:07:40.000000000,99806,344,99703,426,99893,100,99608,200,100008,100,99547,100,100118,100,99546,200,,,99037,100,,,98970,100,,,98917,100,,,98879,100,,,98785,35,,,98571,100
2019-06-28 10:07:41.615366918,99806,344,99703,326,99893,100,99608,200,100008,100,99547,100,100118,100,99546,200,,,99037,100,,,98970,100,,,98917,100,,,98879,100,,,98785,35,,,98571,100
2019-06-28 10:07:50.000000000,99806,129,99608,311,99893,208,99547,208,100008,208,99546,308,100118,100,99037,100,,,98970,100,,,98917,100,,,98879,100,,,98785,35,,,98571,100,,,98367,100
2019-06-28 10:08:00.000000000,99806,129,99608,311,99893,208,99547,208,100008,208,99546,308,100118,100,99037,100,,,98970,100,,,98917,100,,,98879,100,,,98785,35,,,98571,100,,,98367,100
2019-06-28 10:08:10.000000000,99806,344,99608,526,99893,100,99547,100,100008,100,99546,200,100118,100,99037,100,,,98970,100,,,98917,100,,,98879,100,,,98785,35,,,98571,100,,,98367,100
2019-06-28 10:08:20.000000000,99806,83,99608,265,99893,165,99547,165,100008,165,99546,265,100118,165,99037,165,100119,65,98970,165,,,98917,100,,,98879,100,,,98785,35,,,98571,100,,,98367,100
2019-06-28 10:08:30.000000000,99806,100,99608,282,99893,182,99547,182,100008,182,99546,282,100118,182,99037,182,,,98970,100,,,98917,100,,,98879,100,,,98785,35,,,98571,100,,,98367,100
2019-06-28 10:08:40.000000000,99806,181,99608,363,99893,263,99547,263,100008,100,99546,200,100118,100,99037,100,,,98970,100,,,98917,100,,,98879,100,,,98785,35,,,98571,100,,,98367,100
2019-06-28 10:08:43.725404988,99806,181,99609,100,99893,263,99608,363,100008,100,99547,263,100118,100,99546,200,,,99037,100,,,98970,100,,,98917,100,,,98879,100,,,98785,35,,,98571,100
2019-06-28 10:08:50.000000000,99806,181,99609,263,99893,263,99608,363,100008,100,99547,100,100118,100,99546,200,,,99037,100,,,98970,100,,,98917,100,,,98879,100,,,98785,35,,,98571,100
2019-06-28 10:09:00.000000000,99806,129,99609,211,99893,208,99608,308,100008,208,99547,208,100118,100,99546,200,,,99037,100,,,98970,100,,,98917,100,,,98879,100,,,98785,35,,,98571,100
2019-06-28 10:09:10.000000000,99806,129,99609,211,99893,208,99608,308,100008,208,99547,208,100118,100,99546,200,,,99037,100,,,98970,100,,,98917,100,,,98879,100,,,98785,35,,,98571,100
2019-06-28 10:09:13.142932322,99703,100,99609,211,99806,129,99608,308,99893,208,99547,208,100008,208,99546,200,100118,100,99037,100,,,98970,100,,,98917,100,,,98879,100,,,98785,35,,,98571,100
2019-06-28 10:09:20.000000000,99703,426,99609,426,99806,18,99608,200,99893,100,99547,100,100008,100,99546,200,100118,100,99037,100,,,98970,100,,,98917,100,,,98879,100,,,98785,35,,,98571,100
2019-06-28 10:09:20.047201756,99703,426,99609,426,99806,18,99608,200,99893,100,99546,200,100008,100,99477,100,100118,100,99037,100,,,98970,100,,,98917,100,,,98879,100,,,98785,35,,,98571,100
2019-06-28 10:09:21.391557096,99703,426,99609,326,99806,18,99608,200,99893,100,99546,200,100118,100,99477,100,,,99037,100,,,98970,100,,,98917,100,,,98879,100,,,98785,35,,,98571,100
2019-06-28 10:09:22.573856376,99703,426,99609,326,99806,18,99608,200,99893,100,99546,200,100118,100,99477,100,,,99410,100,,,99037,100,,,98970,100,,,98917,100,,,98879,100,,,98785,35
2019-06-28 10:09:27.443317293,99695,100,99609,326,99703,426,99608,200,99806,18,99546,200,99893,100,99477,100,100118,100,99410,100,,,99037,100,,,98970,100,,,98917,100,,,98879,100,,,98785,35
2019-06-28 10:09:30.000000000,99695,182,99608,282,99703,182,99546,282,99806,100,99477,182,99893,182,99410,182,100118,100,99037,100,,,98970,100,,,98917,100,,,98879,100,,,98785,35,,,98571,100
2019-06-28 10:09:38.525477645,99611,100,99608,282,99695,182,99546,282,99703,182,99477,182,99806,100,99410,182,99893,182,99037,100,100118,100,98970,100,,,98917,100,,,98879,100,,,98785,35,,,98571,100
2019-06-28 10:09:40.000000000,99611,211,99608,311,99695,208,99546,308,99703,208,99477,208,99806,18,99410,100,99893,100,99037,100,100118,100,98970,100,,,98917,100,,,98879,100,,,98785,35,,,98571,100
2019-06-28 10:09:50.000000000,99611,211,99608,311,99695,208,99546,308,99703,208,99477,208,99806,18,99410,100,99893,100,99037,100,100118,100,98970,100,,,98917,100,,,98879,100,,,98785,35,,,98571,100
2019-06-28 10:10:00.000000000,99611,426,99608,526,99695,100,99546,200,99703,100,99477,100,99806,18,99410,100,99893,100,99037,100,100118,100,98970,100,,,98917,100,,,98879,100,,,98785,35,,,98571,100
2019-06-28 10:10:06.070504086,99611,426,99608,526,99695,100,99546,200,99703,100,99477,100,99806,18,99410,100,99852,100,99037,100,99893,100,98970,100,100118,100,98917,100,,,98879,100,,,98785,35,,,98571,100
2019-06-28 10:10:10.000000000,99611,211,99608,311,99695,208,99546,308,99703,208,99477,208,99806,18,99410,100,99852,100,99037,100,99893,100,98970,100,100118,100,98917,100,,,98879,100,,,98785,35,,,98571,100
2019-06-28 10:10:20.000000000,99611,426,99608,526,99695,100,99546,200,99703,100,99477,100,99806,18,99410,100,99852,100,99037,100,99893,100,98970,100,100118,100,98917,100,,,98879,100,,,98785,35,,,98571,100
2019-06-28 10:10:27.150684549,99611,426,99608,526,99695,100,99546,200,99703,100,99477,100,99806,18,99410,100,99852,100,99366,100,99893,100,99037,100,100118,100,98970,100,,,98917,100,,,98879,100,,,98785,35
2019-06-28 10:10:30.000000000,99611,263,99608,363,99695,263,99546,363,99703,100,99477,100,99806,18,99410,100,99852,100,99366,100,99893,100,99037,100,100118,100,98970,100,,,98917,100,,,98879,100,,,98785,35
2019-06-28 10:10:36.589301203,99611,263,99608,363,99695,263,99546,363,99703,100,99514,100,99806,18,99477,100,99852,100,99410,100,99893,100,99366,100,100118,100,99037,100,,,98970,100,,,98917,100,,,98879,100
2019-06-28 10:10:40.000000000,99611,182,99608,282,99695,182,99546,282,99703,182,99514,182,99806,100,99477,182,99852,100,99410,100,99893,100,99366,100,100118,100,99037,100,,,98970,100,,,98917,100,,,98879,100
2019-06-28 10:10:41.529963532,99611,182,99608,182,99695,182,99546,282,99703,182,99514,182,99806,100,99477,182,99852,100,99410,100,99893,100,99366,100,100118,100,99037,100,,,98970,100,,,98917,100,,,98879,100
2019-06-28 10:10:42.857923132,99611,182,99608,182,99615,100,99546,282,99695,182,99514,182,99703,182,99477,182,99806,100,99410,100,99852,100,99366,100,99893,100,99037,100,100118,100,98970,100,,,98917,100,,,98879,100
2019-06-28 10:10:43.320195760,99611,182,99608,182,99615,100,99546,282,99695,182,99514,182,99703,182,99477,182,99806,100,99410,100,99852,100,99366,100,99893,100,99219,100,100118,100,99037,100,,,98970,100,,,98917,100
2019-06-28 10:10:49.336214987,99611,182,99608,82,99695,182,99546,282,99703,182,99514,182,99806,100,99477,182,99852,100,99410,100,99893,100,99366,100,100118,100,99219,100,,,99037,100,,,98970,100,,,98917,100
2019-06-28 10:10:50.000000000,99611,165,99546,265,99695,165,99514,165,99703,165,99477,165,99806,83,99410,165,99852,165,99366,165,99893,100,99219,100,100118,100,99037,100,,,98970,100,,,98917,100,,,98879,100
2019-06-28 10:11:00.000000000,99611,426,99546,526,99695,100,99514,100,99703,100,99477,100,99806,18,99410,100,99852,100,99366,100,99893,100,99219,100,100118,100,99037,100,,,98970,100,,,98917,100,,,98879,100
2019-06-28 10:11:10.000000000,99611,263,99546,363,99695,263,99514,263,99703,100,99477,100,99806,18,99410,100,99852,100,99366,100,99893,100,99219,100,100118,100,99037,100,,,98970,100,,,98917,100,,,98879,100
2019-06-28 10:11:20.000000000,99611,211,99546,311,99695,208,99514,208,99703,208,99477,208,99806,18,99410,100,99852,100,99366,100,99893,100,99219,100,100118,100,99037,100,,,98970,100,,,98917,100,,,98879,100
2019-06-28 10:11:30.000000000,99611,165,99546,265,99695,165,99514,165,99703,165,99477,165,99806,83,99410,165,99852,165,99366,165,99893,100,99219,100,100118,100,99037,100,,,98970,100,,,98917,100,,,98879,100
