,ask_price_1,ask_size_1,bid_price_1,bid_size_1,ask_price_2,ask_size_2,bid_price_2,bid_size_2,ask_price_3,ask_size_3,bid_price_3,bid_size_3,ask_price_4,ask_size_4,bid_price_4,bid_size_4,ask_price_5,ask_size_5,bid_price_5,bid_size_5,ask_price_6,ask_size_6,bid_price_6,bid_size_6,ask_price_7,ask_size_7,bid_price_7,bid_size_7,ask_price_8,ask_size_8,bid_price_8,bid_size_8,ask_price_9,ask_size_9,bid_price_9,bid_size_9,ask_price_10,ask_size_10,bid_price_10,bid_size_10
2019-06-28 09:30:00.000000003,100019,100,,,,,,,,,,,,,,,,,,,,,,,,,,,,,,,,,,,,,,
2019-06-28 09:30:00.000000007,100019,100,99949,100,100034,100,,,,,,,,,,,,,,,,,,,,,,,,,,,,,,,,,,
2019-06-28 09:30:00.000000008,100019,100,99949,100,100034,100,,,100063,100,,,,,,,,,,,,,,,,,,,,,,,,,,,,,,
2019-06-28 09:30:00.000000009,100019,100,99949,100,100034,100,99867,100,100063,100,,,100133,100,,,,,,,,,,,,,,,,,,,,,,,,,,
2019-06-28 09:30:00.000000010,100019,100,99949,100,100034,100,99891,100,100063,100,99867,100,100133,100,,,,,,,,,,,,,,,,,,,,,,,,,,
2019-06-28 09:30:00.000000011,100019,100,99949,100,100034,100,99891,100,100063,100,99867,100,100072,100,,,100133,100,,,,,,,,,,,,,,,,,,,,,,
2019-06-28 09:30:00.000000012,100019,100,100003,100,100034,100,99949,100,100061,100,99891,100,100063,100,99867,100,100072,100,,,100133,100,,,,,,,,,,,,,,,,,,
2019-06-28 09:30:00.000000013,100019,100,100003,100,100034,100,99949,100,100061,100,99891,100,100063,100,99867,100,100072,100,,,100133,100,,,100208,100,,,,,,,,,,,,,,
2019-06-28 09:30:00.000000014,100019,100,100003,100,100034,100,99960,100,100061,100,99949,100,100063,100,99891,100,100072,100,99867,100,100133,100,,,100208,100,,,,,,,,,,,,,,
2019-06-28 09:30:00.000000015,100019,100,100003,100,100034,100,99960,100,100061,100,99949,100,100063,100,99920,100,100072,100,99891,100,100133,100,99867,100,100208,100,,,,,,,,,,,,,,
2019-06-28 09:30:00.000000016,100019,100,100003,100,100034,100,99989,100,100061,100,99960,100,100063,100,99949,100,100072,100,99920,100,100133,100,99891,100,100208,100,99867,100,,,,,,,,,,,,
2019-06-28 09:30:00.000000018,100019,100,100003,100,100034,100,99989,100,100061,100,99960,100,100063,100,99949,100,100068,100,99920,100,100072,100,99891,100,100133,100,99867,100,100208,100,,,,,,,,,,
2019-06-28 09:30:00.000000020,100019,100,100003,100,100034,100,99989,100,100061,100,99960,100,100063,100,99949,100,100068,100,99920,100,100072,100,99895,100,100133,100,99891,100,100208,100,99867,100,,,,,,,,
2019-06-28 09:30:00.000000021,100019,100,100003,100,100034,100,99989,100,100061,100,99960,100,100063,100,99949,100,100068,100,99944,100,100072,100,99920,100,100133,100,99895,100,100208,100,99891,100,,,99867,100,,,99865,100
2019-06-28 09:30:00.000000022,100019,100,100003,100,100034,100,99989,100,100061,100,99960,100,100063,100,99949,100,100068,100,99944,100,100072,100,99920,100,100133,100,99895,100,100208,100,99891,100,,,99872,100,,,99867,100
2019-06-28 09:30:00.000000024,100019,100,100003,100,100034,100,99989,100,100061,100,99960,100,100063,100,99949,100,100068,100,99944,100,100072,100,99920,100,100088,100,99895,100,100133,100,99891,100,100208,100,99872,100,,,99867,100
2019-06-28 09:30:00.000000027,100019,100,100003,100,100034,100,99989,100,100061,100,99976,100,100063,100,99960,100,100068,100,99949,100,100072,100,99944,100,100088,100,99920,100,100133,100,99895,100,100208,100,99891,100,,,99872,100
2019-06-28 09:30:00.000000030,100010,100,100003,100,100019,100,99989,100,100034,100,99976,100,100061,100,99960,100,100063,100,99949,100,100068,100,99944,100,100072,100,99920,100,100088,100,99895,100,100133,100,99891,100,100208,100,99872,100
2019-06-28 09:30:00.000000032,100010,100,100003,100,100019,100,99989,100,100034,100,99976,100,100061,100,99960,100,100063,100,99949,100,100068,100,99944,100,100072,100,99920,100,100088,100,99895,100,100110,100,99891,100,100133,100,99872,100
2019-06-28 09:30:00.000000034,100010,100,100003,100,100019,100,99989,100,100034,100,99976,100,100061,100,99960,100,100063,100,99954,100,100068,100,99949,100,100072,100,99944,100,100088,100,99920,100,100110,100,99895,100,100133,100,99891,100
2019-06-28 09:30:00.000000035,100010,100,100003,100,100019,100,99989,100,100034,100,99976,100,100061,100,99960,100,100063,100,99954,100,100068,100,99949,100,100072,100,99944,100,100088,100,99920,100,100106,100,99895,100,100110,100,99891,100
2019-06-28 09:30:00.000000036,100010,100,100003,100,100019,100,99989,100,100034,100,99976,100,100061,100,99960,100,100063,100,99954,100,100068,100,99949,100,100072,100,99944,100,100088,100,99920,100,100092,100,99896,100,100106,100,99895,100
2019-06-28 09:30:00.000000040,100010,100,99989,100,100019,100,99976,100,100034,100,99960,100,100061,100,99954,100,100063,100,99949,100,100068,100,99944,100,100072,100,99932,100,100088,100,99920,100,100092,100,99896,100,100106,100,99895,100
2019-06-28 09:30:00.000000041,100010,100,99989,100,100019,100,99976,100,100034,100,99960,100,100061,100,99954,100,100063,100,99949,100,100068,100,99944,100,100072,100,99932,100,100088,100,99920,100,100092,100,99896,100,100106,100,99895,100
2019-06-28 09:30:00.000000042,100009,100,99989,100,100010,100,99976,100,100019,100,99960,100,100034,100,99954,100,100061,100,99949,100,100063,100,99944,100,100068,100,99932,100,100072,100,99920,100,100088,100,99896,100,100092,100,99895,100
2019-06-28 09:30:00.000000043,100009,100,99989,100,100010,100,99976,100,100019,100,99960,100,100034,100,99954,100,100061,100,99949,100,100063,100,99944,100,100068,100,99932,100,100072,100,99920,100,100088,100,99896,100,100092,100,99895,100
2019-06-28 09:30:00.000000046,100009,100,99989,100,100010,100,99976,100,100019,100,99960,100,100034,100,99954,100,100061,100,99949,100,100063,100,99944,100,100068,100,99932,100,100072,100,99920,100,100076,100,99900,100,100088,100,99896,100
2019-06-28 09:30:00.000000048,100009,100,99989,100,100010,100,99976,100,100019,100,99960,100,100034,100,99954,100,100061,100,99949,100,100063,100,99944,100,100068,100,99932,100,100072,100,99920,100,100076,100,99900,100,100088,100,99896,100
2019-06-28 09:30:00.000000049,100009,100,99989,100,100010,100,99976,100,100019,100,99960,100,100034,100,99954,100,100061,100,99949,100,100063,100,99944,100,100068,100,99932,100,100072,100,99920,100,100076,100,99900,100,100088,100,99896,100
2019-06-28 09:30:00.000000050,100009,100,99989,100,100010,100,99976,100,100019,100,99963,100,100034,100,99960,100,100061,100,99954,100,100063,100,99949,100,100068,100,99944,100,100072,100,99932,100,100076,100,99920,100,100088,100,99900,200
2019-06-28 09:30:00.000000052,100009,100,99989,100,100010,100,99976,100,100019,100,99963,100,100034,100,99960,100,100061,100,99954,100,100063,100,99949,100,100068,100,99944,100,100072,100,99932,100,100076,100,99920,100,100088,100,99900,200
2019-06-28 09:30:00.000000053,100009,100,99989,100,100010,100,99976,100,100019,100,99963,100,100034,100,99960,100,100061,100,99954,100,100063,100,99949,100,100068,100,99944,100,100072,100,99932,100,100076,100,99920,100,100088,100,99900,200
2019-06-28 09:30:00.000000054,100009,100,99989,100,100010,100,99976,100,100019,100,99963,100,100034,100,99960,100,100056,100,99954,100,100061,100,99949,100,100063,100,99944,100,100068,100,99932,100,100072,100,99920,100,100076,100,99900,200
2019-06-28 09:30:00.000000056,100009,100,99989,100,100010,100,99976,100,100019,100,99963,100,100034,100,99960,100,100056,100,99954,100,100061,100,99949,100,100063,100,99944,100,100068,100,99932,100,100072,100,99920,100,100076,100,99909,100
2019-06-28 09:30:00.000000057,100009,100,99989,100,100010,100,99976,100,100019,100,99972,100,100034,100,99963,100,100056,100,99960,100,100061,100,99954,100,100063,100,99949,100,100068,100,99944,100,100072,100,99932,100,100076,100,99920,100
2019-06-28 09:30:00.000000058,100009,100,99989,100,100010,100,99976,100,100019,100,99972,100,100034,100,99963,100,100056,100,99960,100,100061,100,99954,100,100063,100,99949,100,100068,100,99944,100,100072,100,99932,100,100076,100,99920,100
2019-06-28 09:30:00.000000059,100009,100,99989,100,100010,100,99976,100,100019,100,99972,100,100034,100,99963,100,100056,100,99960,100,100061,100,99954,100,100063,100,99949,100,100068,100,99944,100,100072,100,99932,100,100076,100,99920,100
2019-06-28 09:30:00.000000060,100009,100,99989,100,100010,100,99976,100,100019,100,99972,100,100034,100,99963,100,100056,100,99960,100,100061,100,99954,100,100063,100,99949,100,100068,100,99944,100,100072,100,99932,100,100076,100,99920,100
2019-06-28 09:30:00.000000061,100009,100,99989,100,100010,100,99976,100,100019,100,99972,100,100034,100,99963,100,100056,100,99960,100,100061,100,99954,100,100063,100,99949,100,100068,100,99944,100,100072,100,99932,100,100076,100,99920,100
2019-06-28 09:30:00.000000062,100009,100,99989,100,100010,100,99976,100,100019,100,99972,100,100034,100,99963,100,100056,100,99960,100,100061,100,99954,100,100063,100,99949,100,100065,100,99944,100,100068,100,99932,100,100072,100,99920,100
2019-06-28 09:30:00.000000063,100009,100,99976,100,100010,100,99972,100,100019,100,99963,100,100034,100,99960,100,100056,100,99954,100,100061,100,99949,100,100063,100,99944,100,100065,100,99932,100,100068,100,99920,100,100072,100,99909,100
2019-06-28 09:30:00.000000068,100009,100,99976,100,100010,100,99972,100,100019,100,99963,100,100034,100,99960,100,100056,100,99954,100,100061,100,99949,100,100063,100,99944,100,100065,100,99932,100,100068,100,99920,100,100072,100,99909,100
2019-06-28 09:30:00.000000072,100009,100,99972,100,100010,100,99963,100,100019,100,99960,100,100034,100,99954,100,100056,100,99949,100,100061,100,99944,100,100063,100,99932,100,100065,100,99920,100,100068,100,99909,100,100072,100,99900,200
2019-06-28 09:30:00.000000073,100009,100,99972,100,100010,100,99963,100,100019,100,99960,100,100034,100,99954,100,100053,100,99949,100,100056,100,99944,100,100061,100,99932,100,100063,100,99920,100,100065,100,99909,100,100068,100,99900,200
2019-06-28 09:30:00.000000076,100009,100,99972,100,100010,100,99963,100,100019,100,99960,100,100034,100,99954,100,100048,100,99949,100,100053,100,99944,100,100056,100,99932,100,100061,100,99920,100,100063,100,99909,100,100065,100,99900,200
2019-06-28 09:30:00.000000077,100009,100,99972,100,100010,100,99963,100,100019,100,99960,100,100034,100,99954,100,100048,100,99949,100,100053,100,99944,100,100056,100,99932,100,100061,100,99920,100,100063,100,99909,100,100065,100,99900,200
2019-06-28 09:30:00.000000078,100009,100,99976,100,100010,100,99972,100,100019,100,99963,100,100034,100,99960,100,100048,100,99954,100,100053,100,99949,100,100056,100,99944,100,100061,100,99932,100,100063,100,99920,100,100065,100,99909,100
2019-06-28 09:30:00.000000082,100009,100,99996,100,100010,100,99976,100,100019,100,99972,100,100034,100,99963,100,100037,100,99960,100,100048,100,99954,100,100053,100,99949,100,100056,100,99944,100,100061,100,99932,100,100063,100,99920,100
2019-06-28 09:30:00.000000084,100009,100,99996,100,100010,100,99976,200,100019,100,99972,100,100034,100,99963,100,100037,100,99960,100,100048,100,99954,100,100053,100,99949,100,100056,100,99944,100,100061,100,99932,100,100063,100,99920,100
2019-06-28 09:30:00.000000087,100009,100,99996,100,100010,100,99976,200,100019,100,99972,100,100028,100,99963,100,100034,100,99960,100,100037,100,99954,100,100048,100,99949,100,100053,100,99944,100,100056,100,99932,100,100061,100,99920,100
2019-06-28 09:30:00.000000089,100009,100,99996,100,100010,100,99976,200,100019,100,99972,100,100028,100,99963,100,100034,100,99960,100,100037,100,99954,100,100048,100,99949,100,100053,100,99944,100,100056,200,99932,100,100061,100,99920,100
2019-06-28 09:30:00.000000091,100009,100,99996,100,100010,100,99976,200,100019,100,99972,100,100028,100,99963,100,100034,100,99960,100,100037,100,99954,100,100048,100,99949,100,100053,100,99944,100,100056,200,99932,100,100061,100,99920,100
2019-06-28 09:30:00.000000093,100009,100,99996,100,100010,100,99976,300,100019,100,99972,100,100028,100,99963,100,100034,100,99960,100,100037,100,99954,100,100048,100,99949,100,100053,100,99944,100,100056,200,99932,100,100061,100,99920,100
2019-06-28 09:30:00.000000094,100009,100,99996,100,100010,100,99976,400,100019,100,99972,100,100028,100,99963,100,100034,100,99960,100,100037,100,99954,100,100048,100,99949,100,100053,100,99944,100,100056,200,99932,100,100061,100,99920,100
2019-06-28 09:30:00.000000095,100009,100,99996,100,100010,100,99976,400,100019,100,99972,100,100028,100,99963,100,100030,100,99960,100,100034,100,99954,100,100037,100,99949,100,100048,100,99944,100,100053,100,99932,100,100056,200,99920,100
2019-06-28 09:30:00.000000097,100009,100,99996,100,100010,100,99976,400,100019,100,99972,100,100028,100,99963,100,100030,100,99960,100,100034,100,99954,100,100037,100,99949,100,100048,100,99944,100,100053,100,99932,100,100056,200,99920,100
2019-06-28 09:30:10.000000000,100009,584,99996,584,100010,100,99976,400,100019,100,99972,100,100028,100,99963,100,100030,100,99960,100,100034,100,99954,100,100037,100,99949,100,100048,100,99944,100,100053,100,99932,100,100056,200,99920,100
2019-06-28 09:30:16.239258038,100009,584,99996,584,100010,100,99976,400,100019,100,99972,100,100028,100,99963,100,100030,100,99960,100,100034,100,99954,100,100037,100,99949,100,100048,100,99944,100,100053,100,99932,100,100056,200,99918,100
2019-06-28 09:30:20.000000000,100009,342,99996,342,100010,342,99976,642,100019,100,99972,100,100028,100,99963,100,100030,100,99960,100,100034,100,99954,100,100037,100,99949,100,100048,100,99944,100,100053,100,99932,100,100056,200,99918,100
2019-06-28 09:30:22.480015012,100009,242,99996,342,100010,342,99976,642,100019,100,99972,100,100028,100,99963,100,100030,100,99960,100,100034,100,99954,100,100037,100,99949,100,100048,100,99944,100,100053,100,99932,100,100056,200,99918,100
2019-06-28 09:30:30.000000000,100010,221,99996,221,100019,221,99976,521,100028,221,99972,221,100030,221,99963,221,100034,100,99960,100,100037,100,99954,100,100048,100,99949,100,100053,100,99944,100,100056,200,99932,100,100061,100,99918,100
2019-06-28 09:30:31.944828650,100010,121,99996,221,100019,221,99976,521,100028,221,99972,221,100030,221,99963,221,100034,100,99960,100,100037,100,99954,100,100048,100,99944,100,100053,100,99932,100,100056,200,99918,100,100061,100,99911,100
2019-06-28 09:30:37.778661532,100010,121,99996,221,100019,221,99976,421,100028,221,99972,221,100030,221,99963,221,100034,100,99960,100,100037,100,99954,100,100048,100,99944,100,100053,100,99932,100,100056,200,99918,100,100061,100,99911,100
2019-06-28 09:30:40.000000000,100019,584,99996,584,100028,100,99976,300,100030,100,99972,100,100034,100,99963,100,100037,100,99960,100,100048,100,99954,100,100053,100,99944,100,100056,200,99932,100,100061,100,99918,100,100063,100,99911,100
2019-06-28 09:30:41.860933007,100019,584,99996,584,100028,100,99976,300,100030,100,99972,100,100034,100,99963,100,100037,100,99960,100,100048,100,99954,100,100053,100,99944,100,100056,200,99932,100,100061,100,99918,100,100063,100,99911,100
2019-06-28 09:30:49.702138358,100019,584,99996,584,100028,100,99976,300,100030,100,99972,100,100034,100,99963,100,100037,100,99960,100,100048,100,99954,100,100053,100,99944,100,100056,200,99932,100,100061,100,99918,100,100063,100,99911,100
2019-06-28 09:30:50.000000000,100019,584,99996,584,100028,100,99976,300,100030,100,99972,100,100034,100,99963,100,100037,100,99960,100,100048,100,99954,100,100053,100,99944,100,100056,200,99932,100,100061,100,99918,100,100063,100,99911,100
2019-06-28 09:30:50.701143563,100019,484,99996,584,100028,100,99976,300,100030,100,99972,100,100034,100,99963,100,100037,100,99960,100,100048,100,99954,100,100053,100,99944,100,100056,200,99932,100,100061,100,99918,100,100063,100,99911,100
2019-06-28 09:30:52.240959121,100019,484,99996,584,100028,100,99976,300,100030,100,99972,100,100034,100,99963,100,100037,100,99960,100,100048,100,99954,100,100050,100,99944,100,100053,100,99932,100,100056,200,99918,100,100061,100,99911,100
2019-06-28 09:31:00.000000000,100028,197,99996,197,100030,197,99976,397,100034,197,99972,197,100037,197,99963,197,100048,197,99960,197,100050,100,99954,100,100053,100,99944,100,100056,200,99932,100,100061,100,99918,100,100063,100,99911,100
2019-06-28 09:31:02.293017600,100018,100,99996,197,100028,197,99976,397,100030,197,99972,197,100034,197,99963,197,100037,197,99960,197,100048,197,99954,100,100050,100,99944,100,100053,100,99932,100,100056,200,99918,100,100061,100,99911,100
2019-06-28 09:31:10.000000000,100018,265,99996,265,100028,260,99976,460,100030,260,99972,260,100034,100,99963,100,100037,100,99960,100,100048,100,99954,100,100050,100,99944,100,100053,100,99932,100,100056,200,99918,100,100061,100,99911,100
2019-06-28 09:31:20.000000000,100018,265,99996,265,100028,260,99976,460,100030,260,99972,260,100034,100,99963,100,100037,100,99960,100,100048,100,99954,100,100050,100,99944,100,100053,100,99932,100,100056,200,99918,100,100061,100,99911,100
2019-06-28 09:31:23.652727180,100018,265,99996,265,100028,260,99976,460,100030,260,99972,260,100034,100,99963,100,100037,100,99960,100,100048,100,99954,100,100050,100,99944,100,100053,100,99933,100,100056,200,99932,100,100061,100,99918,100
2019-06-28 09:31:27.443969163,100018,265,99996,265,100028,260,99976,460,100030,260,99972,260,100034,100,99963,100,100037,100,99960,100,100048,100,99954,100,100050,100,99944,100,100056,200,99933,100,100061,100,99932,100,100063,100,99918,100
2019-06-28 09:31:30.000000000,100018,265,99996,265,100028,260,99976,460,100030,260,99972,260,100034,100,99963,100,100037,100,99960,100,100048,100,99954,100,100050,100,99944,100,100056,200,99933,100,100061,100,99932,100,100063,100,99918,100
2019-06-28 09:31:40.000000000,100018,221,99996,221,100028,221,99976,421,100030,221,99972,221,100034,221,99963,221,100037,100,99960,100,100048,100,99954,100,100050,100,99944,100,100056,200,99933,100,100061,100,99932,100,100063,100,99918,100
2019-06-28 09:31:50.000000000,100018,342,99996,342,100028,342,99976,542,100030,100,99972,100,100034,100,99963,100,100037,100,99960,100,100048,100,99954,100,100050,100,99944,100,100056,200,99933,100,100061,100,99932,100,100063,100,99918,100
2019-06-28 09:32:00.000000000,100018,197,99996,197,100028,197,99976,397,100030,197,99972,197,100034,197,99963,197,100037,197,99960,197,100048,100,99954,100,100050,100,99944,100,100056,200,99933,100,100061,100,99932,100,100063,100,99918,100
2019-06-28 09:32:10.000000000,100018,584,99996,584,100028,100,99976,300,100030,100,99972,100,100034,100,99963,100,100037,100,99960,100,100048,100,99954,100,100050,100,99944,100,100056,200,99933,100,100061,100,99932,100,100063,100,99918,100
2019-06-28 09:32:20.000000000,100018,265,99996,265,100028,260,99976,460,100030,260,99972,260,100034,100,99963,100,100037,100,99960,100,100048,100,99954,100,100050,100,99944,100,100056,200,99933,100,100061,100,99932,100,100063,100,99918,100
2019-06-28 09:32:21.744782200,100018,265,99996,265,100028,260,99976,460,100030,260,99972,260,100034,100,99963,100,100037,100,99954,100,100048,100,99944,100,100050,100,99933,100,100056,200,99932,100,100061,100,99918,100,100063,100,99911,100
2019-06-28 09:32:30.000000000,100018,265,99996,265,100028,260,99976,460,100030,260,99972,260,100034,100,99963,100,100037,100,99954,100,100048,100,99944,100,100050,100,99933,100,100056,200,99932,100,100061,100,99918,100,100063,100,99911,100
2019-06-28 09:32:36.833727216,100018,265,99996,265,100028,260,99976,460,100030,260,99972,260,100034,100,99963,100,100037,100,99954,100,100048,100,99944,100,100050,100,99933,100,100056,200,99932,100,100061,100,99918,100,100063,100,99911,100
2019-06-28 09:32:40.000000000,100018,197,99996,197,100028,197,99976,397,100030,197,99972,197,100034,197,99963,197,100037,197,99954,197,100048,100,99944,100,100050,100,99933,100,100056,200,99932,100,100061,100,99918,100,100063,100,99911,100
2019-06-28 09:32:50.000000000,100018,197,99996,197,100028,197,99976,397,100030,197,99972,197,100034,197,99963,197,100037,197,99954,197,100048,100,99944,100,100050,100,99933,100,100056,200,99932,100,100061,100,99918,100,100063,100,99911,100
2019-06-28 09:32:59.590597179,100018,197,99996,197,100028,197,99976,397,100030,197,99972,197,100034,197,99963,197,100037,197,99954,197,100048,100,99944,100,100050,100,99933,100,100056,200,99932,100,100061,100,99918,100,100063,100,99911,100
2019-06-28 09:33:00.000000000,100018,197,99996,197,100028,197,99976,397,100030,197,99972,197,100034,197,99963,197,100037,197,99954,197,100048,100,99944,100,100050,100,99933,100,100056,200,99932,100,100061,100,99918,100,100063,100,99911,100
2019-06-28 09:33:04.040815167,100018,197,99996,197,100028,197,99976,397,100030,197,99972,197,100034,197,99963,197,100037,197,99954,197,100048,100,99944,100,100050,100,99933,100,100056,200,99932,100,100061,100,99918,100,100063,100,99911,100
2019-06-28 09:33:10.000000000,100018,265,99996,265,100028,260,99976,460,100030,260,99972,260,100034,100,99963,100,100037,100,99954,100,100048,100,99944,100,100050,100,99933,100,100056,200,99932,100,100061,100,99918,100,100063,100,99911,100
2019-06-28 09:33:14.290796675,100018,265,99996,265,100028,260,99976,460,100030,260,99972,260,100034,100,99963,100,100037,100,99954,100,100048,100,99944,100,100050,100,99933,100,100056,200,99932,100,100061,100,99918,100,100063,100,99911,100
2019-06-28 09:33:20.000000000,100018,584,99996,584,100028,100,99976,300,100030,100,99972,100,100034,100,99963,100,100037,100,99954,100,100048,100,99944,100,100050,100,99933,100,100056,200,99932,100,100061,100,99918,100,100063,100,99911,100
2019-06-28 09:33:23.550442628,100018,584,99996,584,100028,100,99976,300,100030,100,99972,100,100034,100,99963,100,100037,100,99954,100,100048,100,99944,100,100050,100,99933,100,100056,200,99932,100,100061,100,99918,100,100063,100,99911,100
2019-06-28 09:33:24.272633628,100018,584,99996,584,100028,100,99976,300,100030,100,99972,100,100034,100,99963,100,100037,100,99954,100,100048,100,99944,100,100050,100,99933,100,100056,200,99932,100,100061,100,99918,100,100063,100,99911,100
2019-06-28 09:33:30.000000000,100018,221,99996,221,100028,221,99976,421,100030,221,99972,221,100034,221,99963,221,100037,100,99954,100,100048,100,99944,100,100050,100,99933,100,100056,200,99932,100,100061,100,99918,100,100063,100,99911,100
2019-06-28 09:33:40.000000000,100018,265,99996,265,100028,260,99976,460,100030,260,99972,260,100034,100,99963,100,100037,100,99954,100,100048,100,99944,100,100050,100,99933,100,100056,200,99932,100,100061,100,99918,100,100063,100,99911,100
2019-06-28 09:33:50.000000000,100018,584,99996,584,100028,100,99976,300,100030,100,99972,100,100034,100,99963,100,100037,100,99954,100,100048,100,99944,100,100050,100,99933,100,100056,200,99932,100,100061,100,99918,100,100063,100,99911,100
2019-06-28 09:34:00.000000000,100018,265,99996,265,100028,260,99976,460,100030,260,99972,260,100034,100,99963,100,100037,100,99954,100,100048,100,99944,100,100050,100,99933,100,100056,200,99932,100,100061,100,99918,100,100063,100,99911,100
2019-06-28 09:34:10.000000000,100018,197,99996,197,100028,197,99976,397,100030,197,99972,197,100034,197,99963,197,100037,197,99954,197,100048,100,99944,100,100050,100,99933,100,100056,200,99932,100,100061,100,99918,100,100063,100,99911,100
2019-06-28 09:34:19.868235462,100018,197,99996,197,100028,197,99976,397,100030,197,99972,197,100034,197,99963,197,100037,197,99954,197,100048,100,99944,100,100050,100,99933,100,100056,200,99932,100,100061,100,99918,100,100063,100,99911,100
2019-06-28 09:34:20.000000000,100018,197,99996,197,100028,197,99976,397,100030,197,99972,197,100034,197,99963,197,100037,197,99954,197,100048,100,99944,100,100050,100,99933,100,100056,200,99932,100,100061,100,99918,100,100063,100,99911,100
2019-06-28 09:34:30.000000000,100018,221,99996,221,100028,221,99976,421,100030,221,99972,221,100034,221,99963,221,100037,100,99954,100,100048,100,99944,100,100050,100,99933,100,100056,200,99932,100,100061,100,99918,100,100063,100,99911,100
2019-06-28 09:34:40.000000000,100018,342,99996,342,100028,342,99976,542,100030,100,99972,100,100034,100,99963,100,100037,100,99954,100,100048,100,99944,100,100050,100,99933,100,100056,200,99932,100,100061,100,99918,100,100063,100,99911,100
2019-06-28 09:34:43.860110034,100018,342,100010,100,100028,342,99996,342,100030,100,99976,542,100034,100,99972,100,100037,100,99963,100,100048,100,99954,100,100050,100,99944,100,100056,200,99933,100,100061,100,99932,100,100063,100,99918,100
2019-06-28 09:34:50.000000000,100018,197,100010,197,100028,197,99996,197,100030,197,99976,397,100034,197,99972,197,100037,197,99963,197,100048,100,99954,100,100050,100,99944,100,100056,200,99933,100,100061,100,99932,100,100063,100,99918,100
2019-06-28 09:35:00.000000000,100018,265,100010,265,100028,260,99996,260,100030,260,99976,460,100034,100,99972,100,100037,100,99963,100,100048,100,99954,100,100050,100,99944,100,100056,200,99933,100,100061,100,99932,100,100063,100,99918,100
2019-06-28 09:35:00.795885355,100018,265,100010,265,100028,260,99996,260,100030,260,99976,460,100034,100,99972,100,100037,100,99963,100,100050,100,99954,100,100056,200,99944,100,100061,100,99933,100,100063,100,99932,100,100068,100,99918,100
2019-06-28 09:35:04.749979467,100018,265,100010,265,100028,260,99996,260,100030,260,99976,460,100034,100,99972,100,100037,100,99963,100,100050,100,99954,100,100056,200,99944,100,100061,100,99933,100,100063,100,99932,100,100068,100,99918,100
2019-06-28 09:35:10.000000000,100018,342,100010,342,100028,342,99996,342,100030,100,99976,300,100034,100,99972,100,100037,100,99963,100,100050,100,99954,100,100056,200,99944,100,100061,100,99933,100,100063,100,99932,100,100068,100,99918,100
2019-06-28 09:35:20.000000000,100018,265,100010,265,100028,260,99996,260,100030,260,99976,460,100034,100,99972,100,100037,100,99963,100,100050,100,99954,100,100056,200,99944,100,100061,100,99933,100,100063,100,99932,100,100068,100,99918,100
2019-06-28 09:35:30.000000000,100018,342,100010,342,100028,342,99996,342,100030,100,99976,300,100034,100,99972,100,100037,100,99963,100,100050,100,99954,100,100056,200,99944,100,100061,100,99933,100,100063,100,99932,100,100068,100,99918,100
2019-06-28 09:35:37.085211251,100018,342,100010,342,100028,342,99996,342,100030,100,99976,300,100034,100,99972,100,100037,100,99963,100,100050,100,99954,100,100056,200,99944,100,100061,100,99933,100,100063,100,99932,100,100068,100,99918,100
2019-06-28 09:35:40.000000000,100018,221,100010,221,100028,221,99996,221,100030,221,99976,421,100034,221,99972,221,100037,100,99963,100,100050,100,99954,100,100056,200,99944,100,100061,100,99933,100,100063,100,99932,100,100068,100,99918,100
2019-06-28 09:35:50.000000000,100018,342,100010,342,100028,342,99996,342,100030,100,99976,300,100034,100,99972,100,100037,100,99963,100,100050,100,99954,100,100056,200,99944,100,100061,100,99933,100,100063,100,99932,100,100068,100,99918,100
2019-06-28 09:36:00.000000000,100018,584,100010,584,100028,100,99996,100,100030,100,99976,300,100034,100,99972,100,100037,100,99963,100,100050,100,99954,100,100056,200,99944,100,100061,100,99933,100,100063,100,99932,100,100068,100,99918,100
2019-06-28 09:36:10.000000000,100018,342,100010,342,100028,342,99996,342,100030,100,99976,300,100034,100,99972,100,100037,100,99963,100,100050,100,99954,100,100056,200,99944,100,100061,100,99933,100,100063,100,99932,100,100068,100,99918,100
2019-06-28 09:36:20.000000000,100018,342,100010,342,100028,342,99996,342,100030,100,99976,300,100034,100,99972,100,100037,100,99963,100,100050,100,99954,100,100056,200,99944,100,100061,100,99933,100,100063,100,99932,100,100068,100,99918,100
2019-06-28 09:36:30.000000000,100018,584,100010,584,100028,100,99996,100,100030,100,99976,300,100034,100,99972,100,100037,100,99963,100,100050,100,99954,100,100056,200,99944,100,100061,100,99933,100,100063,100,99932,100,100068,100,99918,100
2019-06-28 09:36:35.510069292,100018,584,100010,584,100028,100,99996,100,100030,100,99976,300,100034,100,99972,100,100037,100,99963,100,100050,100,99954,100,100056,200,99944,100,100061,100,99933,100,100063,100,99932,100,100068,100,99918,100
2019-06-28 09:36:40.000000000,100018,265,100010,265,100028,260,99996,260,100030,260,99976,460,100034,100,99972,100,100037,100,99963,100,100050,100,99954,100,100056,200,99944,100,100061,100,99933,100,100063,100,99932,100,100068,100,99918,100
2019-06-28 09:36:50.000000000,100018,265,100010,265,100028,260,99996,260,100030,260,99976,460,100034,100,99972,100,100037,100,99963,100,100050,100,99954,100,100056,200,99944,100,100061,100,99933,100,100063,100,99932,100,100068,100,99918,100
2019-06-28 09:37:00.000000000,100018,197,100010,197,100028,197,99996,197,100030,197,99976,397,100034,197,99972,197,100037,197,99963,197,100050,100,99954,100,100056,200,99944,100,100061,100,99933,100,100063,100,99932,100,100068,100,99918,100
2019-06-28 09:37:05.039567987,100018,197,100010,97,100028,197,99996,197,100030,197,99976,397,100034,197,99972,197,100037,197,99963,197,100050,100,99954,100,100056,200,99944,100,100061,100,99933,100,100063,100,99932,100,100068,100,99918,100
2019-06-28 09:37:10.000000000,100018,265,99996,265,100028,260,99976,460,100030,260,99972,260,100034,100,99963,100,100037,100,99954,100,100050,100,99944,100,100056,200,99933,100,100061,100,99932,100,100063,100,99918,100,100068,100,99909,100
2019-06-28 09:37:20.000000000,100018,342,99996,342,100028,342,99976,542,100030,100,99972,100,100034,100,99963,100,100037,100,99954,100,100050,100,99944,100,100056,200,99933,100,100061,100,99932,100,100063,100,99918,100,100068,100,99909,100
2019-06-28 09:37:30.000000000,100018,197,99996,197,100028,197,99976,397,100030,197,99972,197,100034,197,99963,197,100037,197,99954,197,100050,100,99944,100,100056,200,99933,100,100061,100,99932,100,100063,100,99918,100,100068,100,99909,100
2019-06-28 09:37:32.052970122,100018,197,99996,97,100028,197,99976,397,100030,197,99972,197,100034,197,99963,197,100037,197,99954,197,100050,100,99944,100,100056,200,99933,100,100063,100,99932,100,100068,100,99918,100,100072,100,99909,100
2019-06-28 09:37:40.000000000,100018,342,99976,542,100028,342,99972,342,100030,100,99963,100,100034,100,99954,100,100037,100,99944,100,100050,100,99933,100,100056,200,99932,100,100063,100,99918,100,100068,100,99909,100,100072,100,99900,200
2019-06-28 09:37:43.238878588,100010,100,99976,542,100018,342,99972,342,100028,342,99963,100,100030,100,99954,100,100034,100,99944,100,100037,100,99933,100,100050,100,99932,100,100056,200,99918,100,100063,100,99909,100,100068,100,99900,200
2019-06-28 09:37:50.000000000,100010,584,99976,784,100018,100,99972,100,100028,100,99963,100,100030,100,99954,100,100034,100,99944,100,100037,100,99933,100,100050,100,99932,100,100056,200,99918,100,100063,100,99909,100,100068,100,99900,200
2019-06-28 09:37:51.110477298,100010,584,99976,784,100018,100,99972,100,100028,100,99963,100,100030,100,99954,100,100034,100,99944,100,100037,100,99933,100,100050,100,99932,100,100056,200,99918,100,100063,100,99909,100,100068,100,99900,200
2019-06-28 09:37:56.716685193,100010,684,99976,784,100018,100,99972,100,100028,100,99963,100,100030,100,99954,100,100034,100,99944,100,100037,100,99933,100,100050,100,99932,100,100056,200,99918,100,100063,100,99909,100,100068,100,99900,200
2019-06-28 09:38:00.000000000,100010,297,99976,397,100018,197,99972,197,100028,197,99963,197,100030,197,99954,197,100034,197,99944,197,100037,100,99933,100,100050,100,99932,100,100056,200,99918,100,100063,100,99909,100,100068,100,99900,200
2019-06-28 09:38:02.422886763,100010,297,99976,397,100018,197,99972,197,100028,197,99963,197,100030,197,99954,197,100034,197,99944,197,100037,100,99932,100,100050,100,99918,100,100056,200,99909,100,100063,100,99900,200,100068,100,99895,200
2019-06-28 09:38:10.000000000,100010,365,99976,465,100018,260,99972,260,100028,260,99963,260,100030,100,99954,100,100034,100,99944,100,100037,100,99932,100,100050,100,99918,100,100056,200,99909,100,100063,100,99900,200,100068,100,99895,200
2019-06-28 09:38:12.605370653,100010,365,99976,465,100018,260,99972,260,100028,260,99963,260,100030,100,99954,100,100034,100,99944,100,100037,100,99932,100,100050,100,99918,100,100056,200,99909,100,100063,100,99900,200,100068,100,99895,200
2019-06-28 09:38:20.000000000,100010,684,99976,784,100018,100,99972,100,100028,100,99963,100,100030,100,99954,100,100034,100,99944,100,100037,100,99932,100,100050,100,99918,100,100056,200,99909,100,100063,100,99900,200,100068,100,99895,200
2019-06-28 09:38:30.000000000,100010,321,99976,421,100018,221,99972,221,100028,221,99963,221,100030,221,99954,221,100034,100,99944,100,100037,100,99932,100,100050,100,99918,100,100056,200,99909,100,100063,100,99900,200,100068,100,99895,200
2019-06-28 09:38:40.000000000,100010,365,99976,465,100018,260,99972,260,100028,260,99963,260,100030,100,99954,100,100034,100,99944,100,100037,100,99932,100,100050,100,99918,100,100056,200,99909,100,100063,100,99900,200,100068,100,99895,200
2019-06-28 09:38:50.000000000,100010,684,99976,784,100018,100,99972,100,100028,100,99963,100,100030,100,99954,100,100034,100,99944,100,100037,100,99932,100,100050,100,99918,100,100056,200,99909,100,100063,100,99900,200,100068,100,99895,200
2019-06-28 09:39:00.000000000,100010,442,99976,542,100018,342,99972,342,100028,100,99963,100,100030,100,99954,100,100034,100,99944,100,100037,100,99932,100,100050,100,99918,100,100056,200,99909,100,100063,100,99900,200,100068,100,99895,200
2019-06-28 09:39:01.694006994,100010,442,99976,542,100018,342,99972,342,100028,100,99963,100,100030,100,99954,100,100034,100,99944,100,100037,100,99932,100,100050,100,99918,100,100056,200,99909,100,100063,100,99900,200,100068,100,99895,200
2019-06-28 09:39:10.000000000,100010,297,99976,397,100018,197,99972,197,100028,197,99963,197,100030,197,99954,197,100034,197,99944,197,100037,100,99932,100,100050,100,99918,100,100056,200,99909,100,100063,100,99900,200,100068,100,99895,200
2019-06-28 09:39:14.910068999,100010,297,99976,397,100018,197,99972,197,100028,197,99963,197,100030,197,99954,197,100034,197,99944,197,100037,100,99932,100,100050,100,99918,100,100056,200,99909,100,100063,100,99900,200,100068,100,99895,200
2019-06-28 09:39:19.371972736,100010,297,99976,297,100018,197,99972,197,100028,197,99963,197,100030,197,99954,197,100034,197,99944,197,100037,100,99932,100,100050,100,99918,100,100056,200,99909,100,100063,100,99900,200,100068,100,99895,200
2019-06-28 09:39:20.000000000,100010,365,99976,365,100018,260,99972,260,100028,260,99963,260,100030,100,99954,100,100034,100,99944,100,100037,100,99932,100,100050,100,99918,100,100056,200,99909,100,100063,100,99900,200,100068,100,99895,200
2019-06-28 09:39:30.000000000,100010,684,99976,684,100018,100,99972,100,100028,100,99963,100,100030,100,99954,100,100034,100,99944,100,100037,100,99932,100,100050,100,99918,100,100056,200,99909,100,100063,100,99900,200,100068,100,99895,200
2019-06-28 09:39:40.000000000,100010,321,99976,321,100018,221,99972,221,100028,221,99963,221,100030,221,99954,221,100034,100,99944,100,100037,100,99932,100,100050,100,99918,100,100056,200,99909,100,100063,100,99900,200,100068,100,99895,200
2019-06-28 09:39:50.000000000,100010,321,99976,321,100018,221,99972,221,100028,221,99963,221,100030,221,99954,221,100034,100,99944,100,100037,100,99932,100,100050,100,99918,100,100056,200,99909,100,100063,100,99900,200,100068,100,99895,200
2019-06-28 09:40:00.000000000,100010,297,99976,297,100018,197,99972,197,100028,197,99963,197,100030,197,99954,197,100034,197,99944,197,100037,100,99932,100,100050,100,99918,100,100056,200,99909,100,100063,100,99900,200,100068,100,99895,200
2019-06-28 09:40:00.069367889,100010,297,99976,297,100018,197,99972,197,100028,197,99963,197,100030,197,99954,197,100034,97,99944,197,100037,100,99932,100,100050,100,99918,100,100056,200,99909,100,100063,100,99900,200,100068,100,99895,200
2019-06-28 09:40:10.000000000,100010,321,99976,321,100018,221,99972,221,100028,221,99963,221,100030,221,99954,221,100037,100,99944,100,100050,100,99932,100,100056,200,99918,100,100063,100,99909,100,100068,100,99900,200,100072,100,99895,200
2019-06-28 09:40:20.000000000,100010,321,99976,321,100018,221,99972,221,100028,221,99963,221,100030,221,99954,221,100037,100,99944,100,100050,100,99932,100,100056,200,99918,100,100063,100,99909,100,100068,100,99900,200,100072,100,99895,200
2019-06-28 09:40:22.864805627,100010,321,99976,321,100018,221,99972,221,100028,221,99963,221,100030,221,99954,221,100037,100,99944,100,100050,100,99932,100,100056,200,99918,100,100068,100,99909,100,100072,100,99900,200,100085,100,99895,200
2019-06-28 09:40:30.000000000,100010,684,99976,684,100018,100,99972,100,100028,100,99963,100,100030,100,99954,100,100037,100,99944,100,100050,100,99932,100,100056,200,99918,100,100068,100,99909,100,100072,100,99900,200,100085,100,99895,200
2019-06-28 09:40:40.000000000,100010,297,99976,297,100018,197,99972,197,100028,197,99963,197,100030,197,99954,197,100037,197,99944,197,100050,100,99932,100,100056,200,99918,100,100068,100,99909,100,100072,100,99900,200,100085,100,99895,200
2019-06-28 09:40:50.000000000,100010,297,99976,297,100018,197,99972,197,100028,197,99963,197,100030,197,99954,197,100037,197,99944,197,100050,100,99932,100,100056,200,99918,100,100068,100,99909,100,100072,100,99900,200,100085,100,99895,200
2019-06-28 09:40:57.208452764,99996,100,99976,297,100010,297,99972,197,100018,197,99963,197,100028,197,99954,197,100030,197,99944,197,100037,197,99932,100,100050,100,99918,100,100056,200,99909,100,100068,100,99900,200,100072,100,99895,200
2019-06-28 09:41:00.000000000,99996,584,99976,684,100010,200,99972,100,100018,100,99963,100,100028,100,99954,100,100030,100,99944,100,100037,100,99932,100,100050,100,99918,100,100056,200,99909,100,100068,100,99900,200,100072,100,99895,200
2019-06-28 09:41:09.296380335,99996,584,99976,684,100010,200,99972,100,100018,100,99963,100,100028,100,99954,100,100030,100,99944,100,100037,100,99932,100,100050,100,99918,100,100056,200,99909,100,100068,100,99900,200,100072,100,99895,200
2019-06-28 09:41:10.000000000,99996,584,99976,684,100010,200,99972,100,100018,100,99963,100,100028,100,99954,100,100030,100,99944,100,100037,100,99932,100,100050,100,99918,100,100056,200,99909,100,100068,100,99900,200,100072,100,99895,200
2019-06-28 09:41:20.000000000,99996,265,99976,365,100010,360,99972,260,100018,260,99963,260,100028,100,99954,100,100030,100,99944,100,100037,100,99932,100,100050,100,99918,100,100056,200,99909,100,100068,100,99900,200,100072,100,99895,200
2019-06-28 09:41:25.175058032,99996,265,99976,365,100010,360,99972,260,100018,260,99963,260,100028,100,99944,100,100030,100,99932,100,100037,100,99918,100,100050,100,99909,100,100056,200,99900,200,100068,100,99895,200,100072,100,99872,100
2019-06-28 09:41:28.543141510,99996,265,99976,365,100010,360,99972,260,100018,260,99963,260,100028,100,99944,100,100030,100,99932,100,100037,100,99918,100,100050,100,99909,100,100056,200,99900,200,100068,100,99895,200,100072,100,99872,100
2019-06-28 09:41:30.000000000,99996,584,99976,684,100010,200,99972,100,100018,100,99963,100,100028,100,99944,100,100030,100,99932,100,100037,100,99918,100,100050,100,99909,100,100056,200,99900,200,100068,100,99895,200,100072,100,99872,100
2019-06-28 09:41:30.309274924,99996,584,99976,684,100010,200,99972,100,100018,100,99963,100,100028,100,99944,100,100030,100,99932,100,100037,100,99918,100,100050,100,99909,100,100056,200,99900,200,100068,100,99895,100,100072,100,99872,100
2019-06-28 09:41:31.626270389,99996,584,99976,684,100010,200,99972,100,100018,100,99963,100,100028,100,99944,100,100030,100,99932,100,100037,100,99918,100,100050,100,99909,100,100056,200,99900,200,100068,100,99895,100,100072,100,99872,100
2019-06-28 09:41:35.727616939,99996,584,99976,684,100010,200,99972,100,100018,100,99963,100,100028,100,99944,100,100030,100,99932,100,100037,100,99918,100,100050,100,99909,100,100056,200,99900,200,100068,100,99895,100,100072,100,99872,100
2019-06-28 09:41:40.000000000,99996,197,99976,297,100010,297,99972,197,100018,197,99963,197,100028,197,99944,197,100030,197,99932,197,100037,100,99918,100,100050,100,99909,100,100056,200,99900,200,100068,100,99895,100,100072,100,99872,100
2019-06-28 09:41:44.292784301,99996,297,99976,297,100010,297,99972,197,100018,197,99963,197,100028,197,99944,197,100030,197,99932,197,100037,100,99918,100,100050,100,99909,100,100056,200,99900,200,100068,100,99895,100,100072,100,99872,100
2019-06-28 09:41:46.054362392,99996,297,99976,297,100010,297,99972,197,100018,197,99963,197,100028,197,99944,197,100030,197,99932,197,100037,100,99918,100,100050,100,99909,100,100056,200,99900,200,100068,100,99895,100,100072,100,99872,100
2019-06-28 09:41:48.986355296,99996,397,99976,197,100010,297,99972,197,100018,197,99963,197,100028,197,99944,197,100030,197,99932,197,100037,100,99918,100,100050,100,99909,100,100056,200,99900,200,100068,100,99895,100,100072,100,99872,100
2019-06-28 09:41:50.000000000,99996,397,99976,197,100010,297,99972,197,100018,197,99963,197,100028,197,99944,197,100030,197,99932,197,100037,100,99918,100,100050,100,99909,100,100056,200,99900,200,100068,100,99895,100,100072,100,99872,100
2019-06-28 09:42:00.000000000,99996,465,99976,265,100010,360,99972,260,100018,260,99963,260,100028,100,99944,100,100030,100,99932,100,100037,100,99918,100,100050,100,99909,100,100056,200,99900,200,100068,100,99895,100,100072,100,99872,100
2019-06-28 09:42:02.530736866,99996,465,99976,165,100010,360,99972,260,100018,260,99963,260,100028,100,99944,100,100030,100,99932,100,100037,100,99918,100,100050,100,99909,100,100056,200,99900,200,100068,100,99895,100,100072,100,99872,100
2019-06-28 09:42:10.000000000,99996,465,99972,265,100010,360,99963,260,100018,260,99944,260,100028,100,99932,100,100030,100,99918,100,100037,100,99909,100,100050,100,99900,200,100056,200,99895,100,100068,100,99872,100,100072,100,99866,100
2019-06-28 09:42:20.000000000,99996,542,99972,342,100010,442,99963,342,100018,100,99944,100,100028,100,99932,100,100030,100,99918,100,100037,100,99909,100,100050,100,99900,200,100056,200,99895,100,100068,100,99872,100,100072,100,99866,100
2019-06-28 09:42:30.000000000,99996,784,99972,584,100010,200,99963,100,100018,100,99944,100,100028,100,99932,100,100030,100,99918,100,100037,100,99909,100,100050,100,99900,200,100056,200,99895,100,100068,100,99872,100,100072,100,99866,100
2019-06-28 09:42:33.685272152,99996,784,99972,584,100010,200,99963,100,100018,100,99944,100,100028,100,99932,100,100030,100,99918,100,100037,100,99900,200,100050,100,99895,100,100056,200,99872,100,100068,100,99866,100,100072,100,99865,100
2019-06-28 09:42:38.507635649,99991,100,99972,584,99996,784,99963,100,100010,200,99944,100,100018,100,99932,100,100028,100,99918,100,100030,100,99900,200,100037,100,99895,100,100050,100,99872,100,100056,200,99866,100,100068,100,99865,100
2019-06-28 09:42:40.000000000,99991,342,99972,342,99996,542,99963,342,100010,200,99944,100,100018,100,99932,100,100028,100,99918,100,100030,100,99900,200,100037,100,99895,100,100050,100,99872,100,100056,200,99866,100,100068,100,99865,100
2019-06-28 09:42:47.446319422,99991,342,99972,342,99996,542,99963,342,100010,200,99944,100,100018,100,99932,100,100028,100,99918,100,100030,100,99900,200,100037,100,99895,100,100050,100,99872,100,100056,200,99866,100,100068,100,99865,100
2019-06-28 09:42:50.000000000,99991,584,99972,584,99996,300,99963,100,100010,200,99944,100,100018,100,99932,100,100028,100,99918,100,100030,100,99900,200,100037,100,99895,100,100050,100,99872,100,100056,200,99866,100,100068,100,99865,100
2019-06-28 09:43:00.000000000,99991,584,99972,584,99996,300,99963,100,100010,200,99944,100,100018,100,99932,100,100028,100,99918,100,100030,100,99900,200,100037,100,99895,100,100050,100,99872,100,100056,200,99866,100,100068,100,99865,100
2019-06-28 09:43:10.000000000,99991,221,99972,221,99996,421,99963,221,100010,321,99944,221,100018,221,99932,221,100028,100,99918,100,100030,100,99900,200,100037,100,99895,100,100050,100,99872,100,100056,200,99866,100,100068,100,99865,100
2019-06-28 09:43:16.216675452,99991,221,99972,221,99996,421,99963,221,100010,321,99944,221,100018,221,99932,221,100028,100,99918,100,100030,100,99900,200,100037,100,99895,100,100050,100,99872,100,100056,200,99866,100,100068,100,99865,100
2019-06-28 09:43:17.932573274,99991,221,99972,221,99996,421,99963,221,100010,321,99944,221,100018,221,99932,221,100028,100,99918,100,100030,100,99900,200,100037,100,99895,100,100050,100,99872,100,100056,200,99866,100,100068,100,99865,100
2019-06-28 09:43:20.000000000,99991,221,99972,221,99996,421,99963,221,100010,321,99944,221,100018,221,99932,221,100028,100,99918,100,100030,100,99900,200,100037,100,99895,100,100050,100,99872,100,100056,200,99866,100,100068,100,99865,100
2019-06-28 09:43:30.000000000,99991,221,99972,221,99996,421,99963,221,100010,321,99944,221,100018,221,99932,221,100028,100,99918,100,100030,100,99900,200,100037,100,99895,100,100050,100,99872,100,100056,200,99866,100,100068,100,99865,100
2019-06-28 09:43:40.000000000,99991,342,99972,342,99996,542,99963,342,100010,200,99944,100,100018,100,99932,100,100028,100,99918,100,100030,100,99900,200,100037,100,99895,100,100050,100,99872,100,100056,200,99866,100,100068,100,99865,100
2019-06-28 09:43:50.000000000,99991,265,99972,265,99996,460,99963,260,100010,360,99944,260,100018,100,99932,100,100028,100,99918,100,100030,100,99900,200,100037,100,99895,100,100050,100,99872,100,100056,200,99866,100,100068,100,99865,100
2019-06-28 09:43:50.503812460,99991,265,99972,265,99996,360,99963,260,100010,360,99944,260,100018,100,99932,100,100028,100,99918,100,100030,100,99900,200,100037,100,99895,100,100050,100,99872,100,100056,200,99866,100,100068,100,99865,100
2019-06-28 09:44:00.000000000,99991,197,99972,197,99996,297,99963,197,100010,297,99944,197,100018,197,99932,197,100028,197,99918,197,100030,100,99900,200,100037,100,99895,100,100050,100,99872,100,100056,200,99866,100,100068,100,99865,100
2019-06-28 09:44:10.000000000,99991,197,99972,197,99996,297,99963,197,100010,297,99944,197,100018,197,99932,197,100028,197,99918,197,100030,100,99900,200,100037,100,99895,100,100050,100,99872,100,100056,200,99866,100,100068,100,99865,100
2019-06-28 09:44:15.701935601,99991,197,99972,197,99996,297,99963,197,100010,297,99944,97,100018,197,99932,197,100028,197,99918,197,100030,100,99900,200,100037,100,99895,100,100050,100,99872,100,100056,200,99866,100,100068,100,99865,100
2019-06-28 09:44:20.000000000,99991,342,99972,342,99996,442,99963,342,100010,200,99932,100,100018,100,99918,100,100028,100,99900,200,100030,100,99895,100,100037,100,99872,100,100050,100,99866,100,100056,200,99865,100,100068,100,99864,100
2019-06-28 09:44:30.000000000,99991,265,99972,265,99996,360,99963,260,100010,360,99932,260,100018,100,99918,100,100028,100,99900,200,100030,100,99895,100,100037,100,99872,100,100050,100,99866,100,100056,200,99865,100,100068,100,99864,100
2019-06-28 09:44:33.064677397,99991,265,99972,265,99996,360,99963,260,100010,360,99932,260,100018,100,99918,100,100028,100,99900,200,100030,100,99895,100,100037,100,99872,100,100050,100,99865,100,100056,200,99864,100,100068,100,99861,100
2019-06-28 09:44:40.000000000,99991,584,99972,584,99996,200,99963,100,100010,200,99932,100,100018,100,99918,100,100028,100,99900,200,100030,100,99895,100,100037,100,99872,100,100050,100,99865,100,100056,200,99864,100,100068,100,99861,100
2019-06-28 09:44:40.640246592,99991,484,99972,584,99996,200,99963,100,100010,200,99932,100,100018,100,99918,100,100028,100,99900,200,100030,100,99895,100,100037,100,99872,100,100050,100,99865,100,100056,200,99864,100,100068,100,99861,100
2019-06-28 09:44:49.193745559,99991,384,99972,584,99996,200,99963,100,100010,200,99932,100,100018,100,99918,100,100028,100,99900,200,100030,100,99895,100,100037,100,99872,100,100050,100,99865,100,100056,200,99864,100,100068,100,99861,100
2019-06-28 09:44:50.000000000,99996,442,99972,342,100010,442,99963,342,100018,100,99932,100,100028,100,99918,100,100030,100,99900,200,100037,100,99895,100,100050,100,99872,100,100056,200,99865,100,100068,100,99864,100,100072,100,99861,100
2019-06-28 09:44:52.609805730,99996,442,99972,342,100010,442,99963,342,100028,100,99932,100,100030,100,99918,100,100037,100,99900,200,100050,100,99895,100,100056,200,99872,100,100068,100,99865,100,100072,100,99864,100,100085,100,99861,100
2019-06-28 09:44:56.878521545,99996,342,99972,242,100010,442,99963,342,100028,100,99932,100,100030,100,99918,100,100037,100,99900,200,100050,100,99895,100,100056,200,99872,100,100068,100,99865,100,100072,100,99864,100,100085,100,99861,100
2019-06-28 09:45:00.000000000,99996,221,99963,221,100010,321,99932,221,100028,221,99918,221,100030,221,99900,321,100037,100,99895,100,100050,100,99872,100,100056,200,99865,100,100068,100,99864,100,100072,100,99861,100,100085,100,99854,100
2019-06-28 09:45:04.630603610,99996,121,99991,100,100010,321,99963,221,100028,221,99932,221,100030,221,99918,221,100037,100,99900,321,100050,100,99895,100,100056,200,99872,100,100068,100,99865,100,100072,100,99864,100,100085,100,99861,100
2019-06-28 09:45:04.678190231,99996,121,99991,100,100010,321,99963,221,100028,221,99932,221,100030,221,99918,221,100037,100,99900,321,100050,100,99895,100,100056,200,99872,100,100068,100,99865,100,100072,100,99864,100,100085,100,99861,100
2019-06-28 09:45:10.000000000,100010,442,99991,342,100028,342,99963,342,100030,100,99932,100,100037,100,99918,100,100050,100,99900,200,100056,200,99895,100,100068,100,99872,100,100072,100,99865,100,100085,100,99864,100,100086,100,99861,100
2019-06-28 09:45:20.000000000,100010,684,99991,584,100028,100,99963,100,100030,100,99932,100,100037,100,99918,100,100050,100,99900,200,100056,200,99895,100,100068,100,99872,100,100072,100,99865,100,100085,100,99864,100,100086,100,99861,100
2019-06-28 09:45:30.000000000,100010,297,99991,197,100028,197,99963,197,100030,197,99932,197,100037,197,99918,197,100050,197,99900,297,100056,200,99895,100,100068,100,99872,100,100072,100,99865,100,100085,100,99864,100,100086,100,99861,100
2019-06-28 09:45:40.000000000,100010,297,99991,197,100028,197,99963,197,100030,197,99932,197,100037,197,99918,197,100050,197,99900,297,100056,200,99895,100,100068,100,99872,100,100072,100,99865,100,100085,100,99864,100,100086,100,99861,100
2019-06-28 09:45:41.308222489,100010,297,99991,197,100028,197,99963,197,100030,197,99932,197,100037,197,99918,197,100050,197,99900,297,100056,200,99895,100,100068,100,99872,100,100072,100,99865,100,100085,100,99864,100,100086,100,99861,100
2019-06-28 09:45:49.963235658,100010,197,99991,197,100028,197,99963,197,100030,197,99932,197,100037,197,99918,197,100050,197,99900,297,100056,200,99895,100,100068,100,99872,100,100072,100,99865,100,100085,100,99864,100,100086,100,99861,100
2019-06-28 09:45:50.000000000,100010,342,99991,342,100028,342,99963,342,100030,100,99932,100,100037,100,99918,100,100050,100,99900,200,100056,200,99895,100,100068,100,99872,100,100072,100,99865,100,100085,100,99864,100,100086,100,99861,100
2019-06-28 09:46:00.000000000,100010,584,99991,584,100028,100,99963,100,100030,100,99932,100,100037,100,99918,100,100050,100,99900,200,100056,200,99895,100,100068,100,99872,100,100072,100,99865,100,100085,100,99864,100,100086,100,99861,100
2019-06-28 09:46:10.000000000,100010,265,99991,265,100028,260,99963,260,100030,260,99932,260,100037,100,99918,100,100050,100,99900,200,100056,200,99895,100,100068,100,99872,100,100072,100,99865,100,100085,100,99864,100,100086,100,99861,100
2019-06-28 09:46:10.334065120,100010,265,99991,265,100028,260,99963,260,100030,260,99932,260,100037,100,99918,100,100050,100,99900,200,100056,200,99895,100,100068,100,99872,100,100072,100,99865,100,100085,100,99864,100,100086,100,99861,100
2019-06-28 09:46:20.000000000,100010,197,99991,197,100028,197,99963,197,100030,197,99932,197,100037,197,99918,197,100050,197,99900,297,100056,200,99895,100,100068,100,99872,100,100072,100,99865,100,100085,100,99864,100,100086,100,99861,100
2019-06-28 09:46:23.491459635,100010,97,99991,197,100028,197,99963,197,100030,197,99932,197,100037,197,99918,197,100050,197,99900,297,100056,200,99895,100,100068,100,99872,100,100072,100,99865,100,100085,100,99864,100,100086,100,99861,100
2019-06-28 09:46:30.000000000,100028,197,99991,197,100030,197,99963,197,100037,197,99932,197,100050,197,99918,197,100056,297,99900,297,100068,100,99895,100,100072,100,99872,100,100085,100,99865,100,100086,100,99864,100,100095,100,99861,100
2019-06-28 09:46:40.000000000,100028,221,99991,221,100030,221,99963,221,100037,221,99932,221,100050,221,99918,221,100056,200,99900,200,100068,100,99895,100,100072,100,99872,100,100085,100,99865,100,100086,100,99864,100,100095,100,99861,100
2019-06-28 09:46:50.000000000,100028,197,99991,197,100030,197,99963,197,100037,197,99932,197,100050,197,99918,197,100056,297,99900,297,100068,100,99895,100,100072,100,99872,100,100085,100,99865,100,100086,100,99864,100,100095,100,99861,100
2019-06-28 09:46:59.735767984,100028,97,99991,197,100030,197,99963,197,100037,197,99932,197,100050,197,99918,197,100056,297,99900,297,100068,100,99895,100,100072,100,99872,100,100085,100,99865,100,100086,100,99864,100,100095,100,99861,100
2019-06-28 09:47:00.000000000,100030,265,99991,265,100037,260,99963,260,100050,260,99932,260,100056,200,99918,100,100068,100,99900,200,100072,100,99895,100,100085,100,99872,100,100086,100,99865,100,100095,100,99864,100,100169,100,99861,100
2019-06-28 09:47:00.506986070,100030,265,100010,100,100037,260,99991,265,100050,260,99963,260,100056,200,99932,260,100068,100,99918,100,100072,100,99900,200,100085,100,99895,100,100086,100,99872,100,100095,100,99865,100,100169,100,99864,100
2019-06-28 09:47:03.319684482,100030,165,100010,100,100037,260,99991,265,100050,260,99963,260,100056,200,99932,260,100068,100,99918,100,100072,100,99900,200,100085,100,99895,100,100086,100,99872,100,100095,100,99865,100,100169,100,99864,100
2019-06-28 09:47:10.000000000,100037,221,100010,221,100050,221,99991,221,100056,321,99963,221,100068,221,99932,221,100072,100,99918,100,100085,100,99900,200,100086,100,99895,100,100095,100,99872,100,100169,100,99865,100,100193,100,99864,100
2019-06-28 09:47:10.141108258,100037,121,100010,221,100050,221,99991,221,100056,321,99963,221,100068,221,99932,221,100072,100,99918,100,100085,100,99900,200,100086,100,99895,100,100095,100,99872,100,100169,100,99865,100,100193,100,99864,100
2019-06-28 09:47:20.000000000,100050,265,100010,265,100056,360,99991,260,100068,260,99963,260,100072,100,99932,100,100085,100,99918,100,100086,100,99900,200,100095,100,99895,100,100169,100,99872,100,100193,100,99865,100,100208,100,99864,100
2019-06-28 09:47:28.042478826,100050,265,100010,265,100056,360,99991,260,100068,260,99963,260,100072,100,99932,100,100085,100,99918,100,100095,100,99900,200,100169,100,99895,100,100193,100,99872,100,100208,100,99865,100,100209,100,99864,100
2019-06-28 09:47:30.000000000,100050,342,100010,342,100056,442,99991,342,100068,100,99963,100,100072,100,99932,100,100085,100,99918,100,100095,100,99900,200,100169,100,99895,100,100193,100,99872,100,100208,100,99865,100,100209,100,99864,100
2019-06-28 09:47:40.000000000,100050,197,100010,197,100056,297,99991,197,100068,197,99963,197,100072,197,99932,197,100085,197,99918,197,100095,100,99900,200,100169,100,99895,100,100193,100,99872,100,100208,100,99865,100,100209,100,99864,100
2019-06-28 09:47:40.224902242,100050,197,100030,100,100056,297,100010,197,100068,197,99991,197,100072,197,99963,197,100085,197,99932,197,100095,100,99918,197,100169,100,99900,200,100193,100,99895,100,100208,100,99872,100,100209,100,99865,100
2019-06-28 09:47:49.914277828,100050,97,100030,100,100056,297,100010,197,100068,197,99991,197,100072,197,99963,197,100085,197,99932,197,100095,100,99918,197,100169,100,99900,200,100193,100,99895,100,100209,100,99872,100,100223,100,99865,100
2019-06-28 09:47:50.000000000,100056,365,100030,265,100068,260,100010,260,100072,260,99991,260,100085,100,99963,100,100095,100,99932,100,100169,100,99918,100,100193,100,99900,200,100209,100,99895,100,100223,100,99872,100,100372,100,99865,100
2019-06-28 09:48:00.000000000,100056,684,100030,584,100068,100,100010,100,100072,100,99991,100,100085,100,99963,100,100095,100,99932,100,100169,100,99918,100,100193,100,99900,200,100209,100,99895,100,100223,100,99872,100,100372,100,99865,100
2019-06-28 09:48:09.969499033,100056,684,100030,484,100068,100,100010,100,100072,100,99991,100,100085,100,99963,100,100095,100,99932,100,100169,100,99918,100,100193,100,99900,200,100209,100,99895,100,100223,100,99872,100,100372,100,99865,100
2019-06-28 09:48:10.000000000,100056,297,100010,197,100068,197,99991,197,100072,197,99963,197,100085,197,99932,197,100095,197,99918,197,100169,100,99900,200,100193,100,99895,100,100209,100,99872,100,100223,100,99865,100,100372,100,99864,100
2019-06-28 09:48:20.000000000,100056,321,100010,221,100068,221,99991,221,100072,221,99963,221,100085,221,99932,221,100095,100,99918,100,100169,100,99900,200,100193,100,99895,100,100209,100,99872,100,100223,100,99865,100,100372,100,99864,100
2019-06-28 09:48:30.000000000,100056,442,100010,342,100068,342,99991,342,100072,100,99963,100,100085,100,99932,100,100095,100,99918,100,100169,100,99900,200,100193,100,99895,100,100209,100,99872,100,100223,100,99865,100,100372,100,99864,100
2019-06-28 09:48:34.599728515,100056,442,100010,342,100068,342,99991,342,100072,100,99963,100,100085,100,99932,100,100095,100,99918,100,100169,100,99900,200,100193,100,99895,100,100209,100,99872,100,100223,100,99865,100,100372,100,99864,100
2019-06-28 09:48:34.782091744,100056,442,100037,100,100068,342,100010,342,100072,100,99991,342,100085,100,99963,100,100095,100,99932,100,100169,100,99918,100,100193,100,99900,200,100209,100,99895,100,100223,100,99872,100,100372,100,99865,100
2019-06-28 09:48:40.000000000,100056,297,100037,197,100068,197,100010,197,100072,197,99991,197,100085,197,99963,197,100095,197,99932,197,100169,100,99918,100,100193,100,99900,200,100209,100,99895,100,100223,100,99872,100,100372,100,99865,100
2019-06-28 09:48:50.000000000,100056,365,100037,265,100068,260,100010,260,100072,260,99991,260,100085,100,99963,100,100095,100,99932,100,100169,100,99918,100,100193,100,99900,200,100209,100,99895,100,100223,100,99872,100,100372,100,99865,100
2019-06-28 09:49:00.000000000,100056,297,100037,197,100068,197,100010,197,100072,197,99991,197,100085,197,99963,197,100095,197,99932,197,100169,100,99918,100,100193,100,99900,200,100209,100,99895,100,100223,100,99872,100,100372,100,99865,100
2019-06-28 09:49:10.000000000,100056,365,100037,265,100068,260,100010,260,100072,260,99991,260,100085,100,99963,100,100095,100,99932,100,100169,100,99918,100,100193,100,99900,200,100209,100,99895,100,100223,100,99872,100,100372,100,99865,100
2019-06-28 09:49:12.164292001,100056,365,100037,265,100068,260,100010,260,100072,260,99991,260,100085,100,99963,100,100095,100,99932,100,100169,100,99918,100,100193,100,99900,200,100209,100,99895,100,100223,100,99872,100,100372,100,99865,100
2019-06-28 09:49:17.142931790,100056,365,100037,265,100068,260,100010,260,100072,260,99991,260,100085,100,99963,100,100095,100,99932,100,100169,100,99918,100,100193,100,99900,200,100209,100,99895,100,100223,100,99872,100,100372,100,99865,100
2019-06-28 09:49:20.000000000,100056,365,100037,265,100068,260,100010,260,100072,260,99991,260,100085,100,99963,100,100095,100,99932,100,100169,100,99918,100,100193,100,99900,200,100209,100,99895,100,100223,100,99872,100,100372,100,99865,100
2019-06-28 09:49:30.000000000,100056,365,100037,265,100068,260,100010,260,100072,260,99991,260,100085,100,99963,100,100095,100,99932,100,100169,100,99918,100,100193,100,99900,200,100209,100,99895,100,100223,100,99872,100,100372,100,99865,100
2019-06-28 09:49:37.686277656,100056,365,100037,265,100068,260,100010,260,100072,260,99991,260,100085,100,99963,100,100095,100,99932,100,100169,100,99918,100,100193,100,99900,200,100209,100,99895,100,100223,100,99872,100,100372,100,99865,100
2019-06-28 09:49:40.000000000,100056,684,100037,584,100068,100,100010,100,100072,100,99991,100,100085,100,99963,100,100095,100,99932,100,100169,100,99918,100,100193,100,99900,200,100209,100,99895,100,100223,100,99872,100,100372,100,99865,100
2019-06-28 09:49:50.000000000,100056,684,100037,584,100068,100,100010,100,100072,100,99991,100,100085,100,99963,100,100095,100,99932,100,100169,100,99918,100,100193,100,99900,200,100209,100,99895,100,100223,100,99872,100,100372,100,99865,100
2019-06-28 09:49:59.273068163,100056,684,100037,684,100068,100,100010,100,100072,100,99991,100,100085,100,99963,100,100095,100,99932,100,100169,100,99918,100,100193,100,99900,200,100209,100,99895,100,100223,100,99872,100,100372,100,99865,100
2019-06-28 09:50:00.000000000,100056,442,100037,442,100068,342,100010,342,100072,100,99991,100,100085,100,99963,100,100095,100,99932,100,100169,100,99918,100,100193,100,99900,200,100209,100,99895,100,100223,100,99872,100,100372,100,99865,100
2019-06-28 09:50:10.000000000,100056,321,100037,321,100068,221,100010,221,100072,221,99991,221,100085,221,99963,221,100095,100,99932,100,100169,100,99918,100,100193,100,99900,200,100209,100,99895,100,100223,100,99872,100,100372,100,99865,100
2019-06-28 09:50:15.787981878,100056,221,100037,321,100068,221,100010,221,100072,221,99991,221,100085,221,99963,221,100095,100,99932,100,100169,100,99918,100,100193,100,99900,200,100209,100,99895,100,100223,100,99872,100,100372,100,99865,100
2019-06-28 09:50:19.390518631,100056,21,100037,321,100068,221,100010,221,100072,221,99991,221,100085,221,99963,221,100095,100,99932,100,100169,100,99918,100,100193,100,99900,200,100209,100,99895,100,100223,100,99872,100,100372,100,99865,100
2019-06-28 09:50:20.000000000,100068,342,100037,442,100072,342,100010,342,100085,100,99991,100,100095,100,99963,100,100169,100,99932,100,100193,100,99918,100,100209,100,99900,200,100223,100,99895,100,100372,100,99872,100,100658,100,99865,100
2019-06-28 09:50:21.242182254,100068,342,100037,442,100072,342,100010,342,100085,100,99991,100,100095,100,99963,100,100169,100,99932,100,100193,100,99918,100,100209,100,99900,200,100223,100,99895,100,100277,100,99872,100,100372,100,99865,100
2019-06-28 09:50:30.000000000,100068,265,100037,365,100072,260,100010,260,100085,260,99991,260,100095,100,99963,100,100169,100,99932,100,100193,100,99918,100,100209,100,99900,200,100223,100,99895,100,100277,100,99872,100,100372,100,99865,100
2019-06-28 09:50:40.000000000,100068,265,100037,365,100072,260,100010,260,100085,260,99991,260,100095,100,99963,100,100169,100,99932,100,100193,100,99918,100,100209,100,99900,200,100223,100,99895,100,100277,100,99872,100,100372,100,99865,100
2019-06-28 09:50:50.000000000,100068,584,100037,684,100072,100,100010,100,100085,100,99991,100,100095,100,99963,100,100169,100,99932,100,100193,100,99918,100,100209,100,99900,200,100223,100,99895,100,100277,100,99872,100,100372,100,99865,100
2019-06-28 09:51:00.000000000,100068,342,100037,442,100072,342,100010,342,100085,100,99991,100,100095,100,99963,100,100169,100,99932,100,100193,100,99918,100,100209,100,99900,200,100223,100,99895,100,100277,100,99872,100,100372,100,99865,100
2019-06-28 09:51:04.724592286,100068,342,100056,100,100072,342,100037,442,100085,100,100010,342,100095,100,99991,100,100169,100,99963,100,100193,100,99932,100,100209,100,99918,100,100223,100,99900,100,100277,100,99895,100,100372,100,99872,100
2019-06-28 09:51:10.000000000,100068,221,100056,221,100072,221,100037,321,100085,221,100010,221,100095,221,99991,221,100169,100,99963,100,100193,100,99932,100,100209,100,99918,100,100223,100,99900,100,100277,100,99895,100,100372,100,99872,100
2019-06-28 09:51:20.000000000,100068,342,100056,342,100072,342,100037,442,100085,100,100010,100,100095,100,99991,100,100169,100,99963,100,100193,100,99932,100,100209,100,99918,100,100223,100,99900,100,100277,100,99895,100,100372,100,99872,100
2019-06-28 09:51:27.673362432,100068,342,100056,442,100072,342,100037,442,100085,100,100010,100,100095,100,99991,100,100169,100,99963,100,100193,100,99932,100,100209,100,99918,100,100223,100,99900,100,100277,100,99895,100,100372,100,99872,100
2019-06-28 09:51:30.000000000,100068,197,100056,297,100072,197,100037,297,100085,197,100010,197,100095,197,99991,197,100169,197,99963,197,100193,100,99932,100,100209,100,99918,100,100223,100,99900,100,100277,100,99895,100,100372,100,99872,100
2019-06-28 09:51:40.000000000,100068,265,100056,365,100072,260,100037,360,100085,260,100010,260,100095,100,99991,100,100169,100,99963,100,100193,100,99932,100,100209,100,99918,100,100223,100,99900,100,100277,100,99895,100,100372,100,99872,100
2019-06-28 09:51:50.000000000,100068,221,100056,321,100072,221,100037,321,100085,221,100010,221,100095,221,99991,221,100169,100,99963,100,100193,100,99932,100,100209,100,99918,100,100223,100,99900,100,100277,100,99895,100,100372,100,99872,100
2019-06-28 09:51:54.845287481,100068,221,100056,321,100072,221,100037,321,100085,221,100010,221,100095,221,99991,221,100169,100,99963,100,100193,100,99932,100,100209,100,99918,100,100223,100,99900,100,100277,100,99895,100,100372,100,99872,100
2019-06-28 09:52:00.000000000,100068,265,100056,365,100072,260,100037,360,100085,260,100010,260,100095,100,99991,100,100169,100,99963,100,100193,100,99932,100,100209,100,99918,100,100223,100,99900,100,100277,100,99895,100,100372,100,99872,100
2019-06-28 09:52:10.000000000,100068,197,100056,297,100072,197,100037,297,100085,197,100010,197,100095,197,99991,197,100169,197,99963,197,100193,100,99932,100,100209,100,99918,100,100223,100,99900,100,100277,100,99895,100,100372,100,99872,100
2019-06-28 09:52:20.000000000,100068,265,100056,365,100072,260,100037,360,100085,260,100010,260,100095,100,99991,100,100169,100,99963,100,100193,100,99932,100,100209,100,99918,100,100223,100,99900,100,100277,100,99895,100,100372,100,99872,100
2019-06-28 09:52:25.625116571,100068,265,100056,265,100072,260,100037,360,100085,260,100010,260,100095,100,99991,100,100169,100,99963,100,100193,100,99932,100,100209,100,99918,100,100223,100,99900,100,100277,100,99895,100,100372,100,99872,100
2019-06-28 09:52:30.000000000,100068,265,100056,265,100072,260,100037,360,100085,260,100010,260,100095,100,99991,100,100169,100,99963,100,100193,100,99932,100,100209,100,99918,100,100223,100,99900,100,100277,100,99895,100,100372,100,99872,100
2019-06-28 09:52:40.000000000,100068,221,100056,221,100072,221,100037,321,100085,221,100010,221,100095,221,99991,221,100169,100,99963,100,100193,100,99932,100,100209,100,99918,100,100223,100,99900,100,100277,100,99895,100,100372,100,99872,100
2019-06-28 09:52:50.000000000,100068,584,100056,584,100072,100,100037,200,100085,100,100010,100,100095,100,99991,100,100169,100,99963,100,100193,100,99932,100,100209,100,99918,100,100223,100,99900,100,100277,100,99895,100,100372,100,99872,100
2019-06-28 09:52:50.969094786,100068,584,100056,484,100072,100,100037,200,100085,100,100010,100,100095,100,99991,100,100169,100,99963,100,100193,100,99932,100,100209,100,99918,100,100223,100,99900,100,100277,100,99895,100,100372,100,99872,100
2019-06-28 09:52:59.119644194,100068,584,100056,384,100072,100,100037,200,100085,100,100010,100,100095,100,99991,100,100169,100,99963,100,100193,100,99932,100,100209,100,99918,100,100223,100,99900,100,100277,100,99895,100,100372,100,99872,100
2019-06-28 09:53:00.000000000,100068,221,100037,321,100072,221,100010,221,100085,221,99991,221,100095,221,99963,221,100169,100,99932,100,100193,100,99918,100,100209,100,99900,100,100223,100,99895,100,100277,100,99872,100,100372,100,99865,100
2019-06-28 09:53:05.184029263,100056,100,100037,321,100068,221,100010,221,100072,221,99991,221,100085,221,99963,221,100095,221,99932,100,100169,100,99918,100,100193,100,99900,100,100209,100,99895,100,100223,100,99872,100,100277,100,99865,100
2019-06-28 09:53:10.000000000,100056,221,100037,321,100068,221,100010,221,100072,221,99991,221,100085,221,99963,221,100095,100,99932,100,100169,100,99918,100,100193,100,99900,100,100209,100,99895,100,100223,100,99872,100,100277,100,99865,100
2019-06-28 09:53:20.000000000,100056,584,100037,684,100068,100,100010,100,100072,100,99991,100,100085,100,99963,100,100095,100,99932,100,100169,100,99918,100,100193,100,99900,100,100209,100,99895,100,100223,100,99872,100,100277,100,99865,100
2019-06-28 09:53:27.993696044,100056,584,100037,684,100068,100,100010,100,100072,100,99991,100,100085,100,99963,100,100095,100,99932,100,100169,100,99918,100,100193,100,99900,100,100209,100,99895,100,100223,100,99872,100,100277,100,99865,100
2019-06-28 09:53:28.756680822,100056,584,100037,684,100068,100,100010,100,100072,100,99991,100,100085,100,99963,100,100095,100,99932,100,100169,100,99918,100,100193,100,99900,100,100209,100,99895,100,100223,100,99872,100,100277,100,99865,100
2019-06-28 09:53:30.000000000,100056,221,100037,321,100068,221,100010,221,100072,221,99991,221,100085,221,99963,221,100095,100,99932,100,100169,100,99918,100,100193,100,99900,100,100209,100,99895,100,100223,100,99872,100,100277,100,99865,100
2019-06-28 09:53:33.635109585,100056,221,100037,321,100068,221,100010,221,100072,221,99991,221,100085,221,99963,221,100095,100,99932,100,100193,100,99918,100,100209,100,99900,100,100223,100,99895,100,100277,100,99872,100,100372,100,99865,100
2019-06-28 09:53:40.000000000,100056,265,100037,365,100068,260,100010,260,100072,260,99991,260,100085,100,99963,100,100095,100,99932,100,100193,100,99918,100,100209,100,99900,100,100223,100,99895,100,100277,100,99872,100,100372,100,99865,100
2019-06-28 09:53:50.000000000,100056,197,100037,297,100068,197,100010,197,100072,197,99991,197,100085,197,99963,197,100095,197,99932,197,100193,100,99918,100,100209,100,99900,100,100223,100,99895,100,100277,100,99872,100,100372,100,99865,100
2019-06-28 09:53:53.340283785,100056,97,100037,297,100068,197,100010,197,100072,197,99991,197,100085,197,99963,197,100095,197,99932,197,100193,100,99918,100,100209,100,99900,100,100223,100,99895,100,100277,100,99872,100,100372,100,99865,100
2019-06-28 09:53:59.123708184,100068,197,100056,3,100072,197,100037,297,100085,197,100010,197,100095,197,99991,197,100193,100,99963,197,100209,100,99932,197,100223,100,99900,100,100277,100,99895,100,100372,100,99872,100,100483,100,99865,100
2019-06-28 09:54:00.000000000,100068,265,100056,168,100072,260,100037,360,100085,260,100010,260,100095,100,99991,100,100193,100,99963,100,100209,100,99932,100,100223,100,99900,100,100277,100,99895,100,100372,100,99872,100,100483,100,99865,100
2019-06-28 09:54:10.000000000,100068,197,100056,100,100072,197,100037,297,100085,197,100010,197,100095,197,99991,197,100193,197,99963,197,100209,100,99932,100,100223,100,99900,100,100277,100,99895,100,100372,100,99872,100,100483,100,99865,100
2019-06-28 09:54:10.251279854,100068,197,100056,100,100072,197,100037,297,100085,197,100010,97,100095,197,99991,197,100193,197,99963,197,100209,100,99932,100,100223,100,99900,100,100277,100,99895,100,100372,100,99872,100,100483,100,99865,100
2019-06-28 09:54:20.000000000,100068,265,100056,168,100072,260,100037,360,100085,260,99991,260,100095,100,99963,100,100193,100,99932,100,100209,100,99900,100,100223,100,99895,100,100277,100,99872,100,100372,100,99865,100,100483,100,99861,100
2019-06-28 09:54:24.345391949,100068,265,100056,268,100072,260,100037,360,100085,260,99991,260,100095,100,99963,100,100193,100,99932,100,100209,100,99900,100,100223,100,99895,100,100277,100,99872,100,100372,100,99865,100,100483,100,99861,100
2019-06-28 09:54:30.000000000,100068,197,100056,200,100072,197,100037,297,100085,197,99991,197,100095,197,99963,197,100193,197,99932,197,100209,100,99900,100,100223,100,99895,100,100277,100,99872,100,100372,100,99865,100,100483,100,99861,100
2019-06-28 09:54:38.132384014,100068,197,100056,200,100072,197,100037,297,100085,197,99991,197,100095,197,99963,197,100193,197,99932,197,100209,100,99900,100,100223,100,99895,100,100277,100,99872,100,100372,100,99865,100,100483,100,99861,100
2019-06-28 09:54:40.000000000,100068,584,100056,587,100072,100,100037,200,100085,100,99991,100,100095,100,99963,100,100193,100,99932,100,100209,100,99900,100,100223,100,99895,100,100277,100,99872,100,100372,100,99865,100,100483,100,99861,100
2019-06-28 09:54:50.000000000,100068,221,100056,224,100072,221,100037,321,100085,221,99991,221,100095,221,99963,221,100193,100,99932,100,100209,100,99900,100,100223,100,99895,100,100277,100,99872,100,100372,100,99865,100,100483,100,99861,100
2019-06-28 09:55:00.000000000,100068,221,100056,224,100072,221,100037,321,100085,221,99991,221,100095,221,99963,221,100193,100,99932,100,100209,100,99900,100,100223,100,99895,100,100277,100,99872,100,100372,100,99865,100,100483,100,99861,100
2019-06-28 09:55:10.000000000,100068,342,100056,345,100072,342,100037,442,100085,100,99991,100,100095,100,99963,100,100193,100,99932,100,100209,100,99900,100,100223,100,99895,100,100277,100,99872,100,100372,100,99865,100,100483,100,99861,100
2019-06-28 09:55:16.143983413,100068,342,100056,445,100072,342,100037,442,100085,100,99991,100,100095,100,99963,100,100193,100,99932,100,100209,100,99900,100,100223,100,99895,100,100277,100,99872,100,100372,100,99865,100,100483,100,99861,100
2019-06-28 09:55:20.000000000,100068,197,100056,300,100072,197,100037,297,100085,197,99991,197,100095,197,99963,197,100193,197,99932,197,100209,100,99900,100,100223,100,99895,100,100277,100,99872,100,100372,100,99865,100,100483,100,99861,100
2019-06-28 09:55:30.000000000,100068,584,100056,687,100072,100,100037,200,100085,100,99991,100,100095,100,99963,100,100193,100,99932,100,100209,100,99900,100,100223,100,99895,100,100277,100,99872,100,100372,100,99865,100,100483,100,99861,100
2019-06-28 09:55:40.000000000,100068,197,100056,300,100072,197,100037,297,100085,197,99991,197,100095,197,99963,197,100193,197,99932,197,100209,100,99900,100,100223,100,99895,100,100277,100,99872,100,100372,100,99865,100,100483,100,99861,100
2019-06-28 09:55:50.000000000,100068,197,100056,300,100072,197,100037,297,100085,197,99991,197,100095,197,99963,197,100193,197,99932,197,100209,100,99900,100,100223,100,99895,100,100277,100,99872,100,100372,100,99865,100,100483,100,99861,100
2019-06-28 09:56:00.000000000,100068,584,100056,687,100072,100,100037,200,100085,100,99991,100,100095,100,99963,100,100193,100,99932,100,100209,100,99900,100,100223,100,99895,100,100277,100,99872,100,100372,100,99865,100,100483,100,99861,100
2019-06-28 09:56:10.000000000,100068,197,100056,300,100072,197,100037,297,100085,197,99991,197,100095,197,99963,197,100193,197,99932,197,100209,100,99900,100,100223,100,99895,100,100277,100,99872,100,100372,100,99865,100,100483,100,99861,100
2019-06-28 09:56:20.000000000,100068,221,100056,324,100072,221,100037,321,100085,221,99991,221,100095,221,99963,221,100193,100,99932,100,100209,100,99900,100,100223,100,99895,100,100277,100,99872,100,100372,100,99865,100,100483,100,99861,100
2019-06-28 09:56:27.512774898,100068,221,100056,324,100072,221,100037,321,100085,221,99991,221,100095,221,99963,221,100193,100,99932,100,100209,100,99900,100,100223,100,99872,100,100277,100,99865,100,100372,100,99861,100,100483,100,99854,100
2019-06-28 09:56:30.000000000,100068,265,100056,368,100072,260,100037,360,100085,260,99991,260,100095,100,99963,100,100193,100,99932,100,100209,100,99900,100,100223,100,99872,100,100277,100,99865,100,100372,100,99861,100,100483,100,99854,100
2019-06-28 09:56:39.428357175,100068,165,100056,368,100072,260,100037,360,100085,260,99991,260,100095,100,99963,100,100193,100,99932,100,100209,100,99900,100,100223,100,99872,100,100277,100,99865,100,100372,100,99861,100,100483,100,99854,100
2019-06-28 09:56:40.000000000,100072,265,100056,368,100085,260,100037,360,100095,260,99991,260,100193,100,99963,100,100209,100,99932,100,100223,100,99900,100,100277,100,99872,100,100372,100,99865,100,100483,100,99861,100,100590,100,99854,100
2019-06-28 09:56:50.000000000,100072,265,100056,368,100085,260,100037,360,100095,260,99991,260,100193,100,99963,100,100209,100,99932,100,100223,100,99900,100,100277,100,99872,100,100372,100,99865,100,100483,100,99861,100,100590,100,99854,100
2019-06-28 09:56:59.533048842,100072,165,100056,368,100085,260,100037,360,100095,260,99991,260,100193,100,99963,100,100209,100,99932,100,100223,100,99900,100,100277,100,99865,100,100372,100,99861,100,100483,100,99854,100,100590,100,99840,100
2019-06-28 09:57:00.000000000,100085,342,100056,445,100095,342,100037,442,100193,100,99991,100,100209,100,99963,100,100223,100,99932,100,100277,100,99900,100,100372,100,99865,100,100483,100,99861,100,100590,100,99854,100,100642,100,99840,100
2019-06-28 09:57:00.639731460,100085,242,100056,445,100095,342,100037,442,100193,100,99991,100,100209,100,99963,100,100223,100,99932,100,100277,100,99900,100,100372,100,99865,100,100483,100,99861,100,100590,100,99854,100,100642,100,99840,100
2019-06-28 09:57:06.609379532,100085,242,100072,100,100095,342,100056,445,100193,100,100037,442,100209,100,99991,100,100223,100,99963,100,100277,100,99932,100,100372,100,99900,100,100483,100,99865,100,100590,100,99861,100,100642,100,99854,100
2019-06-28 09:57:10.000000000,100095,221,100072,221,100193,221,100056,324,100209,221,100037,321,100223,221,99991,221,100277,100,99963,100,100372,100,99932,100,100483,100,99900,100,100590,100,99865,100,100642,100,99861,100,100647,100,99854,100
2019-06-28 09:57:15.077566780,100095,221,100072,221,100193,221,100056,324,100209,221,100037,321,100223,221,99991,221,100277,100,99963,100,100372,100,99932,100,100483,100,99900,100,100590,100,99865,100,100642,100,99861,100,100647,100,99854,100
2019-06-28 09:57:20.000000000,100095,197,100072,197,100193,197,100056,300,100209,197,100037,297,100223,197,99991,197,100277,197,99963,197,100372,100,99932,100,100483,100,99900,100,100590,100,99865,100,100642,100,99861,100,100647,100,99854,100
2019-06-28 09:57:30.000000000,100095,265,100072,265,100193,260,100056,363,100209,260,100037,360,100223,100,99991,100,100277,100,99963,100,100372,100,99932,100,100483,100,99900,100,100590,100,99865,100,100642,100,99861,100,100647,100,99854,100
2019-06-28 09:57:40.000000000,100095,221,100072,221,100193,221,100056,324,100209,221,100037,321,100223,221,99991,221,100277,100,99963,100,100372,100,99932,100,100483,100,99900,100,100590,100,99865,100,100642,100,99861,100,100647,100,99854,100
2019-06-28 09:57:46.391809749,100095,221,100072,221,100193,221,100056,324,100209,221,100037,321,100223,221,99991,221,100277,100,99963,100,100372,100,99900,100,100483,100,99865,100,100498,100,99861,100,100590,100,99854,100,100642,100,99840,100
2019-06-28 09:57:50.000000000,100095,584,100072,584,100193,100,100056,203,100209,100,100037,200,100223,100,99991,100,100277,100,99963,100,100372,100,99900,100,100483,100,99865,100,100498,100,99861,100,100590,100,99854,100,100642,100,99840,100
2019-06-28 09:57:58.066615167,100095,584,100072,584,100193,100,100056,203,100209,100,100037,200,100223,100,99991,100,100277,100,99963,100,100372,100,99900,100,100483,100,99865,100,100498,100,99861,100,100544,100,99854,100,100590,100,99833,100
2019-06-28 09:58:00.000000000,100095,342,100072,342,100193,342,100056,445,100209,100,100037,200,100223,100,99991,100,100277,100,99963,100,100372,100,99900,100,100483,100,99865,100,100498,100,99861,100,100544,100,99854,100,100590,100,99833,100
2019-06-28 09:58:10.000000000,100095,342,100072,342,100193,342,100056,445,100209,100,100037,200,100223,100,99991,100,100277,100,99963,100,100372,100,99900,100,100483,100,99865,100,100498,100,99861,100,100544,100,99854,100,100590,100,99833,100
2019-06-28 09:58:20.000000000,100095,342,100072,342,100193,342,100056,445,100209,100,100037,200,100223,100,99991,100,100277,100,99963,100,100372,100,99900,100,100483,100,99865,100,100498,100,99861,100,100544,100,99854,100,100590,100,99833,100
2019-06-28 09:58:24.128256667,100095,342,100072,342,100193,342,100056,445,100209,100,100037,200,100223,100,99991,100,100277,100,99963,100,100372,100,99900,100,100464,100,99865,100,100483,100,99861,100,100498,100,99854,100,100590,100,99833,100
2019-06-28 09:58:30.000000000,100095,197,100072,197,100193,197,100056,300,100209,197,100037,297,100223,197,99991,197,100277,197,99963,197,100372,100,99900,100,100464,100,99865,100,100483,100,99861,100,100498,100,99854,100,100590,100,99833,100
2019-06-28 09:58:40.000000000,100095,584,100072,584,100193,100,100056,203,100209,100,100037,200,100223,100,99991,100,100277,100,99963,100,100372,100,99900,100,100464,100,99865,100,100483,100,99861,100,100498,100,99854,100,100590,100,99833,100
2019-06-28 09:58:43.630698918,100095,584,100072,584,100193,100,100060,100,100209,100,100056,203,100223,100,100037,200,100277,100,99991,100,100372,100,99963,100,100464,100,99900,100,100483,100,99865,100,100498,100,99861,100,100590,100,99854,100
2019-06-28 09:58:46.540616813,100095,584,100072,584,100193,100,100060,100,100198,100,100056,203,100209,100,100037,200,100223,100,99991,100,100277,100,99963,100,100372,100,99900,100,100464,100,99865,100,100483,100,99861,100,100498,100,99854,100
2019-06-28 09:58:50.000000000,100095,342,100072,342,100193,342,100060,342,100198,100,100056,203,100209,100,100037,200,100223,100,99991,100,100277,100,99963,100,100372,100,99900,100,100464,100,99865,100,100483,100,99861,100,100498,100,99854,100
2019-06-28 09:59:00.000000000,100095,221,100072,221,100193,221,100060,221,100198,221,100056,324,100209,221,100037,321,100223,100,99991,100,100277,100,99963,100,100372,100,99900,100,100464,100,99865,100,100483,100,99861,100,100498,100,99854,100
2019-06-28 09:59:10.000000000,100095,265,100072,265,100193,260,100060,260,100198,260,100056,363,100209,100,100037,200,100223,100,99991,100,100277,100,99963,100,100372,100,99900,100,100464,100,99865,100,100483,100,99861,100,100498,100,99854,100
2019-06-28 09:59:11.419855632,100095,265,100072,265,100193,260,100060,160,100198,260,100056,363,100209,100,100037,200,100223,100,99991,100,100277,100,99963,100,100372,100,99900,100,100464,100,99865,100,100483,100,99861,100,100498,100,99854,100
2019-06-28 09:59:11.973899966,100095,165,100072,265,100193,260,100060,160,100198,260,100056,363,100209,100,100037,200,100223,100,99991,100,100277,100,99963,100,100372,100,99900,100,100464,100,99865,100,100483,100,99861,100,100498,100,99854,100
2019-06-28 09:59:20.000000000,100193,584,100072,584,100198,100,100056,203,100209,100,100037,200,100223,100,99991,100,100277,100,99963,100,100372,100,99900,100,100464,100,99865,100,100483,100,99861,100,100498,100,99854,100,100590,100,99833,100
2019-06-28 09:59:21.486656957,100193,584,100072,584,100198,100,100056,203,100209,100,100037,200,100223,100,99991,100,100277,100,99963,100,100345,100,99900,100,100372,100,99865,100,100464,100,99861,100,100483,100,99854,100,100498,100,99833,100
2019-06-28 09:59:21.921747233,100193,584,100085,100,100198,100,100072,584,100209,100,100056,203,100223,100,100037,200,100277,100,99991,100,100345,100,99963,100,100372,100,99900,100,100464,100,99865,100,100483,100,99861,100,100498,100,99854,100
2019-06-28 09:59:30.000000000,100193,197,100085,197,100198,197,100072,197,100209,197,100056,300,100223,197,100037,297,100277,197,99991,197,100345,100,99963,100,100372,100,99900,100,100464,100,99865,100,100483,100,99861,100,100498,100,99854,100
2019-06-28 09:59:34.480221112,100193,197,100131,100,100198,197,100085,197,100209,197,100072,197,100223,197,100056,300,100277,197,100037,297,100345,100,99991,197,100372,100,99963,100,100464,100,99900,100,100483,100,99865,100,100498,100,99861,100
2019-06-28 09:59:40.000000000,100193,342,100131,342,100198,342,100085,342,100209,100,100072,100,100223,100,100056,203,100277,100,100037,200,100345,100,99991,100,100372,100,99963,100,100464,100,99900,100,100483,100,99865,100,100498,100,99861,100
2019-06-28 09:59:50.000000000,100193,265,100131,265,100198,260,100085,260,100209,260,100072,260,100223,100,100056,203,100277,100,100037,200,100345,100,99991,100,100372,100,99963,100,100464,100,99900,100,100483,100,99865,100,100498,100,99861,100
2019-06-28 10:00:00.000000000,100193,584,100131,584,100198,100,100085,100,100209,100,100072,100,100223,100,100056,203,100277,100,100037,200,100345,100,99991,100,100372,100,99963,100,100464,100,99900,100,100483,100,99865,100,100498,100,99861,100
2019-06-28 10:00:01.392563446,100193,584,100131,584,100198,100,100085,200,100209,100,100072,100,100223,100,100056,203,100277,100,100037,100,100345,100,99991,100,100372,100,99963,100,100464,100,99900,100,100483,100,99865,100,100498,100,99861,100
2019-06-28 10:00:02.651793954,100193,484,100131,584,100198,100,100085,200,100209,100,100072,100,100223,100,100056,203,100277,100,100037,100,100345,100,99991,100,100372,100,99963,100,100464,100,99900,100,100483,100,99865,100,100498,100,99861,100
2019-06-28 10:00:05.328769250,100193,484,100132,100,100198,100,100131,584,100209,100,100085,200,100223,100,100072,100,100277,100,100056,203,100345,100,100037,100,100372,100,99991,100,100464,100,99963,100,100483,100,99900,100,100498,100,99865,100
2019-06-28 10:00:07.782956343,100193,384,100132,100,100198,100,100131,584,100209,100,100085,200,100277,100,100072,100,100345,100,100056,203,100372,100,100037,100,100464,100,99991,100,100483,100,99963,100,100498,100,99900,100,100590,100,99865,100
2019-06-28 10:00:10.000000000,100198,342,100132,342,100209,342,100131,342,100277,100,100085,200,100345,100,100072,100,100372,100,100056,203,100464,100,100037,100,100483,100,99991,100,100498,100,99963,100,100590,100,99900,100,100618,100,99865,100
2019-06-28 10:00:13.233052909,100198,242,100132,342,100209,342,100131,342,100277,100,100085,200,100345,100,100072,100,100372,100,100056,203,100464,100,100037,100,100483,100,99991,100,100498,100,99963,100,100590,100,99900,100,100618,100,99865,100
2019-06-28 10:00:16.898676253,100198,142,100132,342,100209,342,100131,342,100277,100,100085,200,100345,100,100072,100,100372,100,100056,203,100464,100,100037,100,100483,100,99991,100,100498,100,99963,100,100590,100,99900,100,100618,100,99865,100
2019-06-28 10:00:20.000000000,100209,197,100132,197,100277,197,100131,197,100345,197,100085,297,100372,197,100072,197,100464,197,100056,300,100483,100,100037,100,100498,100,99991,100,100590,100,99963,100,100618,100,99900,100,100642,100,99865,100
2019-06-28 10:00:30.000000000,100209,342,100132,342,100277,342,100131,342,100345,100,100085,200,100372,100,100072,100,100464,100,100056,203,100483,100,100037,100,100498,100,99991,100,100590,100,99963,100,100618,100,99900,100,100642,100,99865,100
2019-06-28 10:00:40.000000000,100209,221,100132,221,100277,221,100131,221,100345,221,100085,321,100372,221,100072,221,100464,100,100056,203,100483,100,100037,100,100498,100,99991,100,100590,100,99963,100,100618,100,99900,100,100642,100,99865,100
2019-06-28 10:00:44.370789767,100209,221,100132,221,100277,221,100131,221,100345,221,100085,321,100372,221,100072,221,100464,100,100056,203,100483,100,100037,100,100498,100,99991,100,100590,100,99963,100,100600,100,99900,100,100618,100,99865,100
2019-06-28 10:00:50.000000000,100209,584,100132,584,100277,100,100131,100,100345,100,100085,200,100372,100,100072,100,100464,100,100056,203,100483,100,100037,100,100498,100,99991,100,100590,100,99963,100,100600,100,99900,100,100618,100,99865,100
2019-06-28 10:01:00.000000000,100209,221,100132,221,100277,221,100131,221,100345,221,100085,321,100372,221,100072,221,100464,100,100056,203,100483,100,100037,100,100498,100,99991,100,100590,100,99963,100,100600,100,99900,100,100618,100,99865,100
2019-06-28 10:01:10.000000000,100209,584,100132,584,100277,100,100131,100,100345,100,100085,200,100372,100,100072,100,100464,100,100056,203,100483,100,100037,100,100498,100,99991,100,100590,100,99963,100,100600,100,99900,100,100618,100,99865,100
2019-06-28 10:01:20.000000000,100209,265,100132,265,100277,260,100131,260,100345,260,100085,360,100372,100,100072,100,100464,100,100056,203,100483,100,100037,100,100498,100,99991,100,100590,100,99963,100,100600,100,99900,100,100618,100,99865,100
2019-06-28 10:01:21.720185001,100209,265,100198,100,100277,260,100132,265,100345,260,100131,260,100372,100,100085,360,100464,100,100072,100,100483,100,100056,203,100498,100,100037,100,100590,100,99991,100,100600,100,99963,100,100618,100,99900,100
2019-06-28 10:01:30.000000000,100209,221,100198,221,100277,221,100132,221,100345,221,100131,221,100372,221,100085,321,100464,100,100072,100,100483,100,100056,203,100498,100,100037,100,100590,100,99991,100,100600,100,99963,100,100618,100,99900,100
2019-06-28 10:01:35.720608854,100209,221,100198,221,100277,221,100132,221,100345,121,100131,221,100372,221,100085,321,100464,100,100072,100,100483,100,100056,203,100498,100,100037,100,100525,100,99991,100,100590,100,99963,100,100600,100,99900,100
2019-06-28 10:01:40.000000000,100209,197,100198,197,100277,197,100132,197,100372,197,100131,197,100464,197,100085,297,100483,197,100072,197,100498,100,100056,203,100525,100,100037,100,100590,100,99991,100,100600,100,99963,100,100618,100,99900,100
2019-06-28 10:01:45.375460980,100209,197,100198,197,100277,197,100195,100,100372,197,100132,197,100464,197,100131,197,100483,197,100085,297,100498,100,100072,197,100590,100,100056,203,100600,100,100037,100,100618,100,99991,100,100642,100,99963,100
2019-06-28 10:01:50.000000000,100209,197,100198,197,100277,197,100195,197,100372,197,100132,197,100464,197,100131,197,100483,197,100085,297,100498,100,100072,100,100590,100,100056,203,100600,100,100037,100,100618,100,99991,100,100642,100,99963,100
2019-06-28 10:01:53.505108505,100209,197,100198,197,100277,197,100195,197,100372,197,100132,197,100464,197,100131,197,100483,197,100085,297,100498,100,100072,100,100590,100,100056,203,100593,100,100037,100,100600,100,99991,100,100618,100,99963,100
2019-06-28 10:02:00.000000000,100209,584,100198,584,100277,100,100195,100,100372,100,100132,100,100464,100,100131,100,100483,100,100085,200,100498,100,100072,100,100590,100,100056,203,100593,100,100037,100,100600,100,99991,100,100618,100,99963,100
2019-06-28 10:02:10.000000000,100209,265,100198,265,100277,260,100195,260,100372,260,100132,260,100464,100,100131,100,100483,100,100085,200,100498,100,100072,100,100590,100,100056,203,100593,100,100037,100,100600,100,99991,100,100618,100,99963,100
2019-06-28 10:02:10.390562820,100209,265,100198,365,100277,260,100195,260,100372,260,100132,260,100464,100,100131,100,100483,100,100085,200,100498,100,100072,100,100590,100,100056,203,100593,100,100037,100,100600,100,99963,100,100618,100,99900,100
2019-06-28 10:02:20.000000000,100209,342,100198,442,100277,342,100195,342,100372,100,100132,100,100464,100,100131,100,100483,100,100085,200,100498,100,100072,100,100590,100,100056,203,100593,100,100037,100,100600,100,99963,100,100618,100,99900,100
2019-06-28 10:02:30.000000000,100209,221,100198,321,100277,221,100195,221,100372,221,100132,221,100464,221,100131,221,100483,100,100085,200,100498,100,100072,100,100590,100,100056,203,100593,100,100037,100,100600,100,99963,100,100618,100,99900,100
2019-06-28 10:02:30.345714897,100209,221,100198,321,100277,221,100195,221,100372,221,100132,221,100464,221,100131,221,100483,100,100085,200,100498,100,100072,100,100590,100,100056,203,100593,100,100037,100,100600,100,99963,100,100618,100,99900,100
2019-06-28 10:02:36.053604675,100209,221,100198,421,100277,221,100195,221,100372,221,100132,221,100464,221,100131,221,100483,100,100085,200,100498,100,100072,100,100590,100,100056,103,100593,100,100037,100,100600,100,99963,100,100618,100,99900,100
2019-06-28 10:02:36.538517513,100209,121,100198,421,100277,221,100195,221,100372,221,100132,221,100464,221,100131,221,100483,100,100085,200,100498,100,100072,100,100590,100,100056,100,100593,100,100037,100,100600,100,99963,100,100618,100,99900,100
2019-06-28 10:02:40.000000000,100277,584,100198,784,100372,100,100195,100,100464,100,100132,100,100483,100,100131,100,100498,100,100085,200,100590,100,100072,100,100593,100,100056,100,100600,100,100037,100,100618,100,99963,100,100642,100,99900,100
2019-06-28 10:02:50.000000000,100277,265,100198,465,100372,260,100195,260,100464,260,100132,260,100483,100,100131,100,100498,100,100085,200,100590,100,100072,100,100593,100,100056,100,100600,100,100037,100,100618,100,99963,100,100642,100,99900,100
2019-06-28 10:02:53.696398415,100277,265,100198,465,100372,260,100195,260,100464,260,100159,100,100483,100,100132,260,100498,100,100131,100,100590,100,100085,200,100593,100,100072,100,100600,100,100056,100,100618,100,100037,100,100642,100,99963,100
2019-06-28 10:02:56.152100492,100277,265,100198,365,100372,260,100195,260,100464,260,100159,100,100483,100,100132,260,100498,100,100131,100,100590,100,100085,200,100593,100,100072,100,100600,100,100056,100,100618,100,100037,100,100642,100,99963,100
2019-06-28 10:02:56.762743232,100277,265,100198,365,100372,260,100195,260,100464,260,100159,100,100483,100,100132,260,100498,100,100131,100,100590,100,100085,200,100593,100,100072,100,100600,100,100056,100,100642,100,100037,100,100647,100,99963,100
2019-06-28 10:02:59.166843018,100277,265,100199,100,100372,260,100198,265,100464,260,100195,260,100483,100,100159,100,100498,100,100132,260,100590,100,100131,100,100593,100,100085,200,100600,100,100072,100,100642,100,100056,100,100647,100,100037,100
2019-06-28 10:02:59.390015327,100277,265,100199,100,100372,260,100198,265,100464,260,100195,260,100483,100,100159,100,100498,100,100132,260,100590,100,100131,100,100593,100,100085,200,100600,100,100072,100,100621,100,100056,100,100642,100,100037,100
2019-06-28 10:03:00.000000000,100277,265,100199,265,100372,260,100198,260,100464,260,100195,260,100483,100,100159,100,100498,100,100132,100,100590,100,100131,100,100593,100,100085,200,100600,100,100072,100,100621,100,100056,100,100642,100,100037,100
2019-06-28 10:03:04.396655316,100277,165,100199,265,100372,260,100198,260,100464,260,100195,260,100483,100,100159,100,100498,100,100132,100,100590,100,100131,100,100593,100,100085,200,100600,100,100072,100,100621,100,100056,100,100642,100,100037,100
2019-06-28 10:03:09.102604586,100277,165,100199,265,100372,260,100198,260,100464,260,100195,260,100483,100,100159,100,100498,100,100132,100,100590,100,100131,100,100593,100,100085,200,100600,100,100072,100,100621,100,100056,100,100642,100,100037,100
2019-06-28 10:03:10.000000000,100372,197,100199,197,100464,197,100198,197,100483,197,100195,197,100498,197,100159,197,100590,197,100132,197,100593,100,100131,100,100600,100,100085,200,100621,100,100072,100,100642,100,100056,100,100645,100,100037,100
2019-06-28 10:03:20.000000000,100372,584,100199,584,100464,100,100198,100,100483,100,100195,100,100498,100,100159,100,100590,100,100132,100,100593,100,100131,100,100600,100,100085,200,100621,100,100072,100,100642,100,100056,100,100645,100,100037,100
2019-06-28 10:03:30.000000000,100372,221,100199,221,100464,221,100198,221,100483,221,100195,221,100498,221,100159,221,100590,100,100132,100,100593,100,100131,100,100600,100,100085,200,100621,100,100072,100,100642,100,100056,100,100645,100,100037,100
2019-06-28 10:03:34.342961484,100372,221,100209,100,100464,221,100199,221,100483,221,100198,221,100498,221,100195,221,100590,100,100159,221,100593,100,100132,100,100600,100,100131,100,100621,100,100085,100,100642,100,100072,100,100645,100,100056,100
2019-06-28 10:03:40.000000000,100372,265,100209,265,100464,260,100199,260,100483,260,100198,260,100498,100,100195,100,100590,100,100159,100,100593,100,100132,100,100600,100,100131,100,100621,100,100085,100,100642,100,100072,100,100645,100,100056,100
2019-06-28 10:03:50.000000000,100372,342,100209,342,100464,342,100199,342,100483,100,100198,100,100498,100,100195,100,100590,100,100159,100,100593,100,100132,100,100600,100,100131,100,100621,100,100085,100,100642,100,100072,100,100645,100,100056,100
2019-06-28 10:04:00.000000000,100372,265,100209,265,100464,260,100199,260,100483,260,100198,260,100498,100,100195,100,100590,100,100159,100,100593,100,100132,100,100600,100,100131,100,100621,100,100085,100,100642,100,100072,100,100645,100,100056,100
2019-06-28 10:04:10.000000000,100372,342,100209,342,100464,342,100199,342,100483,100,100198,100,100498,100,100195,100,100590,100,100159,100,100593,100,100132,100,100600,100,100131,100,100621,100,100085,100,100642,100,100072,100,100645,100,100056,100
2019-06-28 10:04:20.000000000,100372,584,100209,584,100464,100,100199,100,100483,100,100198,100,100498,100,100195,100,100590,100,100159,100,100593,100,100132,100,100600,100,100131,100,100621,100,100085,100,100642,100,100072,100,100645,100,100056,100
2019-06-28 10:04:24.687487261,100372,484,100209,584,100464,100,100199,100,100498,100,100198,100,100590,100,100195,100,100593,100,100159,100,100600,100,100132,100,100621,100,100131,100,100642,100,100085,100,100645,100,100072,100,100647,100,100056,100
2019-06-28 10:04:27.660000151,100372,484,100209,584,100464,100,100199,100,100498,100,100198,100,100590,100,100159,100,100593,100,100132,100,100600,100,100131,100,100621,100,100085,100,100642,100,100072,100,100645,100,100056,100,100647,100,100037,100
2019-06-28 10:04:29.350995371,100372,484,100209,584,100464,100,100199,100,100498,100,100198,100,100590,100,100159,100,100593,100,100132,100,100600,100,100131,100,100621,100,100085,100,100642,100,100072,100,100645,100,100056,100,100647,100,100037,100
2019-06-28 10:04:30.000000000,100464,221,100209,221,100498,221,100199,221,100590,221,100198,221,100593,221,100159,221,100600,100,100132,100,100621,100,100131,100,100642,100,100085,100,100645,100,100072,100,100647,100,100056,100,100652,100,100037,100
2019-06-28 10:04:34.903204594,100464,221,100277,100,100498,221,100209,221,100590,221,100199,221,100593,221,100198,221,100600,100,100159,221,100621,100,100132,100,100642,100,100131,100,100645,100,100085,100,100647,100,100072,100,100652,100,100056,100
2019-06-28 10:04:40.000000000,100464,221,100277,221,100498,221,100209,221,100590,221,100199,221,100593,221,100198,221,100600,100,100159,100,100621,100,100132,100,100642,100,100131,100,100645,100,100085,100,100647,100,100072,100,100652,100,100056,100
2019-06-28 10:04:40.622982300,100464,121,100277,221,100498,221,100209,221,100590,221,100199,221,100593,221,100198,221,100600,100,100159,100,100621,100,100132,100,100642,100,100131,100,100645,100,100085,100,100647,100,100072,100,100652,100,100056,100
2019-06-28 10:04:45.474286749,100464,121,100372,100,100498,221,100277,221,100590,221,100209,221,100593,221,100199,221,100600,100,100198,221,100621,100,100159,100,100642,100,100132,100,100645,100,100131,100,100647,100,100085,100,100652,100,100072,100
2019-06-28 10:04:50.000000000,100498,584,100372,584,100590,100,100277,100,100593,100,100209,100,100600,100,100199,100,100621,100,100198,100,100642,100,100159,100,100645,100,100132,100,100647,100,100131,100,100652,100,100085,100,100743,100,100072,100
2019-06-28 10:05:00.000000000,100498,584,100372,584,100590,100,100277,100,100593,100,100209,100,100600,100,100199,100,100621,100,100198,100,100642,100,100159,100,100645,100,100132,100,100647,100,100131,100,100652,100,100085,100,100743,100,100072,100
2019-06-28 10:05:05.974287237,100498,484,100372,584,100590,100,100277,100,100593,100,100209,100,100600,100,100199,100,100621,100,100198,100,100642,100,100159,100,100647,100,100132,100,100652,100,100131,100,100743,100,100085,100,100759,100,100072,100
2019-06-28 10:05:10.000000000,100590,221,100372,221,100593,221,100277,221,100600,221,100209,221,100621,221,100199,221,100642,100,100198,100,100647,100,100159,100,100652,100,100132,100,100743,100,100131,100,100759,100,100085,100,100835,100,100072,100
2019-06-28 10:05:20.000000000,100590,584,100372,584,100593,100,100277,100,100600,100,100209,100,100621,100,100199,100,100642,100,100198,100,100647,100,100159,100,100652,100,100132,100,100743,100,100131,100,100759,100,100085,100,100835,100,100072,100
2019-06-28 10:05:30.000000000,100590,221,100372,221,100593,221,100277,221,100600,221,100209,221,100621,221,100199,221,100642,100,100198,100,100647,100,100159,100,100652,100,100132,100,100743,100,100131,100,100759,100,100085,100,100835,100,100072,100
2019-06-28 10:05:39.935264764,100590,221,100372,221,100593,221,100277,221,100600,221,100209,221,100621,221,100199,221,100642,100,100198,100,100647,100,100159,100,100652,100,100132,100,100743,100,100131,100,100759,100,100085,100,100835,100,100072,100
2019-06-28 10:05:40.000000000,100590,342,100372,342,100593,342,100277,342,100600,100,100209,100,100621,100,100199,100,100642,100,100198,100,100647,100,100159,100,100652,100,100132,100,100743,100,100131,100,100759,100,100085,100,100835,100,100072,100
2019-06-28 10:05:50.000000000,100590,584,100372,584,100593,100,100277,100,100600,100,100209,100,100621,100,100199,100,100642,100,100198,100,100647,100,100159,100,100652,100,100132,100,100743,100,100131,100,100759,100,100085,100,100835,100,100072,100
