,ask_price_1,ask_size_1,bid_price_1,bid_size_1,ask_price_2,ask_size_2,bid_price_2,bid_size_2,ask_price_3,ask_size_3,bid_price_3,bid_size_3,ask_price_4,ask_size_4,bid_price_4,bid_size_4,ask_price_5,ask_size_5,bid_price_5,bid_size_5,ask_price_6,ask_size_6,bid_price_6,bid_size_6,ask_price_7,ask_size_7,bid_price_7,bid_size_7,ask_price_8,ask_size_8,bid_price_8,bid_size_8,ask_price_9,ask_size_9,bid_price_9,bid_size_9,ask_price_10,ask_size_10,bid_price_10,bid_size_10
2019-06-28 09:30:00.000000000,,,99975,100,,,99927,100,,,,,,,,,,,,,,,,,,,,,,,,,,,,,,,,
2019-06-28 09:30:00.000000005,100172,100,99975,100,,,99927,100,,,99861,100,,,,,,,,,,,,,,,,,,,,,,,,,,,,
2019-06-28 09:30:00.000000006,99985,100,99975,100,100120,100,99927,100,100172,100,99861,100,,,,,,,,,,,,,,,,,,,,,,,,,,,,
2019-06-28 09:30:00.000000008,99985,100,99975,100,100120,100,99935,100,100172,100,99927,100,,,99861,100,,,99858,100,,,,,,,,,,,,,,,,,,,,
2019-06-28 09:30:00.000000009,99985,100,99975,100,100087,100,99935,100,100120,100,99927,100,100130,100,99861,100,100172,100,99858,100,,,,,,,,,,,,,,,,,,,,
2019-06-28 09:30:00.000000010,100087,100,99975,100,100120,100,99969,100,100130,100,99935,100,100172,100,99927,100,,,99861,100,,,99858,100,,,,,,,,,,,,,,,,
2019-06-28 09:30:00.000000011,100087,100,99975,100,100120,100,99969,100,100130,100,99935,100,100172,100,99932,100,,,99927,100,,,99874,100,,,99861,100,,,99858,100,,,,,,,,
2019-06-28 09:30:00.000000017,100086,100,99975,100,100087,100,99969,100,100120,100,99935,100,100130,100,99932,100,100172,100,99927,100,,,99874,100,,,99861,100,,,99858,100,,,,,,,,
2019-06-28 09:30:00.000000018,100086,100,99975,100,100087,100,99969,100,100120,100,99946,100,100130,100,99935,100,100172,100,99932,100,,,99927,100,,,99920,100,,,99874,100,,,99861,100,,,99858,100
2019-06-28 09:30:00.000000022,100058,100,99975,100,100086,100,99969,100,100087,100,99946,100,100104,100,99935,100,100120,100,99932,100,100130,100,99927,100,100172,100,99920,100,,,99874,100,,,99861,100,,,99858,100
2019-06-28 09:30:00.000000023,100058,100,99975,100,100086,100,99969,100,100087,100,99946,100,100104,100,99935,100,100120,100,99932,100,100130,100,99927,100,100172,100,99920,100,,,99874,100,,,99861,100,,,99858,100
2019-06-28 09:30:00.000000024,100058,100,99975,100,100086,100,99969,100,100087,100,99946,100,100104,100,99935,100,100120,100,99932,100,100130,100,99927,100,100136,100,99920,100,100172,100,99874,100,,,99861,100,,,99858,100
2019-06-28 09:30:00.000000026,100058,100,99975,200,100086,100,99969,100,100087,100,99946,100,100104,100,99935,100,100106,100,99932,100,100120,100,99927,100,100130,100,99920,100,100136,100,99874,100,100172,100,99861,100,,,99858,100
2019-06-28 09:30:00.000000027,100058,100,99975,200,100086,100,99969,100,100087,100,99946,100,100104,100,99935,100,100106,100,99932,100,100120,100,99927,100,100130,100,99920,100,100136,100,99874,100,100172,100,99861,100,,,99858,100
2019-06-28 09:30:00.000000029,100009,100,99975,200,100058,100,99969,100,100086,100,99946,100,100087,100,99935,100,100104,100,99932,100,100106,100,99927,100,100120,100,99920,100,100130,100,99874,100,100136,100,99861,100,100172,100,99858,100
2019-06-28 09:30:00.000000031,100009,100,99976,100,100058,100,99975,200,100086,100,99972,100,100087,100,99969,100,100104,100,99946,100,100106,100,99935,100,100120,100,99932,100,100130,100,99927,100,100136,100,99920,100,100172,100,99874,100
2019-06-28 09:30:00.000000033,100009,100,99976,200,100054,100,99975,200,100058,100,99972,100,100086,100,99969,100,100087,100,99946,100,100104,100,99935,100,100106,100,99932,100,100120,100,99927,100,100130,100,99920,100,100136,100,99874,100
2019-06-28 09:30:00.000000035,100009,100,99976,200,100054,100,99975,200,100058,100,99972,100,100086,100,99969,100,100087,100,99946,100,100104,100,99935,100,100106,100,99932,100,100118,100,99927,100,100120,100,99920,100,100130,100,99874,100
2019-06-28 09:30:00.000000040,100009,100,99976,100,100054,100,99975,200,100058,100,99972,100,100086,100,99969,100,100087,100,99946,100,100104,100,99935,100,100106,100,99932,100,100118,100,99927,100,100120,100,99920,100,100130,100,99874,100
2019-06-28 09:30:00.000000041,100009,100,100001,100,100054,100,99976,100,100058,100,99975,200,100086,100,99972,100,100087,100,99969,100,100104,100,99946,100,100106,100,99935,100,100118,100,99932,100,100120,100,99927,100,100130,100,99920,100
2019-06-28 09:30:00.000000042,100009,100,100001,100,100054,100,99976,100,100058,100,99975,200,100086,100,99972,100,100087,100,99969,100,100104,100,99946,100,100106,100,99935,100,100118,100,99932,100,100120,100,99927,100,100130,100,99920,100
2019-06-28 09:30:00.000000043,100054,100,100001,100,100058,100,99976,100,100086,100,99975,200,100087,100,99972,100,100104,100,99969,100,100106,100,99946,100,100118,100,99935,100,100120,100,99932,100,100130,100,99927,100,100136,100,99920,100
2019-06-28 09:30:00.000000044,100051,100,100001,100,100054,100,99976,100,100058,100,99975,200,100086,100,99972,100,100087,100,99969,100,100104,100,99946,100,100106,100,99935,100,100118,100,99932,100,100120,100,99927,100,100130,100,99920,100
2019-06-28 09:30:00.000000045,100054,100,100001,100,100058,100,99976,100,100086,100,99975,200,100087,100,99972,100,100104,100,99969,100,100106,100,99946,100,100118,100,99935,100,100120,100,99932,100,100130,100,99927,100,100136,100,99920,100
2019-06-28 09:30:00.000000047,100054,100,100001,100,100058,100,99976,100,100086,100,99975,200,100087,100,99972,100,100104,100,99969,100,100106,100,99946,100,100118,100,99935,100,100120,100,99932,100,100129,100,99927,100,100130,100,99920,100
2019-06-28 09:30:00.000000050,100043,100,100001,100,100054,100,99976,100,100058,100,99975,200,100086,100,99972,100,100087,100,99969,100,100104,100,99946,100,100106,100,99935,100,100118,100,99932,100,100120,100,99927,100,100129,100,99920,100
2019-06-28 09:30:00.000000053,100043,100,100001,100,100054,100,99976,100,100058,100,99975,200,100086,100,99972,100,100087,100,99969,100,100104,100,99952,100,100106,100,99946,100,100118,100,99935,100,100120,100,99932,100,100129,100,99927,100
2019-06-28 09:30:00.000000055,100043,100,100001,100,100051,100,99976,100,100054,100,99975,200,100058,100,99972,100,100086,100,99969,100,100087,100,99952,100,100104,100,99946,100,100106,100,99935,100,100118,100,99932,100,100120,100,99927,100
2019-06-28 09:30:00.000000056,100043,100,100001,100,100045,100,99976,100,100051,100,99975,200,100054,100,99972,100,100058,100,99969,100,100086,100,99952,100,100087,100,99946,100,100104,100,99935,100,100106,100,99932,100,100118,100,99927,100
2019-06-28 09:30:00.000000058,100045,100,100001,100,100051,100,99976,100,100054,100,99975,200,100058,100,99972,100,100086,100,99969,100,100087,100,99952,100,100104,100,99946,100,100106,100,99935,100,100118,100,99932,100,100120,100,99927,100
2019-06-28 09:30:00.000000063,100045,100,100001,100,100051,100,99976,100,100054,100,99975,200,100058,100,99972,100,100086,100,99969,100,100087,100,99952,100,100104,100,99946,100,100106,100,99935,100,100118,100,99932,100,100120,100,99927,100
2019-06-28 09:30:00.000000064,100044,100,100001,100,100045,100,99976,100,100051,100,99975,200,100054,100,99972,100,100058,100,99969,100,100086,100,99952,100,100087,100,99946,100,100104,100,99935,100,100106,100,99932,100,100118,100,99927,100
2019-06-28 09:30:00.000000066,100044,100,100001,100,100045,100,99983,100,100051,100,99976,100,100054,100,99975,200,100058,100,99972,100,100086,100,99969,100,100087,100,99952,100,100104,100,99946,100,100106,100,99935,100,100118,100,99932,100
2019-06-28 09:30:00.000000071,100044,100,100043,100,100045,100,100001,100,100051,100,99983,100,100054,100,99976,100,100058,100,99975,200,100086,100,99972,100,100087,100,99969,100,100104,100,99952,100,100106,100,99946,100,100118,100,99935,100
2019-06-28 09:30:00.000000072,100044,100,100001,100,100045,100,99983,100,100051,100,99976,100,100054,100,99975,200,100058,100,99972,100,100086,100,99969,100,100087,100,99952,100,100104,100,99946,100,100106,100,99935,100,100118,100,99932,100
2019-06-28 09:30:00.000000073,100044,100,100001,100,100045,100,99983,100,100051,100,99976,100,100052,100,99975,200,100054,100,99972,100,100058,100,99969,100,100086,100,99952,100,100087,100,99946,100,100104,100,99935,100,100106,100,99932,100
2019-06-28 09:30:00.000000081,100044,100,100001,100,100045,100,99983,100,100051,100,99976,100,100052,100,99975,200,100054,100,99972,100,100058,100,99969,100,100062,100,99952,100,100064,100,99946,100,100086,100,99935,100,100087,100,99932,100
2019-06-28 09:30:00.000000083,100043,100,100001,100,100044,100,99983,100,100045,100,99976,100,100051,100,99975,200,100052,100,99972,100,100054,100,99969,100,100058,100,99952,100,100062,100,99946,100,100064,100,99935,100,100086,100,99932,100
2019-06-28 09:30:00.000000084,100026,100,100001,100,100043,100,99983,100,100044,100,99976,100,100045,100,99975,200,100051,100,99972,100,100052,100,99969,100,100054,100,99952,100,100058,100,99946,100,100062,100,99935,100,100064,100,99932,100
2019-06-28 09:30:00.000000085,100026,100,100001,100,100035,100,99983,100,100043,100,99976,100,100044,100,99975,200,100045,100,99972,100,100051,100,99969,100,100052,100,99952,100,100054,100,99946,100,100058,100,99935,100,100062,100,99932,100
2019-06-28 09:30:00.000000087,100035,100,100001,100,100043,100,99983,100,100044,100,99976,100,100045,100,99975,200,100051,100,99972,100,100052,100,99969,100,100054,100,99952,100,100058,100,99946,100,100062,100,99935,100,100064,100,99932,100
2019-06-28 09:30:00.000000090,100035,100,100001,100,100043,100,99983,100,100044,100,99976,100,100045,100,99975,200,100051,100,99972,100,100052,100,99969,100,100054,100,99952,100,100058,100,99946,100,100062,100,99935,100,100064,100,99934,100
2019-06-28 09:30:00.000000092,100035,100,100029,100,100043,100,100001,100,100044,100,99983,100,100045,100,99976,100,100051,100,99975,200,100052,100,99972,100,100054,100,99969,100,100058,100,99952,100,100062,100,99946,100,100064,100,99935,100
2019-06-28 09:30:00.000000095,100035,100,100029,100,100043,100,100001,100,100044,100,99983,100,100045,100,99976,100,100051,100,99975,200,100052,100,99972,100,100054,100,99969,100,100058,100,99952,100,100062,100,99946,100,100064,100,99935,100
2019-06-28 09:30:00.000000097,100033,100,100029,100,100035,100,100001,100,100043,100,99983,100,100044,100,99976,100,100045,100,99975,200,100051,100,99972,100,100052,100,99969,100,100054,100,99952,100,100058,100,99946,100,100062,100,99935,100
2019-06-28 09:30:10.000000000,100033,234,100029,234,100035,230,100001,230,100043,230,99983,230,100044,100,99976,100,100045,100,99975,200,100051,100,99972,100,100052,100,99969,100,100054,100,99952,100,100058,100,99946,100,100062,100,99935,100
2019-06-28 09:30:20.000000000,100033,179,100029,179,100035,179,100001,179,100043,179,99983,179,100044,179,99976,179,100045,179,99975,279,100051,100,99972,100,100052,100,99969,100,100054,100,99952,100,100058,100,99946,100,100062,100,99935,100
2019-06-28 09:30:29.086267863,100033,179,100029,179,100035,179,100001,179,100043,179,99983,179,100044,179,99976,179,100045,179,99975,279,100051,100,99972,100,100052,100,99969,100,100054,100,99952,100,100058,100,99946,100,100062,100,99935,100
2019-06-28 09:30:30.000000000,100033,234,100029,234,100035,230,100001,230,100043,230,99983,230,100044,100,99976,100,100045,100,99975,200,100051,100,99972,100,100052,100,99969,100,100054,100,99952,100,100058,100,99946,100,100062,100,99935,100
2019-06-28 09:30:40.000000000,100033,234,100029,234,100035,230,100001,230,100043,230,99983,230,100044,100,99976,100,100045,100,99975,200,100051,100,99972,100,100052,100,99969,100,100054,100,99952,100,100058,100,99946,100,100062,100,99935,100
2019-06-28 09:30:45.559564355,100033,234,100029,234,100035,230,100001,230,100043,230,99983,230,100044,100,99976,100,100045,100,99975,200,100051,100,99972,100,100052,100,99969,100,100054,100,99952,100,100058,100,99946,100,100062,100,99935,100
2019-06-28 09:30:50.000000000,100033,494,100029,494,100035,100,100001,100,100043,100,99983,100,100044,100,99976,100,100045,100,99975,200,100051,100,99972,100,100052,100,99969,100,100054,100,99952,100,100058,100,99946,100,100062,100,99935,100
2019-06-28 09:31:00.000000000,100033,234,100029,234,100035,230,100001,230,100043,230,99983,230,100044,100,99976,100,100045,100,99975,200,100051,100,99972,100,100052,100,99969,100,100054,100,99952,100,100058,100,99946,100,100062,100,99935,100
2019-06-28 09:31:04.579360587,100033,134,100029,234,100035,230,100001,230,100043,230,99983,230,100044,100,99976,100,100045,100,99975,200,100051,100,99969,100,100052,100,99952,100,100054,100,99946,100,100058,100,99935,100,100062,100,99934,100
2019-06-28 09:31:10.000000000,100035,494,100029,494,100043,100,100001,100,100044,100,99983,100,100045,100,99976,100,100051,100,99975,200,100052,100,99969,100,100054,100,99952,100,100058,100,99946,100,100062,100,99935,100,100064,100,99934,100
2019-06-28 09:31:20.000000000,100035,297,100029,297,100043,297,100001,297,100044,100,99983,100,100045,100,99976,100,100051,100,99975,200,100052,100,99969,100,100054,100,99952,100,100058,100,99946,100,100062,100,99935,100,100064,100,99934,100
2019-06-28 09:31:30.000000000,100035,198,100029,198,100043,198,100001,198,100044,198,99983,198,100045,198,99976,198,100051,100,99975,200,100052,100,99969,100,100054,100,99952,100,100058,100,99946,100,100062,100,99935,100,100064,100,99934,100
2019-06-28 09:31:40.000000000,100035,234,100029,234,100043,230,100001,230,100044,230,99983,230,100045,100,99976,100,100051,100,99975,200,100052,100,99969,100,100054,100,99952,100,100058,100,99946,100,100062,100,99935,100,100064,100,99934,100
2019-06-28 09:31:41.181437863,100035,234,100029,234,100043,230,100001,230,100044,230,99983,230,100045,100,99976,100,100051,100,99975,200,100052,100,99969,100,100054,100,99952,100,100058,100,99946,100,100062,100,99934,100,100064,100,99932,100
2019-06-28 09:31:44.057370136,100035,234,100029,234,100043,230,100001,230,100044,230,99985,100,100045,100,99983,230,100051,100,99976,100,100052,100,99975,200,100054,100,99969,100,100058,100,99952,100,100062,100,99946,100,100064,100,99934,100
2019-06-28 09:31:50.000000000,100035,198,100029,198,100043,198,100001,198,100044,198,99985,198,100045,198,99983,198,100051,100,99976,100,100052,100,99975,200,100054,100,99969,100,100058,100,99952,100,100062,100,99946,100,100064,100,99934,100
2019-06-28 09:32:00.000000000,100035,179,100029,179,100043,179,100001,179,100044,179,99985,179,100045,179,99983,179,100051,179,99976,179,100052,100,99975,200,100054,100,99969,100,100058,100,99952,100,100062,100,99946,100,100064,100,99934,100
2019-06-28 09:32:01.460125063,100035,179,100029,179,100043,179,100001,179,100044,179,99985,179,100045,179,99983,179,100051,179,99976,179,100052,100,99975,200,100054,100,99969,100,100058,100,99952,100,100062,100,99946,100,100064,100,99932,100
2019-06-28 09:32:10.000000000,100035,179,100029,179,100043,179,100001,179,100044,179,99985,179,100045,179,99983,179,100051,179,99976,179,100052,100,99975,200,100054,100,99969,100,100058,100,99952,100,100062,100,99946,100,100064,100,99932,100
2019-06-28 09:32:11.319161670,100035,179,100029,179,100043,179,100001,179,100044,179,99985,179,100045,179,99983,179,100051,179,99976,79,100052,100,99975,200,100054,100,99969,100,100058,100,99952,100,100062,100,99946,100,100064,100,99932,100
2019-06-28 09:32:20.000000000,100035,297,100029,297,100043,297,100001,297,100044,100,99985,100,100045,100,99983,100,100051,100,99975,200,100052,100,99969,100,100054,100,99952,100,100058,100,99946,100,100062,100,99932,100,100064,100,99927,100
2019-06-28 09:32:30.000000000,100035,494,100029,494,100043,100,100001,100,100044,100,99985,100,100045,100,99983,100,100051,100,99975,200,100052,100,99969,100,100054,100,99952,100,100058,100,99946,100,100062,100,99932,100,100064,100,99927,100
2019-06-28 09:32:40.000000000,100035,234,100029,234,100043,230,100001,230,100044,230,99985,230,100045,100,99983,100,100051,100,99975,200,100052,100,99969,100,100054,100,99952,100,100058,100,99946,100,100062,100,99932,100,100064,100,99927,100
2019-06-28 09:32:50.000000000,100035,297,100029,297,100043,297,100001,297,100044,100,99985,100,100045,100,99983,100,100051,100,99975,200,100052,100,99969,100,100054,100,99952,100,100058,100,99946,100,100062,100,99932,100,100064,100,99927,100
2019-06-28 09:33:00.000000000,100035,494,100029,494,100043,100,100001,100,100044,100,99985,100,100045,100,99983,100,100051,100,99975,200,100052,100,99969,100,100054,100,99952,100,100058,100,99946,100,100062,100,99932,100,100064,100,99927,100
2019-06-28 09:33:10.000000000,100035,494,100029,494,100043,100,100001,100,100044,100,99985,100,100045,100,99983,100,100051,100,99975,200,100052,100,99969,100,100054,100,99952,100,100058,100,99946,100,100062,100,99932,100,100064,100,99927,100
2019-06-28 09:33:10.384410730,100035,494,100030,100,100043,100,100029,494,100044,100,100001,100,100045,100,99985,100,100051,100,99983,100,100052,100,99975,200,100054,100,99969,100,100058,100,99952,100,100062,100,99946,100,100064,100,99932,100
2019-06-28 09:33:20.000000000,100035,179,100030,179,100043,179,100029,179,100044,179,100001,179,100045,179,99985,179,100051,179,99983,179,100052,100,99975,200,100054,100,99969,100,100058,100,99952,100,100062,100,99946,100,100064,100,99932,100
2019-06-28 09:33:25.728499055,100035,179,100030,279,100043,179,100029,179,100044,179,100001,179,100045,179,99985,179,100051,179,99983,179,100052,100,99975,200,100054,100,99969,100,100058,100,99952,100,100062,100,99946,100,100064,100,99932,100
2019-06-28 09:33:30.000000000,100035,494,100030,594,100043,100,100029,100,100044,100,100001,100,100045,100,99985,100,100051,100,99983,100,100052,100,99975,200,100054,100,99969,100,100058,100,99952,100,100062,100,99946,100,100064,100,99932,100
2019-06-28 09:33:31.298787306,100035,494,100030,594,100043,100,100029,100,100044,100,100001,100,100045,100,99985,100,100051,100,99983,100,100052,100,99975,200,100054,100,99969,100,100058,100,99952,100,100062,100,99946,100,100064,100,99932,100
2019-06-28 09:33:40.000000000,100035,234,100030,334,100043,230,100029,230,100044,230,100001,230,100045,100,99985,100,100051,100,99983,100,100052,100,99975,200,100054,100,99969,100,100058,100,99952,100,100062,100,99946,100,100064,100,99932,100
2019-06-28 09:33:50.000000000,100035,297,100030,397,100043,297,100029,297,100044,100,100001,100,100045,100,99985,100,100051,100,99983,100,100052,100,99975,200,100054,100,99969,100,100058,100,99952,100,100062,100,99946,100,100064,100,99932,100
2019-06-28 09:34:00.000000000,100035,179,100030,279,100043,179,100029,179,100044,179,100001,179,100045,179,99985,179,100051,179,99983,179,100052,100,99975,200,100054,100,99969,100,100058,100,99952,100,100062,100,99946,100,100064,100,99932,100
2019-06-28 09:34:10.000000000,100035,494,100030,594,100043,100,100029,100,100044,100,100001,100,100045,100,99985,100,100051,100,99983,100,100052,100,99975,200,100054,100,99969,100,100058,100,99952,100,100062,100,99946,100,100064,100,99932,100
2019-06-28 09:34:20.000000000,100035,198,100030,298,100043,198,100029,198,100044,198,100001,198,100045,198,99985,198,100051,100,99983,100,100052,100,99975,200,100054,100,99969,100,100058,100,99952,100,100062,100,99946,100,100064,100,99932,100
2019-06-28 09:34:30.000000000,100035,234,100030,334,100043,230,100029,230,100044,230,100001,230,100045,100,99985,100,100051,100,99983,100,100052,100,99975,200,100054,100,99969,100,100058,100,99952,100,100062,100,99946,100,100064,100,99932,100
2019-06-28 09:34:40.000000000,100035,297,100030,397,100043,297,100029,297,100044,100,100001,100,100045,100,99985,100,100051,100,99983,100,100052,100,99975,200,100054,100,99969,100,100058,100,99952,100,100062,100,99946,100,100064,100,99932,100
2019-06-28 09:34:47.251653794,100035,297,100030,397,100043,297,100029,297,100044,100,100001,100,100045,100,99985,100,100051,100,99983,100,100052,100,99975,200,100054,100,99969,100,100058,100,99952,100,100062,100,99946,100,100064,100,99932,100
2019-06-28 09:34:50.000000000,100035,234,100030,334,100043,230,100029,230,100044,230,100001,230,100045,100,99985,100,100051,100,99983,100,100052,100,99975,200,100054,100,99969,100,100058,100,99952,100,100062,100,99946,100,100064,100,99932,100
2019-06-28 09:35:00.000000000,100035,179,100030,279,100043,179,100029,179,100044,179,100001,179,100045,179,99985,179,100051,179,99983,179,100052,100,99975,200,100054,100,99969,100,100058,100,99952,100,100062,100,99946,100,100064,100,99932,100
2019-06-28 09:35:00.823135521,100035,179,100030,179,100043,179,100029,179,100044,179,100001,179,100045,179,99985,179,100051,179,99983,179,100052,100,99975,200,100054,100,99969,100,100058,100,99952,100,100062,100,99946,100,100064,100,99932,100
2019-06-28 09:35:10.000000000,100035,297,100030,297,100043,297,100029,297,100044,100,100001,100,100045,100,99985,100,100051,100,99983,100,100052,100,99975,200,100054,100,99969,100,100058,100,99952,100,100062,100,99946,100,100064,100,99932,100
2019-06-28 09:35:20.000000000,100035,297,100030,297,100043,297,100029,297,100044,100,100001,100,100045,100,99985,100,100051,100,99983,100,100052,100,99975,200,100054,100,99969,100,100058,100,99952,100,100062,100,99946,100,100064,100,99932,100
2019-06-28 09:35:23.050194924,100035,197,100030,297,100043,297,100029,297,100044,100,100001,100,100045,100,99985,100,100051,100,99975,200,100052,100,99969,100,100054,100,99952,100,100058,100,99946,100,100062,100,99932,100,100064,100,99927,100
2019-06-28 09:35:23.060063738,100035,197,100030,297,100043,297,100029,297,100044,100,100001,100,100045,100,99985,100,100051,100,99975,100,100052,100,99969,100,100054,100,99952,100,100058,100,99946,100,100062,100,99932,100,100064,100,99927,100
2019-06-28 09:35:28.264683757,100035,97,100030,297,100043,297,100029,297,100044,100,100001,100,100045,100,99985,100,100051,100,99975,100,100052,100,99969,100,100054,100,99952,100,100058,100,99946,100,100062,100,99932,100,100064,100,99927,100
2019-06-28 09:35:30.000000000,100043,198,100030,198,100044,198,100029,198,100045,198,100001,198,100051,198,99985,198,100052,100,99975,100,100054,100,99969,100,100058,100,99952,100,100062,100,99946,100,100064,100,99932,100,100086,100,99927,100
2019-06-28 09:35:30.445652473,100043,98,100030,198,100044,198,100029,198,100045,198,100001,198,100051,198,99985,198,100052,100,99975,100,100054,100,99969,100,100058,100,99952,100,100062,100,99946,100,100064,100,99932,100,100086,100,99920,100
2019-06-28 09:35:32.518529301,100043,98,100035,100,100044,198,100030,198,100045,198,100029,198,100051,198,100001,198,100052,100,99985,198,100054,100,99975,100,100058,100,99969,100,100062,100,99952,100,100064,100,99946,100,100086,100,99932,100
2019-06-28 09:35:40.000000000,100044,198,100035,198,100045,198,100030,198,100051,198,100029,198,100052,198,100001,198,100054,100,99985,100,100058,100,99975,100,100062,100,99969,100,100064,100,99952,100,100086,100,99946,100,100087,100,99932,100
2019-06-28 09:35:44.697520437,100044,98,100035,198,100045,198,100030,198,100051,198,100029,198,100052,198,100001,198,100054,100,99985,100,100058,100,99975,100,100062,100,99969,100,100064,100,99952,100,100086,100,99946,100,100087,100,99932,100
2019-06-28 09:35:50.000000000,100045,198,100035,198,100051,198,100030,198,100052,198,100029,198,100054,198,100001,198,100058,100,99985,100,100062,100,99975,100,100064,100,99969,100,100086,100,99952,100,100087,100,99946,100,100095,100,99932,100
2019-06-28 09:36:00.000000000,100045,179,100035,179,100051,179,100030,179,100052,179,100029,179,100054,179,100001,179,100058,179,99985,179,100062,100,99975,100,100064,100,99969,100,100086,100,99952,100,100087,100,99946,100,100095,100,99932,100
2019-06-28 09:36:10.000000000,100045,297,100035,297,100051,297,100030,297,100052,100,100029,100,100054,100,100001,100,100058,100,99985,100,100062,100,99975,100,100064,100,99969,100,100086,100,99952,100,100087,100,99946,100,100095,100,99932,100
2019-06-28 09:36:20.000000000,100045,297,100035,297,100051,297,100030,297,100052,100,100029,100,100054,100,100001,100,100058,100,99985,100,100062,100,99975,100,100064,100,99969,100,100086,100,99952,100,100087,100,99946,100,100095,100,99932,100
2019-06-28 09:36:30.000000000,100045,297,100035,297,100051,297,100030,297,100052,100,100029,100,100054,100,100001,100,100058,100,99985,100,100062,100,99975,100,100064,100,99969,100,100086,100,99952,100,100087,100,99946,100,100095,100,99932,100
2019-06-28 09:36:40.000000000,100045,179,100035,179,100051,179,100030,179,100052,179,100029,179,100054,179,100001,179,100058,179,99985,179,100062,100,99975,100,100064,100,99969,100,100086,100,99952,100,100087,100,99946,100,100095,100,99932,100
2019-06-28 09:36:40.158747983,100045,79,100035,179,100051,179,100030,179,100052,179,100029,179,100054,179,100001,179,100058,179,99985,179,100062,100,99975,100,100064,100,99969,100,100086,100,99952,100,100087,100,99946,100,100095,100,99932,100
2019-06-28 09:36:44.632519560,100045,79,100043,100,100051,179,100035,179,100052,179,100030,179,100054,179,100029,179,100058,179,100001,179,100062,100,99985,179,100064,100,99975,100,100086,100,99969,100,100087,100,99952,100,100095,100,99946,100
2019-06-28 09:36:50.000000000,100051,179,100043,179,100052,179,100035,179,100054,179,100030,179,100058,179,100029,179,100062,179,100001,179,100064,100,99985,100,100086,100,99975,100,100087,100,99969,100,100095,100,99952,100,100106,100,99946,100
2019-06-28 09:36:54.645009198,100051,79,100043,179,100052,179,100035,179,100054,179,100030,179,100058,179,100029,179,100062,179,100001,179,100064,100,99985,100,100086,100,99975,100,100087,100,99969,100,100106,100,99952,100,100118,100,99946,100
2019-06-28 09:37:00.000000000,100052,297,100043,297,100054,297,100035,297,100058,100,100030,100,100062,100,100029,100,100064,100,100001,100,100086,100,99985,100,100087,100,99975,100,100106,100,99969,100,100118,100,99952,100,100120,100,99946,100
2019-06-28 09:37:05.279949712,100052,197,100043,297,100054,297,100035,297,100058,100,100030,100,100062,100,100029,100,100064,100,100001,100,100086,100,99985,100,100087,100,99975,100,100106,100,99969,100,100118,100,99952,100,100120,100,99946,100
2019-06-28 09:37:10.000000000,100054,179,100043,179,100058,179,100035,179,100062,179,100030,179,100064,179,100029,179,100086,179,100001,179,100087,100,99985,100,100106,100,99975,100,100118,100,99969,100,100120,100,99952,100,100130,100,99946,100
2019-06-28 09:37:11.346615368,100054,179,100051,100,100058,179,100043,179,100062,179,100035,79,100064,179,100030,179,100086,179,100029,179,100087,100,100001,179,100106,100,99985,100,100118,100,99975,100,100120,100,99969,100,100130,100,99952,100
2019-06-28 09:37:20.000000000,100054,198,100051,198,100058,198,100043,198,100062,198,100030,198,100064,198,100029,198,100086,100,100001,100,100087,100,99985,100,100106,100,99975,100,100118,100,99969,100,100120,100,99952,100,100130,100,99946,100
2019-06-28 09:37:30.000000000,100054,494,100051,494,100058,100,100043,100,100062,100,100030,100,100064,100,100029,100,100086,100,100001,100,100087,100,99985,100,100106,100,99975,100,100118,100,99969,100,100120,100,99952,100,100130,100,99946,100
2019-06-28 09:37:30.585606498,100054,494,100051,494,100058,100,100043,100,100062,100,100030,100,100064,100,100029,100,100086,100,100001,100,100087,100,99985,100,100106,100,99975,100,100118,100,99969,100,100120,100,99952,100,100130,100,99946,100
2019-06-28 09:37:40.000000000,100054,179,100051,179,100058,179,100043,179,100062,179,100030,179,100064,179,100029,179,100086,179,100001,179,100087,100,99985,100,100106,100,99975,100,100118,100,99969,100,100120,100,99952,100,100130,100,99946,100
2019-06-28 09:37:50.000000000,100054,297,100051,297,100058,297,100043,297,100062,100,100030,100,100064,100,100029,100,100086,100,100001,100,100087,100,99985,100,100106,100,99975,100,100118,100,99969,100,100120,100,99952,100,100130,100,99946,100
2019-06-28 09:37:53.752800800,100054,297,100051,297,100058,297,100049,100,100062,100,100043,297,100064,100,100030,100,100086,100,100029,100,100087,100,100001,100,100106,100,99985,100,100118,100,99975,100,100120,100,99969,100,100130,100,99952,100
2019-06-28 09:38:00.000000000,100054,297,100051,297,100058,297,100049,297,100062,100,100043,100,100064,100,100030,100,100086,100,100029,100,100087,100,100001,100,100106,100,99985,100,100118,100,99975,100,100120,100,99969,100,100130,100,99952,100
2019-06-28 09:38:10.000000000,100054,234,100051,234,100058,230,100049,230,100062,230,100043,230,100064,100,100030,100,100086,100,100029,100,100087,100,100001,100,100106,100,99985,100,100118,100,99975,100,100120,100,99969,100,100130,100,99952,100
2019-06-28 09:38:20.000000000,100054,234,100051,234,100058,230,100049,230,100062,230,100043,230,100064,100,100030,100,100086,100,100029,100,100087,100,100001,100,100106,100,99985,100,100118,100,99975,100,100120,100,99969,100,100130,100,99952,100
2019-06-28 09:38:22.299243433,100054,234,100051,234,100058,230,100049,230,100062,230,100043,230,100064,100,100030,100,100086,100,100029,100,100087,100,100001,100,100106,100,99985,100,100118,100,99975,100,100120,100,99969,100,100130,100,99952,100
2019-06-28 09:38:30.000000000,100054,198,100051,198,100058,198,100049,198,100062,198,100043,198,100064,198,100030,198,100086,100,100029,100,100087,100,100001,100,100106,100,99985,100,100118,100,99975,100,100120,100,99969,100,100130,100,99952,100
2019-06-28 09:38:40.000000000,100054,234,100051,234,100058,230,100049,230,100062,230,100043,230,100064,100,100030,100,100086,100,100029,100,100087,100,100001,100,100106,100,99985,100,100118,100,99975,100,100120,100,99969,100,100130,100,99952,100
2019-06-28 09:38:41.314437936,100054,234,100051,334,100058,230,100049,230,100062,230,100043,230,100064,100,100030,100,100086,100,100029,100,100087,100,100001,100,100106,100,99985,100,100118,100,99975,100,100120,100,99969,100,100130,100,99952,100
2019-06-28 09:38:50.000000000,100054,234,100051,334,100058,230,100049,230,100062,230,100043,230,100064,100,100030,100,100086,100,100029,100,100087,100,100001,100,100106,100,99985,100,100118,100,99975,100,100120,100,99969,100,100130,100,99952,100
2019-06-28 09:39:00.000000000,100054,179,100051,279,100058,179,100049,179,100062,179,100043,179,100064,179,100030,179,100086,179,100029,179,100087,100,100001,100,100106,100,99985,100,100118,100,99975,100,100120,100,99969,100,100130,100,99952,100
2019-06-28 09:39:00.962899395,100054,179,100051,179,100058,179,100049,179,100062,179,100043,179,100064,179,100030,179,100086,179,100029,179,100087,100,100001,100,100106,100,99985,100,100118,100,99975,100,100120,100,99969,100,100130,100,99952,100
2019-06-28 09:39:10.000000000,100054,234,100051,234,100058,230,100049,230,100062,230,100043,230,100064,100,100030,100,100086,100,100029,100,100087,100,100001,100,100106,100,99985,100,100118,100,99975,100,100120,100,99969,100,100130,100,99952,100
2019-06-28 09:39:20.000000000,100054,198,100051,198,100058,198,100049,198,100062,198,100043,198,100064,198,100030,198,100086,100,100029,100,100087,100,100001,100,100106,100,99985,100,100118,100,99975,100,100120,100,99969,100,100130,100,99952,100
2019-06-28 09:39:20.429210164,100054,198,100051,198,100058,198,100049,198,100062,198,100043,198,100064,198,100030,198,100086,100,100029,100,100087,100,100001,100,100106,100,99985,100,100118,100,99975,100,100120,100,99969,100,100130,100,99952,100
2019-06-28 09:39:30.000000000,100054,494,100051,494,100058,100,100049,100,100062,100,100043,100,100064,100,100030,100,100086,100,100029,100,100087,100,100001,100,100106,100,99985,100,100118,100,99975,100,100120,100,99969,100,100130,100,99952,100
2019-06-28 09:39:40.000000000,100054,198,100051,198,100058,198,100049,198,100062,198,100043,198,100064,198,100030,198,100086,100,100029,100,100087,100,100001,100,100106,100,99985,100,100118,100,99975,100,100120,100,99969,100,100130,100,99952,100
2019-06-28 09:39:50.000000000,100054,179,100051,179,100058,179,100049,179,100062,179,100043,179,100064,179,100030,179,100086,179,100029,179,100087,100,100001,100,100106,100,99985,100,100118,100,99975,100,100120,100,99969,100,100130,100,99952,100
2019-06-28 09:40:00.000000000,100054,198,100051,198,100058,198,100049,198,100062,198,100043,198,100064,198,100030,198,100086,100,100029,100,100087,100,100001,100,100106,100,99985,100,100118,100,99975,100,100120,100,99969,100,100130,100,99952,100
2019-06-28 09:40:06.619194760,100054,98,100051,198,100058,198,100049,198,100062,198,100043,198,100064,198,100030,198,100086,100,100029,100,100087,100,100001,100,100106,100,99985,100,100118,100,99975,100,100120,100,99969,100,100130,100,99952,100
2019-06-28 09:40:10.000000000,100058,234,100051,234,100062,230,100049,230,100064,230,100043,230,100086,100,100030,100,100087,100,100029,100,100106,100,100001,100,100118,100,99985,100,100120,100,99975,100,100130,100,99969,100,100166,100,99952,100
2019-06-28 09:40:13.732890744,100058,234,100051,234,100062,230,100049,230,100064,230,100043,230,100086,100,100030,100,100087,100,100029,100,100106,100,100001,100,100118,100,99985,100,100120,100,99975,100,100130,100,99969,100,100166,100,99952,100
2019-06-28 09:40:20.000000000,100058,198,100051,198,100062,198,100049,198,100064,198,100043,198,100086,198,100030,198,100087,100,100029,100,100106,100,100001,100,100118,100,99985,100,100120,100,99975,100,100130,100,99969,100,100166,100,99952,100
2019-06-28 09:40:30.000000000,100058,198,100051,198,100062,198,100049,198,100064,198,100043,198,100086,198,100030,198,100087,100,100029,100,100106,100,100001,100,100118,100,99985,100,100120,100,99975,100,100130,100,99969,100,100166,100,99952,100
2019-06-28 09:40:40.000000000,100058,198,100051,198,100062,198,100049,198,100064,198,100043,198,100086,198,100030,198,100087,100,100029,100,100106,100,100001,100,100118,100,99985,100,100120,100,99975,100,100130,100,99969,100,100166,100,99952,100
2019-06-28 09:40:44.712134385,100058,98,100051,198,100062,198,100049,198,100064,198,100043,198,100086,198,100030,198,100087,100,100029,100,100106,100,100001,100,100118,100,99985,100,100120,100,99975,100,100130,100,99969,100,100166,100,99946,100
2019-06-28 09:40:50.000000000,100062,179,100051,179,100064,179,100049,179,100086,179,100043,179,100087,179,100030,179,100106,179,100029,179,100118,100,100001,100,100120,100,99985,100,100130,100,99975,100,100166,100,99969,100,100172,100,99946,100
2019-06-28 09:40:58.179291478,100062,179,100054,100,100064,179,100051,179,100086,179,100049,179,100087,179,100043,179,100106,179,100030,179,100118,100,100029,179,100120,100,100001,100,100130,100,99985,100,100166,100,99975,100,100172,100,99969,100
2019-06-28 09:41:00.000000000,100062,198,100054,198,100064,198,100051,198,100086,198,100049,198,100087,198,100043,198,100106,100,100030,100,100118,100,100029,100,100120,100,100001,100,100130,100,99985,100,100166,100,99975,100,100172,100,99969,100
2019-06-28 09:41:10.000000000,100062,494,100054,494,100064,100,100051,100,100086,100,100049,100,100087,100,100043,100,100106,100,100030,100,100118,100,100029,100,100120,100,100001,100,100130,100,99985,100,100166,100,99975,100,100172,100,99969,100
2019-06-28 09:41:20.000000000,100062,494,100054,494,100064,100,100051,100,100086,100,100049,100,100087,100,100043,100,100106,100,100030,100,100118,100,100029,100,100120,100,100001,100,100130,100,99985,100,100166,100,99975,100,100172,100,99969,100
2019-06-28 09:41:30.000000000,100062,297,100054,297,100064,297,100051,297,100086,100,100049,100,100087,100,100043,100,100106,100,100030,100,100118,100,100029,100,100120,100,100001,100,100130,100,99985,100,100166,100,99975,100,100172,100,99969,100
2019-06-28 09:41:31.356403276,100062,297,100054,297,100064,297,100051,297,100086,100,100049,100,100087,100,100043,100,100106,100,100030,100,100118,100,100029,100,100120,100,100001,100,100130,100,99985,100,100166,100,99975,100,100172,100,99969,100
2019-06-28 09:41:40.000000000,100062,198,100054,198,100064,198,100051,198,100086,198,100049,198,100087,198,100043,198,100106,100,100030,100,100118,100,100029,100,100120,100,100001,100,100130,100,99985,100,100166,100,99975,100,100172,100,99969,100
2019-06-28 09:41:43.607248353,100062,198,100054,98,100064,198,100051,198,100086,198,100049,198,100087,198,100043,198,100106,100,100030,100,100118,100,100029,100,100120,100,100001,100,100130,100,99985,100,100166,100,99975,100,100172,100,99969,100
2019-06-28 09:41:44.230192536,100062,198,100054,98,100064,198,100051,198,100086,198,100049,198,100087,198,100043,198,100106,100,100030,100,100118,100,100029,100,100120,100,100001,100,100130,100,99985,100,100166,100,99975,100,100172,100,99969,100
2019-06-28 09:41:49.725608284,100054,2,100051,198,100062,198,100049,198,100064,198,100043,198,100086,198,100030,100,100087,198,100029,100,100106,100,100001,100,100118,100,99985,100,100120,100,99975,100,100130,100,99969,100,100166,100,99946,100
2019-06-28 09:41:50.000000000,100054,199,100051,297,100062,297,100049,297,100064,100,100043,100,100086,100,100030,100,100087,100,100029,100,100106,100,100001,100,100118,100,99985,100,100120,100,99975,100,100130,100,99969,100,100166,100,99946,100
2019-06-28 09:41:52.908168435,100054,299,100051,297,100062,297,100049,297,100064,100,100043,100,100086,100,100030,100,100087,100,100029,100,100106,100,100001,100,100118,100,99985,100,100120,100,99975,100,100130,100,99969,100,100166,100,99946,100
2019-06-28 09:42:00.000000000,100054,236,100051,234,100062,230,100049,230,100064,230,100043,230,100086,100,100030,100,100087,100,100029,100,100106,100,100001,100,100118,100,99985,100,100120,100,99975,100,100130,100,99969,100,100166,100,99946,100
2019-06-28 09:42:10.000000000,100054,496,100051,494,100062,100,100049,100,100064,100,100043,100,100086,100,100030,100,100087,100,100029,100,100106,100,100001,100,100118,100,99985,100,100120,100,99975,100,100130,100,99969,100,100166,100,99946,100
2019-06-28 09:42:20.000000000,100054,200,100051,198,100062,198,100049,198,100064,198,100043,198,100086,198,100030,198,100087,100,100029,100,100106,100,100001,100,100118,100,99985,100,100120,100,99975,100,100130,100,99969,100,100166,100,99946,100
2019-06-28 09:42:30.000000000,100054,200,100051,198,100062,198,100049,198,100064,198,100043,198,100086,198,100030,198,100087,100,100029,100,100106,100,100001,100,100118,100,99985,100,100120,100,99975,100,100130,100,99969,100,100166,100,99946,100
2019-06-28 09:42:37.730055914,100054,200,100051,98,100062,198,100049,198,100064,198,100043,198,100086,198,100030,198,100087,100,100029,100,100106,100,100001,100,100118,100,99985,100,100120,100,99975,100,100130,100,99969,100,100166,100,99946,100
2019-06-28 09:42:40.000000000,100054,181,100049,179,100062,179,100043,179,100064,179,100030,179,100086,179,100029,179,100087,179,100001,179,100106,100,99985,100,100118,100,99975,100,100120,100,99969,100,100130,100,99946,100,100166,100,99932,100
2019-06-28 09:42:50.000000000,100054,496,100049,494,100062,100,100043,100,100064,100,100030,100,100086,100,100029,100,100087,100,100001,100,100106,100,99985,100,100118,100,99975,100,100120,100,99969,100,100130,100,99946,100,100166,100,99932,100
2019-06-28 09:42:55.498296429,100054,496,100049,494,100062,100,100043,100,100064,100,100030,100,100086,100,100029,100,100087,100,100001,100,100106,100,99985,100,100118,100,99975,100,100130,100,99969,100,100166,100,99946,100,100172,100,99932,100
2019-06-28 09:43:00.000000000,100054,299,100049,297,100062,297,100043,297,100064,100,100030,100,100086,100,100029,100,100087,100,100001,100,100106,100,99985,100,100118,100,99975,100,100130,100,99969,100,100166,100,99946,100,100172,100,99932,100
2019-06-28 09:43:10.000000000,100054,496,100049,494,100062,100,100043,100,100064,100,100030,100,100086,100,100029,100,100087,100,100001,100,100106,100,99985,100,100118,100,99975,100,100130,100,99969,100,100166,100,99946,100,100172,100,99932,100
2019-06-28 09:43:20.000000000,100054,299,100049,297,100062,297,100043,297,100064,100,100030,100,100086,100,100029,100,100087,100,100001,100,100106,100,99985,100,100118,100,99975,100,100130,100,99969,100,100166,100,99946,100,100172,100,99932,100
2019-06-28 09:43:30.000000000,100054,236,100049,234,100062,230,100043,230,100064,230,100030,230,100086,100,100029,100,100087,100,100001,100,100106,100,99985,100,100118,100,99975,100,100130,100,99969,100,100166,100,99946,100,100172,100,99932,100
2019-06-28 09:43:40.000000000,100054,496,100049,494,100062,100,100043,100,100064,100,100030,100,100086,100,100029,100,100087,100,100001,100,100106,100,99985,100,100118,100,99975,100,100130,100,99969,100,100166,100,99946,100,100172,100,99932,100
2019-06-28 09:43:50.000000000,100054,236,100049,234,100062,230,100043,230,100064,230,100030,230,100086,100,100029,100,100087,100,100001,100,100106,100,99985,100,100118,100,99975,100,100130,100,99969,100,100166,100,99946,100,100172,100,99932,100
2019-06-28 09:44:00.000000000,100054,181,100049,179,100062,179,100043,179,100064,179,100030,179,100086,179,100029,179,100087,179,100001,179,100106,100,99985,100,100118,100,99975,100,100130,100,99969,100,100166,100,99946,100,100172,100,99932,100
2019-06-28 09:44:10.000000000,100054,299,100049,297,100062,297,100043,297,100064,100,100030,100,100086,100,100029,100,100087,100,100001,100,100106,100,99985,100,100118,100,99975,100,100130,100,99969,100,100166,100,99946,100,100172,100,99932,100
2019-06-28 09:44:12.629040840,100054,199,100049,297,100062,297,100043,297,100064,100,100030,100,100086,100,100029,100,100087,100,100001,100,100106,100,99985,100,100118,100,99975,100,100130,100,99969,100,100166,100,99946,100,100172,100,99932,100
2019-06-28 09:44:17.302012522,100054,199,100049,297,100062,197,100043,297,100064,100,100030,100,100086,100,100029,100,100087,100,100001,100,100106,100,99985,100,100118,100,99975,100,100130,100,99969,100,100166,100,99946,100,100172,100,99932,100
2019-06-28 09:44:20.000000000,100054,396,100049,494,100064,100,100043,100,100086,100,100030,100,100087,100,100029,100,100106,100,100001,100,100118,100,99985,100,100130,100,99975,100,100166,100,99969,100,100172,100,99946,100,100214,100,99932,100
2019-06-28 09:44:30.000000000,100054,136,100049,234,100064,230,100043,230,100086,230,100030,230,100087,100,100029,100,100106,100,100001,100,100118,100,99985,100,100130,100,99975,100,100166,100,99969,100,100172,100,99946,100,100214,100,99932,100
2019-06-28 09:44:40.000000000,100054,396,100049,494,100064,100,100043,100,100086,100,100030,100,100087,100,100029,100,100106,100,100001,100,100118,100,99985,100,100130,100,99975,100,100166,100,99969,100,100172,100,99946,100,100214,100,99932,100
2019-06-28 09:44:50.000000000,100054,81,100049,179,100064,179,100043,179,100086,179,100030,179,100087,179,100029,179,100106,179,100001,179,100118,100,99985,100,100130,100,99975,100,100166,100,99969,100,100172,100,99946,100,100214,100,99932,100
2019-06-28 09:45:00.000000000,100054,81,100049,179,100064,179,100043,179,100086,179,100030,179,100087,179,100029,179,100106,179,100001,179,100118,100,99985,100,100130,100,99975,100,100166,100,99969,100,100172,100,99946,100,100214,100,99932,100
2019-06-28 09:45:08.749760959,100054,81,100049,179,100064,179,100043,179,100086,179,100030,179,100087,179,100029,179,100106,179,100001,179,100118,100,99985,100,100130,100,99975,100,100166,100,99969,100,100172,100,99946,100,100214,100,99932,100
2019-06-28 09:45:10.000000000,100054,136,100049,234,100064,230,100043,230,100086,230,100030,230,100087,100,100029,100,100106,100,100001,100,100118,100,99985,100,100130,100,99975,100,100166,100,99969,100,100172,100,99946,100,100214,100,99932,100
2019-06-28 09:45:12.559953560,100054,36,100049,234,100064,230,100043,230,100086,230,100030,230,100087,100,100029,100,100106,100,100001,100,100118,100,99985,100,100130,100,99975,100,100166,100,99969,100,100172,100,99946,100,100214,100,99932,100
2019-06-28 09:45:20.000000000,100064,297,100049,297,100086,297,100043,297,100087,100,100030,100,100106,100,100029,100,100118,100,100001,100,100130,100,99985,100,100166,100,99975,100,100172,100,99969,100,100214,100,99946,100,100249,100,99932,100
2019-06-28 09:45:23.641935522,100064,197,100049,297,100086,297,100043,297,100087,100,100030,100,100106,100,100029,100,100118,100,100001,100,100130,100,99985,100,100166,100,99975,100,100172,100,99946,100,100214,100,99932,100,100249,100,99920,100
2019-06-28 09:45:24.195088038,100064,197,100054,100,100086,297,100049,297,100087,100,100043,297,100106,100,100030,100,100118,100,100029,100,100130,100,100001,100,100166,100,99985,100,100172,100,99975,100,100214,100,99946,100,100249,100,99932,100
2019-06-28 09:45:30.000000000,100086,297,100054,297,100087,297,100049,297,100106,100,100043,100,100118,100,100030,100,100130,100,100029,100,100166,100,100001,100,100172,100,99985,100,100214,100,99975,100,100249,100,99946,100,100349,100,99932,100
2019-06-28 09:45:33.183668415,100086,297,100054,297,100087,297,100049,297,100106,100,100043,100,100118,100,100030,100,100130,100,100029,100,100166,100,100001,100,100172,100,99985,100,100214,100,99975,100,100249,100,99946,100,100349,100,99932,100
2019-06-28 09:45:40.000000000,100086,494,100054,494,100087,100,100049,100,100106,100,100043,100,100118,100,100030,100,100130,100,100029,100,100166,100,100001,100,100172,100,99985,100,100214,100,99975,100,100249,100,99946,100,100349,100,99932,100
2019-06-28 09:45:44.154792998,100086,394,100054,494,100087,100,100049,100,100106,100,100043,100,100118,100,100030,100,100130,100,100029,100,100166,100,100001,100,100172,100,99985,100,100214,100,99975,100,100249,100,99946,100,100349,100,99932,100
2019-06-28 09:45:46.668671590,100086,294,100054,494,100087,100,100049,100,100106,100,100043,100,100130,100,100030,100,100166,100,100029,100,100172,100,100001,100,100214,100,99985,100,100249,100,99975,100,100349,100,99946,100,100366,100,99932,100
2019-06-28 09:45:50.000000000,100087,234,100054,234,100106,230,100049,230,100130,230,100043,230,100166,100,100030,100,100172,100,100029,100,100214,100,100001,100,100249,100,99985,100,100349,100,99975,100,100366,100,99946,100,100459,100,99932,100
2019-06-28 09:45:52.686685619,100087,234,100086,100,100106,230,100054,234,100130,230,100049,230,100166,100,100043,230,100172,100,100030,100,100214,100,100029,100,100249,100,100001,100,100349,100,99985,100,100366,100,99975,100,100459,100,99946,100
2019-06-28 09:45:58.294654453,100087,234,100054,234,100106,230,100049,230,100130,230,100043,230,100166,100,100030,100,100172,100,100029,100,100214,100,100001,100,100249,100,99985,100,100349,100,99975,100,100366,100,99946,100,100459,100,99932,100
2019-06-28 09:46:00.000000000,100087,198,100054,198,100106,198,100049,198,100130,198,100043,198,100166,198,100030,198,100172,100,100029,100,100214,100,100001,100,100249,100,99985,100,100349,100,99975,100,100366,100,99946,100,100459,100,99932,100
2019-06-28 09:46:10.000000000,100087,297,100054,297,100106,297,100049,297,100130,100,100043,100,100166,100,100030,100,100172,100,100029,100,100214,100,100001,100,100249,100,99985,100,100349,100,99975,100,100366,100,99946,100,100459,100,99932,100
2019-06-28 09:46:20.000000000,100087,297,100054,297,100106,297,100049,297,100130,100,100043,100,100166,100,100030,100,100172,100,100029,100,100214,100,100001,100,100249,100,99985,100,100349,100,99975,100,100366,100,99946,100,100459,100,99932,100
2019-06-28 09:46:20.256176069,100087,297,100054,297,100106,297,100049,297,100130,100,100043,100,100166,100,100030,100,100172,100,100029,100,100214,100,100001,100,100249,100,99975,100,100349,100,99946,100,100366,100,99932,100,100459,100,99920,100
2019-06-28 09:46:30.000000000,100087,494,100054,494,100106,100,100049,100,100130,100,100043,100,100166,100,100030,100,100172,100,100029,100,100214,100,100001,100,100249,100,99975,100,100349,100,99946,100,100366,100,99932,100,100459,100,99920,100
2019-06-28 09:46:32.959632350,100087,494,100086,100,100106,100,100054,494,100130,100,100049,100,100166,100,100043,100,100172,100,100030,100,100214,100,100029,100,100249,100,100001,100,100349,100,99975,100,100366,100,99946,100,100459,100,99932,100
2019-06-28 09:46:32.972905672,100087,494,100086,100,100106,100,100054,494,100130,100,100043,100,100166,100,100030,100,100172,100,100029,100,100214,100,100001,100,100249,100,99975,100,100349,100,99946,100,100366,100,99932,100,100459,100,99920,100
2019-06-28 09:46:40.000000000,100087,234,100086,234,100106,230,100054,230,100130,230,100043,230,100166,100,100030,100,100172,100,100029,100,100214,100,100001,100,100249,100,99975,100,100349,100,99946,100,100366,100,99932,100,100459,100,99920,100
2019-06-28 09:46:43.120261656,100087,234,100086,234,100106,230,100054,230,100130,230,100043,230,100166,100,100030,100,100172,100,100029,100,100214,100,100001,100,100249,100,99975,100,100349,100,99946,100,100366,100,99932,100,100459,100,99920,100
2019-06-28 09:46:50.000000000,100087,234,100086,234,100106,230,100054,230,100130,230,100043,230,100166,100,100030,100,100172,100,100029,100,100214,100,100001,100,100249,100,99975,100,100349,100,99946,100,100366,100,99932,100,100459,100,99920,100
2019-06-28 09:46:58.836853430,100087,234,100086,234,100106,230,100054,230,100130,230,100043,230,100166,100,100030,100,100172,100,100029,100,100214,100,100001,100,100249,100,99975,100,100349,100,99946,100,100366,100,99932,100,100459,100,99920,100
2019-06-28 09:47:00.000000000,100087,494,100086,494,100106,100,100054,100,100130,100,100043,100,100166,100,100030,100,100172,100,100029,100,100214,100,100001,100,100249,100,99975,100,100349,100,99946,100,100366,100,99932,100,100459,100,99920,100
2019-06-28 09:47:07.323481363,100087,494,100086,494,100130,100,100054,100,100166,100,100043,100,100172,100,100030,100,100214,100,100029,100,100249,100,100001,100,100349,100,99975,100,100366,100,99946,100,100459,100,99932,100,100518,100,99920,100
2019-06-28 09:47:10.000000000,100087,198,100086,198,100130,198,100054,198,100166,198,100043,198,100172,198,100030,198,100214,100,100029,100,100249,100,100001,100,100349,100,99975,100,100366,100,99946,100,100459,100,99932,100,100518,100,99920,100
2019-06-28 09:47:20.000000000,100087,297,100086,297,100130,297,100054,297,100166,100,100043,100,100172,100,100030,100,100214,100,100029,100,100249,100,100001,100,100349,100,99975,100,100366,100,99946,100,100459,100,99932,100,100518,100,99920,100
2019-06-28 09:47:30.000000000,100087,234,100086,234,100130,230,100054,230,100166,230,100043,230,100172,100,100030,100,100214,100,100029,100,100249,100,100001,100,100349,100,99975,100,100366,100,99946,100,100459,100,99932,100,100518,100,99920,100
2019-06-28 09:47:31.737587809,100087,234,100086,234,100130,230,100054,230,100166,230,100043,230,100172,100,100030,100,100214,100,100029,100,100249,100,100001,100,100349,100,99975,100,100366,100,99946,100,100371,100,99932,100,100459,100,99920,100
2019-06-28 09:47:40.000000000,100087,179,100086,179,100130,179,100054,179,100166,179,100043,179,100172,179,100030,179,100214,179,100029,179,100249,100,100001,100,100349,100,99975,100,100366,100,99946,100,100371,100,99932,100,100459,100,99920,100
2019-06-28 09:47:42.403847255,100087,179,100086,179,100130,179,100054,179,100166,179,100043,179,100172,179,100030,179,100214,179,100029,179,100249,100,100001,100,100349,100,99975,100,100351,100,99946,100,100366,100,99932,100,100371,100,99920,100
2019-06-28 09:47:50.000000000,100087,297,100086,297,100130,297,100054,297,100166,100,100043,100,100172,100,100030,100,100214,100,100029,100,100249,100,100001,100,100349,100,99975,100,100351,100,99946,100,100366,100,99932,100,100371,100,99920,100
2019-06-28 09:48:00.000000000,100087,198,100086,198,100130,198,100054,198,100166,198,100043,198,100172,198,100030,198,100214,100,100029,100,100249,100,100001,100,100349,100,99975,100,100351,100,99946,100,100366,100,99932,100,100371,100,99920,100
2019-06-28 09:48:10.000000000,100087,494,100086,494,100130,100,100054,100,100166,100,100043,100,100172,100,100030,100,100214,100,100029,100,100249,100,100001,100,100349,100,99975,100,100351,100,99946,100,100366,100,99932,100,100371,100,99920,100
2019-06-28 09:48:14.640204814,100087,494,100086,494,100130,100,100054,100,100166,100,100043,100,100172,100,100030,100,100214,100,100029,100,100249,100,100001,100,100349,100,99975,100,100351,100,99946,100,100366,100,99932,100,100371,100,99920,100
2019-06-28 09:48:20.000000000,100087,179,100086,179,100130,179,100054,179,100166,179,100043,179,100172,179,100030,179,100214,179,100029,179,100249,100,100001,100,100349,100,99975,100,100351,100,99946,100,100366,100,99932,100,100371,100,99920,100
2019-06-28 09:48:21.559268516,100087,179,100086,179,100130,179,100054,179,100166,179,100048,100,100172,179,100043,179,100214,179,100030,179,100249,100,100029,179,100349,100,100001,100,100351,100,99975,100,100366,100,99946,100,100371,100,99932,100
2019-06-28 09:48:26.517044937,100087,179,100086,179,100130,179,100079,100,100166,179,100054,179,100172,179,100048,100,100214,179,100043,179,100249,100,100030,179,100349,100,100029,179,100351,100,100001,100,100366,100,99975,100,100371,100,99946,100
2019-06-28 09:48:30.000000000,100087,494,100086,494,100130,100,100079,100,100166,100,100054,100,100172,100,100048,100,100214,100,100043,100,100249,100,100030,100,100349,100,100029,100,100351,100,100001,100,100366,100,99975,100,100371,100,99946,100
2019-06-28 09:48:40.000000000,100087,198,100086,198,100130,198,100079,198,100166,198,100054,198,100172,198,100048,198,100214,100,100043,100,100249,100,100030,100,100349,100,100029,100,100351,100,100001,100,100366,100,99975,100,100371,100,99946,100
2019-06-28 09:48:41.171871420,100087,98,100086,198,100130,198,100079,198,100166,198,100054,198,100172,198,100048,198,100214,100,100043,100,100249,100,100030,100,100349,100,100029,100,100351,100,100001,100,100366,100,99975,100,100371,100,99946,100
2019-06-28 09:48:50.000000000,100130,179,100086,179,100166,179,100079,179,100172,179,100054,179,100214,179,100048,179,100249,179,100043,179,100349,100,100030,100,100351,100,100029,100,100366,100,100001,100,100371,100,99975,100,100459,100,99946,100
2019-06-28 09:48:54.331235183,100130,79,100086,179,100166,179,100079,179,100172,179,100054,179,100214,179,100048,179,100249,179,100043,179,100349,100,100030,100,100366,100,100029,100,100371,100,100001,100,100459,100,99975,100,100518,100,99946,100
2019-06-28 09:49:00.000000000,100166,179,100086,179,100172,179,100079,179,100214,179,100054,179,100249,179,100048,179,100349,179,100043,179,100366,100,100030,100,100371,100,100029,100,100459,100,100001,100,100518,100,99975,100,100596,100,99946,100
2019-06-28 09:49:10.000000000,100166,297,100086,297,100172,297,100079,297,100214,100,100054,100,100249,100,100048,100,100349,100,100043,100,100366,100,100030,100,100371,100,100029,100,100459,100,100001,100,100518,100,99975,100,100596,100,99946,100
2019-06-28 09:49:20.000000000,100166,297,100086,297,100172,297,100079,297,100214,100,100054,100,100249,100,100048,100,100349,100,100043,100,100366,100,100030,100,100371,100,100029,100,100459,100,100001,100,100518,100,99975,100,100596,100,99946,100
2019-06-28 09:49:30.000000000,100166,297,100086,297,100172,297,100079,297,100214,100,100054,100,100249,100,100048,100,100349,100,100043,100,100366,100,100030,100,100371,100,100029,100,100459,100,100001,100,100518,100,99975,100,100596,100,99946,100
2019-06-28 09:49:36.205498002,100166,297,100086,197,100172,297,100079,297,100214,100,100054,100,100249,100,100048,100,100349,100,100043,100,100366,100,100030,100,100371,100,100029,100,100459,100,100001,100,100518,100,99975,100,100596,100,99946,100
2019-06-28 09:49:40.000000000,100166,297,100079,297,100172,297,100054,297,100214,100,100048,100,100249,100,100043,100,100349,100,100030,100,100366,100,100029,100,100371,100,100001,100,100459,100,99975,100,100518,100,99946,100,100596,100,99932,100
2019-06-28 09:49:42.916656868,100129,100,100079,297,100166,297,100054,297,100172,297,100048,100,100214,100,100043,100,100249,100,100030,100,100349,100,100029,100,100366,100,100001,100,100371,100,99975,100,100459,100,99946,100,100518,100,99932,100
2019-06-28 09:49:49.117877584,100129,100,100079,297,100166,297,100054,297,100172,297,100048,100,100214,100,100043,100,100249,100,100030,100,100349,100,100029,100,100366,100,100001,100,100371,100,99975,100,100459,100,99967,100,100518,100,99946,100
2019-06-28 09:49:50.000000000,100129,494,100079,494,100166,100,100054,100,100172,100,100048,100,100214,100,100043,100,100249,100,100030,100,100349,100,100029,100,100366,100,100001,100,100371,100,99975,100,100459,100,99967,100,100518,100,99946,100
2019-06-28 09:49:50.453530110,100129,494,100079,394,100166,100,100054,100,100172,100,100048,100,100214,100,100043,100,100249,100,100030,100,100366,100,100029,100,100371,100,100001,100,100459,100,99975,100,100518,100,99967,100,100596,100,99946,100
2019-06-28 09:50:00.000000000,100129,494,100054,494,100166,100,100048,100,100172,100,100043,100,100214,100,100030,100,100249,100,100029,100,100366,100,100001,100,100371,100,99975,100,100459,100,99967,100,100518,100,99946,100,100596,100,99932,100
2019-06-28 09:50:10.000000000,100129,179,100054,179,100166,179,100048,179,100172,179,100043,179,100214,179,100030,179,100249,179,100029,179,100366,100,100001,100,100371,100,99975,100,100459,100,99967,100,100518,100,99946,100,100596,100,99932,100
2019-06-28 09:50:20.000000000,100129,494,100054,494,100166,100,100048,100,100172,100,100043,100,100214,100,100030,100,100249,100,100029,100,100366,100,100001,100,100371,100,99975,100,100459,100,99967,100,100518,100,99946,100,100596,100,99932,100
2019-06-28 09:50:20.046940770,100129,494,100054,494,100166,100,100048,100,100172,100,100043,100,100214,100,100030,100,100249,100,100029,100,100366,100,100001,100,100371,100,99967,100,100459,100,99946,100,100518,100,99932,100,100596,100,99920,100
2019-06-28 09:50:29.092602821,100129,494,100054,494,100166,100,100048,100,100172,100,100043,100,100214,100,100030,100,100249,100,100029,100,100366,100,100001,100,100371,100,99967,100,100459,100,99946,100,100518,100,99932,100,100596,100,99920,100
2019-06-28 09:50:30.000000000,100129,297,100054,297,100166,297,100048,297,100172,100,100043,100,100214,100,100030,100,100249,100,100029,100,100366,100,100001,100,100371,100,99967,100,100459,100,99946,100,100518,100,99932,100,100596,100,99920,100
2019-06-28 09:50:40.000000000,100129,198,100054,198,100166,198,100048,198,100172,198,100043,198,100214,198,100030,198,100249,100,100029,100,100366,100,100001,100,100371,100,99967,100,100459,100,99946,100,100518,100,99932,100,100596,100,99920,100
2019-06-28 09:50:50.000000000,100129,494,100054,494,100166,100,100048,100,100172,100,100043,100,100214,100,100030,100,100249,100,100029,100,100366,100,100001,100,100371,100,99967,100,100459,100,99946,100,100518,100,99932,100,100596,100,99920,100
2019-06-28 09:50:58.563135495,100129,494,100054,394,100166,100,100048,100,100172,100,100043,100,100214,100,100030,100,100249,100,100029,100,100366,100,100001,100,100371,100,99967,100,100459,100,99946,100,100518,100,99932,100,100596,100,99920,100
2019-06-28 09:51:00.000000000,100129,234,100048,234,100166,230,100043,230,100172,230,100030,230,100214,100,100029,100,100249,100,100001,100,100366,100,99967,100,100371,100,99946,100,100459,100,99932,100,100518,100,99920,100,100596,100,99879,100
2019-06-28 09:51:10.000000000,100129,494,100048,494,100166,100,100043,100,100172,100,100030,100,100214,100,100029,100,100249,100,100001,100,100366,100,99967,100,100371,100,99946,100,100459,100,99932,100,100518,100,99920,100,100596,100,99879,100
2019-06-28 09:51:20.000000000,100129,179,100048,179,100166,179,100043,179,100172,179,100030,179,100214,179,100029,179,100249,179,100001,179,100366,100,99967,100,100371,100,99946,100,100459,100,99932,100,100518,100,99920,100,100596,100,99879,100
2019-06-28 09:51:30.000000000,100129,297,100048,297,100166,297,100043,297,100172,100,100030,100,100214,100,100029,100,100249,100,100001,100,100366,100,99967,100,100371,100,99946,100,100459,100,99932,100,100518,100,99920,100,100596,100,99879,100
2019-06-28 09:51:40.000000000,100129,198,100048,198,100166,198,100043,198,100172,198,100030,198,100214,198,100029,198,100249,100,100001,100,100366,100,99967,100,100371,100,99946,100,100459,100,99932,100,100518,100,99920,100,100596,100,99879,100
2019-06-28 09:51:50.000000000,100129,494,100048,494,100166,100,100043,100,100172,100,100030,100,100214,100,100029,100,100249,100,100001,100,100366,100,99967,100,100371,100,99946,100,100459,100,99932,100,100518,100,99920,100,100596,100,99879,100
2019-06-28 09:52:00.000000000,100129,494,100048,494,100166,100,100043,100,100172,100,100030,100,100214,100,100029,100,100249,100,100001,100,100366,100,99967,100,100371,100,99946,100,100459,100,99932,100,100518,100,99920,100,100596,100,99879,100
2019-06-28 09:52:04.608971249,100129,494,100048,394,100166,100,100043,100,100172,100,100030,100,100214,100,100029,100,100249,100,100001,100,100366,100,99967,100,100371,100,99946,100,100459,100,99932,100,100518,100,99920,100,100596,100,99879,100
2019-06-28 09:52:04.990850319,100129,494,100048,294,100166,100,100043,100,100172,100,100030,100,100214,100,100029,100,100249,100,100001,100,100366,100,99967,100,100371,100,99946,100,100459,100,99932,100,100518,100,99920,100,100596,100,99879,100
2019-06-28 09:52:10.000000000,100129,234,100043,234,100166,230,100030,230,100172,230,100029,230,100214,100,100001,100,100249,100,99967,100,100366,100,99946,100,100371,100,99932,100,100459,100,99920,100,100518,100,99879,100,100596,100,99874,100
2019-06-28 09:52:20.000000000,100129,179,100043,179,100166,179,100030,179,100172,179,100029,179,100214,179,100001,179,100249,179,99967,179,100366,100,99946,100,100371,100,99932,100,100459,100,99920,100,100518,100,99879,100,100596,100,99874,100
2019-06-28 09:52:29.982513027,100129,179,100043,79,100166,179,100030,179,100172,179,100029,179,100214,179,100001,179,100249,179,99967,179,100366,100,99946,100,100371,100,99932,100,100459,100,99920,100,100518,100,99879,100,100596,100,99874,100
2019-06-28 09:52:30.000000000,100129,494,100030,494,100166,100,100029,100,100172,100,100001,100,100214,100,99967,100,100249,100,99946,100,100366,100,99932,100,100371,100,99920,100,100459,100,99879,100,100518,100,99874,100,100596,100,99858,100
2019-06-28 09:52:40.000000000,100129,198,100030,198,100166,198,100029,198,100172,198,100001,198,100214,198,99967,198,100249,100,99946,100,100366,100,99932,100,100371,100,99920,100,100459,100,99879,100,100518,100,99874,100,100596,100,99858,100
2019-06-28 09:52:50.000000000,100129,198,100030,198,100166,198,100029,198,100172,198,100001,198,100214,198,99967,198,100249,100,99946,100,100366,100,99932,100,100371,100,99920,100,100459,100,99879,100,100518,100,99874,100,100596,100,99858,100
2019-06-28 09:52:53.060140729,100129,198,100030,198,100166,198,100029,198,100172,198,100001,198,100214,198,99967,198,100249,100,99946,100,100366,100,99932,100,100371,100,99920,100,100459,100,99879,100,100518,100,99874,100,100596,100,99858,100
2019-06-28 09:53:00.000000000,100129,179,100030,179,100166,179,100029,179,100172,179,100001,179,100214,179,99967,179,100249,179,99946,179,100366,100,99932,100,100371,100,99920,100,100459,100,99879,100,100518,100,99874,100,100596,100,99858,100
2019-06-28 09:53:10.000000000,100129,297,100030,297,100166,297,100029,297,100172,100,100001,100,100214,100,99967,100,100249,100,99946,100,100366,100,99932,100,100371,100,99920,100,100459,100,99879,100,100518,100,99874,100,100596,100,99858,100
2019-06-28 09:53:20.000000000,100129,297,100030,297,100166,297,100029,297,100172,100,100001,100,100214,100,99967,100,100249,100,99946,100,100366,100,99932,100,100371,100,99920,100,100459,100,99879,100,100518,100,99874,100,100596,100,99858,100
2019-06-28 09:53:30.000000000,100129,198,100030,198,100166,198,100029,198,100172,198,100001,198,100214,198,99967,198,100249,100,99946,100,100366,100,99932,100,100371,100,99920,100,100459,100,99879,100,100518,100,99874,100,100596,100,99858,100
2019-06-28 09:53:40.000000000,100129,297,100030,297,100166,297,100029,297,100172,100,100001,100,100214,100,99967,100,100249,100,99946,100,100366,100,99932,100,100371,100,99920,100,100459,100,99879,100,100518,100,99874,100,100596,100,99858,100
2019-06-28 09:53:41.634112715,100129,297,100030,297,100166,297,100029,197,100172,100,100001,100,100214,100,99967,100,100249,100,99946,100,100366,100,99932,100,100371,100,99920,100,100459,100,99879,100,100518,100,99874,100,100596,100,99858,100
2019-06-28 09:53:50.000000000,100129,234,100030,234,100166,230,100001,230,100172,230,99967,230,100214,100,99946,100,100249,100,99932,100,100366,100,99920,100,100371,100,99879,100,100459,100,99874,100,100518,100,99858,100,100596,100,99844,100
2019-06-28 09:54:00.000000000,100129,494,100030,494,100166,100,100001,100,100172,100,99967,100,100214,100,99946,100,100249,100,99932,100,100366,100,99920,100,100371,100,99879,100,100459,100,99874,100,100518,100,99858,100,100596,100,99844,100
2019-06-28 09:54:10.000000000,100129,198,100030,198,100166,198,100001,198,100172,198,99967,198,100214,198,99946,198,100249,100,99932,100,100366,100,99920,100,100371,100,99879,100,100459,100,99874,100,100518,100,99858,100,100596,100,99844,100
2019-06-28 09:54:20.000000000,100129,234,100030,234,100166,230,100001,230,100172,230,99967,230,100214,100,99946,100,100249,100,99932,100,100366,100,99920,100,100371,100,99879,100,100459,100,99874,100,100518,100,99858,100,100596,100,99844,100
2019-06-28 09:54:30.000000000,100129,179,100030,179,100166,179,100001,179,100172,179,99967,179,100214,179,99946,179,100249,179,99932,179,100366,100,99920,100,100371,100,99879,100,100459,100,99874,100,100518,100,99858,100,100596,100,99844,100
2019-06-28 09:54:33.633137772,100129,179,100030,179,100166,179,100001,179,100172,179,99967,179,100214,179,99966,100,100249,179,99946,179,100366,100,99932,179,100371,100,99920,100,100459,100,99879,100,100518,100,99874,100,100596,100,99858,100
2019-06-28 09:54:40.000000000,100129,234,100030,234,100166,230,100001,230,100172,230,99967,230,100214,100,99966,100,100249,100,99946,100,100366,100,99932,100,100371,100,99920,100,100459,100,99879,100,100518,100,99874,100,100596,100,99858,100
2019-06-28 09:54:50.000000000,100129,179,100030,179,100166,179,100001,179,100172,179,99967,179,100214,179,99966,179,100249,179,99946,179,100366,100,99932,100,100371,100,99920,100,100459,100,99879,100,100518,100,99874,100,100596,100,99858,100
2019-06-28 09:55:00.000000000,100129,297,100030,297,100166,297,100001,297,100172,100,99967,100,100214,100,99966,100,100249,100,99946,100,100366,100,99932,100,100371,100,99920,100,100459,100,99879,100,100518,100,99874,100,100596,100,99858,100
2019-06-28 09:55:10.000000000,100129,179,100030,179,100166,179,100001,179,100172,179,99967,179,100214,179,99966,179,100249,179,99946,179,100366,100,99932,100,100371,100,99920,100,100459,100,99879,100,100518,100,99874,100,100596,100,99858,100
2019-06-28 09:55:20.000000000,100129,179,100030,179,100166,179,100001,179,100172,179,99967,179,100214,179,99966,179,100249,179,99946,179,100366,100,99932,100,100371,100,99920,100,100459,100,99879,100,100518,100,99874,100,100596,100,99858,100
2019-06-28 09:55:21.884984035,100129,179,100030,179,100166,179,100001,179,100172,179,99967,179,100214,179,99966,179,100249,179,99946,179,100251,100,99932,100,100366,100,99920,100,100371,100,99879,100,100459,100,99874,100,100518,100,99858,100
2019-06-28 09:55:25.106270511,100129,179,100044,100,100166,179,100030,179,100172,179,100001,179,100214,179,99967,179,100249,179,99966,179,100251,100,99946,179,100366,100,99932,100,100371,100,99920,100,100459,100,99879,100,100518,100,99874,100
2019-06-28 09:55:30.000000000,100129,198,100044,198,100166,198,100030,198,100172,198,100001,198,100214,198,99967,198,100249,100,99966,100,100251,100,99946,100,100366,100,99932,100,100371,100,99920,100,100459,100,99879,100,100518,100,99874,100
2019-06-28 09:55:40.000000000,100129,234,100044,234,100166,230,100030,230,100172,230,100001,230,100214,100,99967,100,100249,100,99966,100,100251,100,99946,100,100366,100,99932,100,100371,100,99920,100,100459,100,99879,100,100518,100,99874,100
2019-06-28 09:55:50.000000000,100129,297,100044,297,100166,297,100030,297,100172,100,100001,100,100214,100,99967,100,100249,100,99966,100,100251,100,99946,100,100366,100,99932,100,100371,100,99920,100,100459,100,99879,100,100518,100,99874,100
2019-06-28 09:56:00.000000000,100129,198,100044,198,100166,198,100030,198,100172,198,100001,198,100214,198,99967,198,100249,100,99966,100,100251,100,99946,100,100366,100,99932,100,100371,100,99920,100,100459,100,99879,100,100518,100,99874,100
2019-06-28 09:56:06.086210425,100048,100,100044,198,100129,198,100030,198,100166,198,100001,198,100172,198,99967,198,100214,198,99966,100,100249,100,99946,100,100251,100,99932,100,100366,100,99920,100,100371,100,99879,100,100459,100,99874,100
2019-06-28 09:56:07.808934570,100048,100,100044,198,100129,198,100030,198,100166,198,100001,98,100172,198,99967,198,100214,198,99966,100,100249,100,99946,100,100251,100,99932,100,100366,100,99920,100,100371,100,99879,100,100459,100,99874,100
2019-06-28 09:56:10.000000000,100048,234,100044,234,100129,230,100030,230,100166,230,99967,230,100172,100,99966,100,100214,100,99946,100,100249,100,99932,100,100251,100,99920,100,100366,100,99879,100,100371,100,99874,100,100459,100,99858,100
2019-06-28 09:56:20.000000000,100048,494,100044,494,100129,100,100030,100,100166,100,99967,100,100172,100,99966,100,100214,100,99946,100,100249,100,99932,100,100251,100,99920,100,100366,100,99879,100,100371,100,99874,100,100459,100,99858,100
2019-06-28 09:56:30.000000000,100048,198,100044,198,100129,198,100030,198,100166,198,99967,198,100172,198,99966,198,100214,100,99946,100,100249,100,99932,100,100251,100,99920,100,100366,100,99879,100,100371,100,99874,100,100459,100,99858,100
2019-06-28 09:56:40.000000000,100048,234,100044,234,100129,230,100030,230,100166,230,99967,230,100172,100,99966,100,100214,100,99946,100,100249,100,99932,100,100251,100,99920,100,100366,100,99879,100,100371,100,99874,100,100459,100,99858,100
2019-06-28 09:56:50.000000000,100048,179,100044,179,100129,179,100030,179,100166,179,99967,179,100172,179,99966,179,100214,179,99946,179,100249,100,99932,100,100251,100,99920,100,100366,100,99879,100,100371,100,99874,100,100459,100,99858,100
2019-06-28 09:57:00.000000000,100048,494,100044,494,100129,100,100030,100,100166,100,99967,100,100172,100,99966,100,100214,100,99946,100,100249,100,99932,100,100251,100,99920,100,100366,100,99879,100,100371,100,99874,100,100459,100,99858,100
2019-06-28 09:57:00.874014187,100048,494,100044,494,100129,100,100030,100,100166,100,99967,100,100172,100,99966,100,100214,100,99946,100,100249,100,99932,100,100251,100,99920,100,100366,100,99879,100,100371,100,99874,100,100459,100,99858,100
2019-06-28 09:57:01.934067651,100048,494,100044,494,100129,100,100030,100,100166,100,99967,100,100172,100,99946,100,100214,100,99932,100,100249,100,99920,100,100251,100,99879,100,100366,100,99874,100,100371,100,99858,100,100459,100,99844,100
2019-06-28 09:57:10.000000000,100048,234,100044,234,100129,230,100030,230,100166,230,99967,230,100172,100,99946,100,100214,100,99932,100,100249,100,99920,100,100251,100,99879,100,100366,100,99874,100,100371,100,99858,100,100459,100,99844,100
2019-06-28 09:57:14.331328186,100048,334,100044,234,100129,230,100030,230,100166,230,99967,230,100172,100,99946,100,100214,100,99932,100,100249,100,99920,100,100251,100,99879,100,100366,100,99874,100,100371,100,99858,100,100459,100,99844,100
2019-06-28 09:57:20.000000000,100048,594,100044,494,100129,100,100030,100,100166,100,99967,100,100172,100,99946,100,100214,100,99932,100,100249,100,99920,100,100251,100,99879,100,100366,100,99874,100,100371,100,99858,100,100459,100,99844,100
2019-06-28 09:57:20.955611267,100048,594,100044,494,100129,100,100030,100,100166,100,99967,100,100172,100,99946,100,100214,100,99932,100,100249,100,99920,100,100251,100,99874,100,100366,100,99858,100,100371,100,99844,100,100459,100,99816,100
2019-06-28 09:57:30.000000000,100048,279,100044,179,100129,179,100030,179,100166,179,99967,179,100172,179,99946,179,100214,179,99932,179,100249,100,99920,100,100251,100,99874,100,100366,100,99858,100,100371,100,99844,100,100459,100,99816,100
2019-06-28 09:57:40.000000000,100048,397,100044,297,100129,297,100030,297,100166,100,99967,100,100172,100,99946,100,100214,100,99932,100,100249,100,99920,100,100251,100,99874,100,100366,100,99858,100,100371,100,99844,100,100459,100,99816,100
2019-06-28 09:57:50.000000000,100048,298,100044,198,100129,198,100030,198,100166,198,99967,198,100172,198,99946,198,100214,100,99932,100,100249,100,99920,100,100251,100,99874,100,100366,100,99858,100,100371,100,99844,100,100459,100,99816,100
2019-06-28 09:58:00.000000000,100048,594,100044,494,100129,100,100030,100,100166,100,99967,100,100172,100,99946,100,100214,100,99932,100,100249,100,99920,100,100251,100,99874,100,100366,100,99858,100,100371,100,99844,100,100459,100,99816,100
2019-06-28 09:58:04.315341055,100048,694,100044,494,100129,100,100030,100,100166,100,99967,100,100172,100,99946,100,100214,100,99932,100,100249,100,99920,100,100251,100,99874,100,100366,100,99858,100,100371,100,99844,100,100459,100,99816,100
2019-06-28 09:58:10.000000000,100048,434,100044,234,100129,230,100030,230,100166,230,99967,230,100172,100,99946,100,100214,100,99932,100,100249,100,99920,100,100251,100,99874,100,100366,100,99858,100,100371,100,99844,100,100459,100,99816,100
2019-06-28 09:58:20.000000000,100048,398,100044,198,100129,198,100030,198,100166,198,99967,198,100172,198,99946,198,100214,100,99932,100,100249,100,99920,100,100251,100,99874,100,100366,100,99858,100,100371,100,99844,100,100459,100,99816,100
2019-06-28 09:58:25.820412770,100048,398,100044,98,100129,198,100030,198,100166,198,99967,198,100172,198,99946,198,100214,100,99932,100,100249,100,99920,100,100251,100,99874,100,100366,100,99858,100,100371,100,99844,100,100459,100,99816,100
2019-06-28 09:58:28.264565043,100044,2,100030,198,100048,398,99967,198,100129,198,99946,198,100166,198,99932,100,100172,198,99874,100,100214,100,99858,100,100249,100,99844,100,100251,100,99816,100,100366,100,99733,100,100371,100,99652,100
2019-06-28 09:58:30.000000000,100044,100,100030,198,100048,398,99967,198,100129,198,99946,198,100166,198,99932,198,100172,100,99874,100,100214,100,99858,100,100249,100,99844,100,100251,100,99816,100,100366,100,99733,100,100371,100,99652,100
2019-06-28 09:58:40.000000000,100044,81,100030,179,100048,379,99967,179,100129,179,99946,179,100166,179,99932,179,100172,179,99874,179,100214,100,99858,100,100249,100,99844,100,100251,100,99816,100,100366,100,99733,100,100371,100,99652,100
2019-06-28 09:58:50.000000000,100044,396,100030,494,100048,300,99967,100,100129,100,99946,100,100166,100,99932,100,100172,100,99874,100,100214,100,99858,100,100249,100,99844,100,100251,100,99816,100,100366,100,99733,100,100371,100,99652,100
2019-06-28 09:59:00.000000000,100044,136,100030,234,100048,430,99967,230,100129,230,99946,230,100166,100,99932,100,100172,100,99874,100,100214,100,99858,100,100249,100,99844,100,100251,100,99816,100,100366,100,99733,100,100371,100,99652,100
2019-06-28 09:59:10.000000000,100044,81,100030,179,100048,379,99967,179,100129,179,99946,179,100166,179,99932,179,100172,179,99874,179,100214,100,99858,100,100249,100,99844,100,100251,100,99816,100,100366,100,99733,100,100371,100,99652,100
2019-06-28 09:59:12.454547959,100044,81,100030,79,100048,379,99967,179,100129,179,99946,179,100166,179,99932,179,100172,179,99874,179,100214,100,99858,100,100249,100,99844,100,100251,100,99816,100,100371,100,99733,100,100459,100,99652,100
2019-06-28 09:59:20.000000000,100044,396,99967,494,100048,300,99946,100,100129,100,99932,100,100166,100,99874,100,100172,100,99858,100,100214,100,99844,100,100249,100,99816,100,100251,100,99733,100,100371,100,99652,100,100459,100,99538,100
2019-06-28 09:59:30.000000000,100044,136,99967,234,100048,430,99946,230,100129,230,99932,230,100166,100,99874,100,100172,100,99858,100,100214,100,99844,100,100249,100,99816,100,100251,100,99733,100,100371,100,99652,100,100459,100,99538,100
2019-06-28 09:59:40.000000000,100044,396,99967,494,100048,300,99946,100,100129,100,99932,100,100166,100,99874,100,100172,100,99858,100,100214,100,99844,100,100249,100,99816,100,100251,100,99733,100,100371,100,99652,100,100459,100,99538,100
2019-06-28 09:59:42.709631562,100013,100,99967,494,100044,396,99946,100,100048,300,99932,100,100129,100,99874,100,100166,100,99858,100,100172,100,99844,100,100214,100,99816,100,100249,100,99733,100,100251,100,99652,100,100371,100,99538,100
2019-06-28 09:59:50.000000000,100013,179,99967,179,100044,81,99946,179,100048,379,99932,179,100129,179,99874,179,100166,179,99858,179,100172,100,99844,100,100214,100,99816,100,100249,100,99733,100,100251,100,99652,100,100371,100,99538,100
2019-06-28 10:00:00.000000000,100013,494,99967,494,100044,2,99946,100,100048,300,99932,100,100129,100,99874,100,100166,100,99858,100,100172,100,99844,100,100214,100,99816,100,100249,100,99733,100,100251,100,99652,100,100371,100,99538,100
2019-06-28 10:00:09.002379824,100013,494,99967,394,100044,2,99946,100,100048,300,99932,100,100129,100,99874,100,100166,100,99858,100,100172,100,99844,100,100249,100,99816,100,100251,100,99733,100,100371,100,99652,100,100459,100,99538,100
2019-06-28 10:00:10.000000000,100013,494,99946,494,100044,2,99932,100,100048,300,99874,100,100129,100,99858,100,100166,100,99844,100,100172,100,99816,100,100249,100,99733,100,100251,100,99652,100,100371,100,99538,100,100459,100,99439,100
2019-06-28 10:00:12.532324902,100013,494,99946,394,100044,2,99874,100,100048,300,99858,100,100129,100,99844,100,100166,100,99816,100,100172,100,99733,100,100249,100,99652,100,100251,100,99538,100,100371,100,99439,100,100459,100,99382,100
2019-06-28 10:00:17.678092284,100013,494,99946,394,100044,2,99874,100,100048,300,99858,100,100129,100,99844,100,100166,100,99816,100,100172,100,99733,100,100249,100,99652,100,100251,100,99624,100,100371,100,99538,100,100459,100,99439,100
2019-06-28 10:00:20.000000000,100013,179,99874,179,100044,81,99858,179,100048,379,99844,179,100129,179,99816,179,100166,179,99733,179,100172,100,99652,100,100249,100,99624,100,100251,100,99538,100,100371,100,99439,100,100459,100,99382,100
2019-06-28 10:00:30.000000000,100013,198,99874,198,100044,100,99858,198,100048,398,99844,198,100129,198,99816,198,100166,100,99733,100,100172,100,99652,100,100249,100,99624,100,100251,100,99538,100,100371,100,99439,100,100459,100,99382,100
2019-06-28 10:00:35.377905310,99967,100,99874,198,100013,198,99858,198,100044,100,99844,198,100048,398,99816,198,100129,198,99733,100,100166,100,99652,100,100172,100,99624,100,100249,100,99538,100,100251,100,99439,100,100371,100,99382,100
2019-06-28 10:00:40.000000000,99967,494,99874,494,100013,100,99858,100,100044,2,99844,100,100048,300,99816,100,100129,100,99733,100,100166,100,99652,100,100172,100,99624,100,100249,100,99538,100,100251,100,99439,100,100371,100,99382,100
2019-06-28 10:00:41.529966634,99967,594,99874,494,100013,100,99858,100,100044,2,99844,100,100048,300,99816,100,100129,100,99733,100,100166,100,99652,100,100172,100,99624,100,100249,100,99538,100,100251,100,99439,100,100371,100,99382,100
2019-06-28 10:00:49.142377644,99967,694,99874,494,100013,100,99858,100,100044,2,99844,100,100048,300,99816,100,100129,100,99733,100,100166,100,99652,100,100172,100,99624,100,100249,100,99538,100,100251,100,99439,100,100371,100,99382,100
2019-06-28 10:00:50.000000000,99967,379,99874,179,100013,179,99858,179,100044,81,99844,179,100048,379,99816,179,100129,179,99733,179,100166,100,99652,100,100172,100,99624,100,100249,100,99538,100,100251,100,99439,100,100371,100,99382,100
2019-06-28 10:00:51.795208048,99967,379,99874,79,100013,179,99858,179,100044,81,99844,179,100048,379,99816,179,100129,179,99733,179,100166,100,99652,100,100172,100,99624,100,100249,100,99538,100,100251,100,99382,100,100371,100,99371,100
2019-06-28 10:00:52.985786917,99901,100,99874,79,99967,379,99858,179,100013,179,99844,179,100044,81,99816,179,100048,379,99733,179,100129,179,99652,100,100166,100,99624,100,100172,100,99538,100,100249,100,99382,100,100251,100,99371,100
2019-06-28 10:01:00.000000000,99901,179,99858,179,99967,379,99844,179,100013,179,99816,179,100044,81,99733,179,100048,379,99652,179,100129,100,99624,100,100166,100,99538,100,100172,100,99382,100,100249,100,99371,100,100251,100,,
2019-06-28 10:01:10.000000000,99901,198,99858,198,99967,398,99844,198,100013,198,99816,198,100044,100,99733,198,100048,300,99652,100,100129,100,99624,100,100166,100,99538,100,100172,100,99382,100,100249,100,99371,100,100251,100,,
2019-06-28 10:01:13.328184464,99901,198,99858,198,99967,398,99844,198,100013,198,99838,100,100044,100,99816,198,100048,300,99733,198,100129,100,99652,100,100166,100,99624,100,100172,100,99538,100,100249,100,99382,100,100251,100,99371,100
2019-06-28 10:01:15.636913593,99901,198,99858,98,99967,398,99844,198,100013,198,99838,100,100044,100,99816,198,100048,300,99733,198,100129,100,99652,100,100166,100,99624,100,100172,100,99538,100,100249,100,99382,100,100251,100,,
2019-06-28 10:01:20.000000000,99901,179,99844,179,99967,379,99838,179,100013,179,99816,179,100044,81,99733,179,100048,379,99652,179,100129,100,99624,100,100166,100,99538,100,100172,100,99382,100,100249,100,,,100251,100,,
2019-06-28 10:01:24.582064669,99901,179,99844,179,99967,379,99838,179,100013,179,99816,179,100044,81,99801,100,100048,379,99733,179,100129,100,99652,179,100166,100,99624,100,100172,100,99538,100,100249,100,99382,100,100251,100,,
2019-06-28 10:01:29.302256522,99901,179,99875,100,99967,379,99844,179,100013,179,99838,179,100044,81,99816,179,100048,279,99801,100,100129,100,99733,179,100166,100,99652,179,100172,100,99624,100,100249,100,99538,100,100251,100,99382,100
2019-06-28 10:01:30.000000000,99901,234,99875,234,99967,430,99844,230,100013,230,99838,230,100044,2,99816,100,100048,200,99801,100,100129,100,99733,100,100166,100,99652,100,100172,100,99624,100,100249,100,99538,100,100251,100,99382,100
2019-06-28 10:01:40.000000000,99901,297,99875,297,99967,497,99844,297,100013,100,99838,100,100044,2,99816,100,100048,200,99801,100,100129,100,99733,100,100166,100,99652,100,100172,100,99624,100,100249,100,99538,100,100251,100,99382,100
2019-06-28 10:01:43.693594917,99901,297,99875,97,99967,497,99844,297,100013,100,99838,100,100044,2,99816,100,100048,200,99801,100,100129,100,99733,100,100166,100,99652,100,100172,100,99624,100,100249,100,99538,100,100251,100,99382,100
2019-06-28 10:01:43.826217830,99901,297,99875,97,99967,497,99844,297,100013,100,99838,100,100044,2,99816,100,100048,200,99801,100,100129,100,99773,100,100166,100,99733,100,100249,100,99652,100,100251,100,99624,100,100371,100,99538,100
2019-06-28 10:01:46.802475579,99901,197,99875,97,99967,497,99844,297,100013,100,99838,100,100044,2,99816,100,100048,200,99801,100,100129,100,99773,100,100166,100,99733,100,100249,100,99652,100,100251,100,99624,100,100371,100,99538,100
2019-06-28 10:01:50.000000000,99967,379,99844,179,100013,179,99838,179,100044,81,99816,179,100048,279,99801,179,100129,179,99773,179,100166,100,99733,100,100249,100,99652,100,100251,100,99624,100,100371,100,99538,100,100459,100,99382,100
2019-06-28 10:01:56.411195492,99967,379,99876,100,100013,179,99844,179,100044,81,99838,179,100048,279,99816,179,100129,179,99801,179,100166,100,99773,179,100249,100,99733,100,100251,100,99652,100,100371,100,99624,100,100459,100,99538,100
2019-06-28 10:02:00.000000000,99967,497,99876,297,100013,297,99844,297,100044,2,99838,100,100048,200,99816,100,100129,100,99801,100,100166,100,99773,100,100249,100,99733,100,100251,100,99652,100,100371,100,99624,100,100459,100,99538,100
2019-06-28 10:02:10.000000000,99967,434,99876,234,100013,230,99844,230,100044,132,99838,230,100048,200,99816,100,100129,100,99801,100,100166,100,99773,100,100249,100,99733,100,100251,100,99652,100,100371,100,99624,100,100459,100,99538,100
2019-06-28 10:02:16.788113504,99967,434,99876,234,100013,230,99844,230,100044,132,99838,230,100048,200,99816,100,100088,100,99801,100,100129,100,99773,100,100166,100,99733,100,100249,100,99652,100,100251,100,99624,100,100371,100,99538,100
2019-06-28 10:02:20.000000000,99967,434,99876,234,100013,230,99844,230,100044,132,99838,230,100048,200,99816,100,100088,100,99801,100,100129,100,99773,100,100166,100,99733,100,100249,100,99652,100,100251,100,99624,100,100371,100,99538,100
2019-06-28 10:02:30.000000000,99967,694,99876,494,100013,100,99844,100,100044,2,99838,100,100048,200,99816,100,100088,100,99801,100,100129,100,99773,100,100166,100,99733,100,100249,100,99652,100,100251,100,99624,100,100371,100,99538,100
2019-06-28 10:02:39.315598210,99967,694,99876,494,100013,100,99844,100,100044,2,99838,100,100048,200,99816,100,100088,100,99801,100,100129,100,99733,100,100166,100,99652,100,100249,100,99624,100,100251,100,99538,100,100254,100,99382,100
2019-06-28 10:02:40.000000000,99967,694,99876,494,100013,100,99844,100,100044,2,99838,100,100048,200,99816,100,100088,100,99801,100,100129,100,99733,100,100166,100,99652,100,100249,100,99624,100,100251,100,99538,100,100254,100,99382,100
2019-06-28 10:02:50.000000000,99967,434,99876,234,100013,230,99844,230,100044,132,99838,230,100048,200,99816,100,100088,100,99801,100,100129,100,99733,100,100166,100,99652,100,100249,100,99624,100,100251,100,99538,100,100254,100,99382,100
2019-06-28 10:03:00.000000000,99967,398,99876,198,100013,198,99844,198,100044,100,99838,198,100048,298,99816,198,100088,100,99801,100,100129,100,99733,100,100166,100,99652,100,100249,100,99624,100,100251,100,99538,100,100254,100,99382,100
2019-06-28 10:03:10.000000000,99967,379,99876,179,100013,179,99844,179,100044,81,99838,179,100048,279,99816,179,100088,179,99801,179,100129,100,99733,100,100166,100,99652,100,100249,100,99624,100,100251,100,99538,100,100254,100,99382,100
2019-06-28 10:03:20.000000000,99967,398,99876,198,100013,198,99844,198,100044,100,99838,198,100048,298,99816,198,100088,100,99801,100,100129,100,99733,100,100166,100,99652,100,100249,100,99624,100,100251,100,99538,100,100254,100,99382,100
2019-06-28 10:03:24.813577649,99967,298,99876,198,100013,198,99844,198,100044,100,99838,198,100048,298,99816,198,100088,100,99801,100,100129,100,99733,100,100166,100,99652,100,100249,100,99624,100,100251,100,99538,100,100254,100,99382,100
2019-06-28 10:03:30.000000000,99967,334,99876,234,100013,230,99844,230,100044,132,99838,230,100048,200,99816,100,100088,100,99801,100,100129,100,99733,100,100166,100,99652,100,100249,100,99624,100,100251,100,99538,100,100254,100,99382,100
2019-06-28 10:03:40.000000000,99967,594,99876,494,100013,100,99844,100,100044,2,99838,100,100048,200,99816,100,100088,100,99801,100,100129,100,99733,100,100166,100,99652,100,100249,100,99624,100,100251,100,99538,100,100254,100,99382,100
2019-06-28 10:03:42.434837691,99967,494,99876,494,100013,100,99844,100,100044,2,99838,100,100048,200,99816,100,100088,100,99801,100,100129,100,99733,100,100166,100,99652,100,100249,100,99624,100,100251,100,99538,100,100254,100,99382,100
2019-06-28 10:03:50.000000000,99967,297,99876,297,100013,297,99844,297,100044,2,99838,100,100048,200,99816,100,100088,100,99801,100,100129,100,99733,100,100166,100,99652,100,100249,100,99624,100,100251,100,99538,100,100254,100,99382,100
2019-06-28 10:03:52.811919856,99967,197,99876,297,100013,297,99844,297,100044,2,99838,100,100048,200,99816,100,100088,100,99801,100,100129,100,99733,100,100166,100,99652,100,100249,100,99624,100,100251,100,99538,100,100254,100,99382,100
2019-06-28 10:03:54.811048704,99967,197,99876,297,100013,297,99844,297,100044,2,99838,100,100048,200,99816,100,100088,100,99801,100,100129,100,99733,100,100166,100,99652,100,100191,100,99624,100,100249,100,99538,100,100251,100,99382,100
2019-06-28 10:04:00.000000000,100013,297,99876,297,100044,199,99844,297,100048,200,99838,100,100088,100,99816,100,100129,100,99801,100,100166,100,99733,100,100191,100,99652,100,100249,100,99624,100,100251,100,99538,100,100254,100,99382,100
2019-06-28 10:04:10.000000000,100013,494,99876,494,100044,2,99844,100,100048,200,99838,100,100088,100,99816,100,100129,100,99801,100,100166,100,99733,100,100191,100,99652,100,100249,100,99624,100,100251,100,99538,100,100254,100,99382,100
2019-06-28 10:04:20.000000000,100013,198,99876,198,100044,100,99844,198,100048,298,99838,198,100088,198,99816,198,100129,100,99801,100,100166,100,99733,100,100191,100,99652,100,100249,100,99624,100,100251,100,99538,100,100254,100,99382,100
2019-06-28 10:04:20.235358214,100013,198,99876,198,100044,100,99844,198,100048,298,99838,198,100088,198,99816,198,100129,100,99801,100,100166,100,99733,100,100191,100,99652,100,100226,100,99624,100,100249,100,99538,100,100251,100,99382,100
2019-06-28 10:04:24.643945993,100013,98,99876,198,100044,100,99844,198,100048,298,99838,198,100088,198,99816,198,100129,100,99801,100,100166,100,99733,100,100191,100,99652,100,100226,100,99624,100,100249,100,99538,100,100251,100,99382,100
2019-06-28 10:04:29.194735924,100013,98,99876,198,100044,100,99844,198,100048,298,99838,198,100088,198,99816,198,100129,100,99801,100,100166,100,99733,100,100191,100,99652,100,100226,100,99624,100,100249,100,99538,100,100251,100,99382,100
2019-06-28 10:04:30.000000000,100044,136,99876,234,100048,330,99844,230,100088,230,99838,230,100129,100,99816,100,100166,100,99801,100,100191,100,99733,100,100226,100,99652,100,100249,100,99624,100,100251,100,99538,100,100323,100,99382,100
2019-06-28 10:04:34.727225258,100044,136,99967,100,100048,330,99876,234,100088,230,99844,230,100129,100,99838,230,100166,100,99816,100,100191,100,99801,100,100226,100,99733,100,100249,100,99652,100,100251,100,99624,100,100323,100,99538,100
2019-06-28 10:04:40.000000000,100044,199,99967,297,100048,397,99876,297,100088,100,99844,100,100129,100,99838,100,100166,100,99816,100,100191,100,99801,100,100226,100,99733,100,100249,100,99652,100,100251,100,99624,100,100323,100,99538,100
2019-06-28 10:04:50.000000000,100044,396,99967,494,100048,200,99876,100,100088,100,99844,100,100129,100,99838,100,100166,100,99816,100,100191,100,99801,100,100226,100,99733,100,100249,100,99652,100,100251,100,99624,100,100323,100,99538,100
2019-06-28 10:05:00.000000000,100044,396,99967,494,100048,200,99876,100,100088,100,99844,100,100129,100,99838,100,100166,100,99816,100,100191,100,99801,100,100226,100,99733,100,100249,100,99652,100,100251,100,99624,100,100323,100,99538,100
2019-06-28 10:05:09.440466591,100044,396,99967,494,100048,200,99876,100,100088,100,99844,100,100129,100,99838,100,100166,100,99816,100,100176,100,99801,100,100191,100,99733,100,100226,100,99652,100,100249,100,99624,100,100251,100,99538,100
2019-06-28 10:05:10.000000000,100044,136,99967,234,100048,330,99876,230,100088,230,99844,230,100129,100,99838,100,100166,100,99816,100,100176,100,99801,100,100191,100,99733,100,100226,100,99652,100,100249,100,99624,100,100251,100,99538,100
2019-06-28 10:05:20.000000000,100044,136,99967,234,100048,330,99876,230,100088,230,99844,230,100129,100,99838,100,100166,100,99816,100,100176,100,99801,100,100191,100,99733,100,100226,100,99652,100,100249,100,99624,100,100251,100,99538,100
2019-06-28 10:05:30.000000000,100044,100,99967,198,100048,298,99876,198,100088,198,99844,198,100129,198,99838,198,100166,100,99816,100,100176,100,99801,100,100191,100,99733,100,100226,100,99652,100,100249,100,99624,100,100251,100,99538,100
2019-06-28 10:05:30.655461508,100044,100,99967,198,100048,298,99876,198,100088,198,99844,198,100129,198,99838,198,100166,100,99816,100,100170,100,99801,100,100176,100,99733,100,100191,100,99652,100,100226,100,99624,100,100249,100,99538,100
2019-06-28 10:05:40.000000000,100044,199,99967,297,100048,397,99876,297,100088,100,99844,100,100129,100,99838,100,100166,100,99816,100,100170,100,99801,100,100176,100,99733,100,100191,100,99652,100,100226,100,99624,100,100249,100,99538,100
2019-06-28 10:05:50.000000000,100044,81,99967,179,100048,279,99876,179,100088,179,99844,179,100129,179,99838,179,100166,179,99816,179,100170,100,99801,100,100176,100,99733,100,100191,100,99652,100,100226,100,99624,100,100249,100,99538,100
2019-06-28 10:06:00.000000000,100044,396,99967,494,100048,200,99876,100,100088,100,99844,100,100129,100,99838,100,100166,100,99816,100,100170,100,99801,100,100176,100,99733,100,100191,100,99652,100,100226,100,99624,100,100249,100,99538,100
2019-06-28 10:06:03.186944585,100044,396,99967,494,100048,200,99915,100,100088,100,99876,100,100129,100,99844,100,100166,100,99838,100,100170,100,99816,100,100176,100,99801,100,100191,100,99733,100,100226,100,99652,100,100249,100,99624,100
2019-06-28 10:06:10.000000000,100044,81,99967,179,100048,279,99915,179,100088,179,99876,179,100129,179,99844,179,100166,179,99838,179,100170,100,99816,100,100176,100,99801,100,100191,100,99733,100,100226,100,99652,100,100249,100,99624,100
2019-06-28 10:06:20.000000000,100044,81,99967,179,100048,279,99915,179,100088,179,99876,179,100129,179,99844,179,100166,179,99838,179,100170,100,99816,100,100176,100,99801,100,100191,100,99733,100,100226,100,99652,100,100249,100,99624,100
2019-06-28 10:06:23.033116102,100044,81,99967,179,100048,279,99915,179,100088,179,99876,179,100129,179,99844,179,100166,179,99838,179,100170,100,99816,100,100176,100,99801,100,100191,100,99733,100,100226,100,99652,100,100249,100,99624,100
2019-06-28 10:06:30.000000000,100044,199,99967,297,100048,397,99915,297,100088,100,99876,100,100129,100,99844,100,100166,100,99838,100,100170,100,99816,100,100176,100,99801,100,100191,100,99733,100,100226,100,99652,100,100249,100,99624,100
2019-06-28 10:06:37.044637086,100044,199,99967,297,100048,397,99945,100,100088,100,99915,297,100129,100,99876,100,100166,100,99838,100,100170,100,99816,100,100176,100,99801,100,100191,100,99733,100,100226,100,99652,100,100249,100,99624,100
2019-06-28 10:06:38.527332129,100044,199,99967,197,100048,397,99915,297,100088,100,99876,100,100129,100,99838,100,100166,100,99816,100,100170,100,99801,100,100176,100,99733,100,100191,100,99652,100,100226,100,99624,100,100249,100,99538,100
2019-06-28 10:06:40.000000000,100044,81,99915,179,100048,279,99876,179,100088,179,99838,179,100129,179,99816,179,100166,179,99801,179,100170,100,99733,100,100176,100,99652,100,100191,100,99624,100,100226,100,99538,100,100249,100,99382,100
2019-06-28 10:06:50.000000000,100044,199,99915,297,100048,397,99876,297,100088,100,99838,100,100129,100,99816,100,100166,100,99801,100,100170,100,99733,100,100176,100,99652,100,100191,100,99624,100,100226,100,99538,100,100249,100,99382,100
2019-06-28 10:07:00.000000000,100044,100,99915,198,100048,298,99876,198,100088,198,99838,198,100129,198,99816,198,100166,100,99801,100,100170,100,99733,100,100176,100,99652,100,100191,100,99624,100,100226,100,99538,100,100249,100,99382,100
2019-06-28 10:07:10.000000000,100044,136,99915,234,100048,330,99876,230,100088,230,99838,230,100129,100,99816,100,100166,100,99801,100,100170,100,99733,100,100176,100,99652,100,100191,100,99624,100,100226,100,99538,100,100249,100,99382,100
2019-06-28 10:07:20.000000000,100044,81,99915,179,100048,279,99876,179,100088,179,99838,179,100129,179,99816,179,100166,179,99801,179,100170,100,99733,100,100176,100,99652,100,100191,100,99624,100,100226,100,99538,100,100249,100,99382,100
2019-06-28 10:07:30.000000000,100044,100,99915,198,100048,298,99876,198,100088,198,99838,198,100129,198,99816,198,100166,100,99801,100,100170,100,99733,100,100176,100,99652,100,100191,100,99624,100,100226,100,99538,100,100249,100,99382,100
2019-06-28 10:07:40.000000000,100044,396,99915,494,100048,200,99876,100,100088,100,99838,100,100129,100,99816,100,100166,100,99801,100,100170,100,99733,100,100176,100,99652,100,100191,100,99624,100,100226,100,99538,100,100249,100,99382,100
2019-06-28 10:07:50.000000000,100044,81,99915,179,100048,279,99876,179,100088,179,99838,179,100129,179,99816,179,100166,179,99801,179,100170,100,99733,100,100176,100,99652,100,100191,100,99624,100,100226,100,99538,100,100249,100,99382,100
2019-06-28 10:07:50.059723425,100048,279,100044,19,100088,179,99915,179,100129,179,99876,179,100166,179,99838,179,100170,100,99816,179,100176,100,99801,79,100191,100,99733,100,100226,100,99652,100,100249,100,99624,100,100265,100,99538,100
2019-06-28 10:08:00.000000000,100048,594,100044,413,100088,100,99915,100,100129,100,99876,100,100166,100,99838,100,100170,100,99816,100,100176,100,99733,100,100191,100,99652,100,100226,100,99624,100,100249,100,99538,100,100265,100,99382,100
2019-06-28 10:08:10.000000000,100048,298,100044,117,100088,198,99915,198,100129,198,99876,198,100166,198,99838,198,100170,100,99816,100,100176,100,99733,100,100191,100,99652,100,100226,100,99624,100,100249,100,99538,100,100265,100,99382,100
2019-06-28 10:08:20.000000000,100048,298,100044,117,100088,198,99915,198,100129,198,99876,198,100166,198,99838,198,100170,100,99816,100,100176,100,99733,100,100191,100,99652,100,100226,100,99624,100,100249,100,99538,100,100265,100,99382,100
2019-06-28 10:08:30.000000000,100048,279,100044,98,100088,179,99915,179,100129,179,99876,179,100166,179,99838,179,100170,179,99816,179,100176,100,99733,100,100191,100,99652,100,100226,100,99624,100,100249,100,99538,100,100265,100,99382,100
2019-06-28 10:08:34.123871973,100048,279,100044,98,100088,179,99968,100,100129,179,99915,179,100166,179,99876,179,100170,179,99838,179,100176,100,99816,179,100191,100,99733,100,100226,100,99652,100,100249,100,99624,100,100265,100,99538,100
2019-06-28 10:08:36.520030422,100048,179,100044,98,100088,179,99968,100,100129,179,99915,179,100166,179,99876,179,100170,179,99838,179,100176,100,99816,179,100191,100,99733,100,100226,100,99652,100,100249,100,99624,100,100323,100,99538,100
2019-06-28 10:08:40.000000000,100048,179,100044,98,100088,179,99968,179,100129,179,99915,179,100166,179,99876,179,100170,179,99838,179,100176,100,99816,100,100191,100,99733,100,100226,100,99652,100,100249,100,99624,100,100323,100,99538,100
2019-06-28 10:08:50.000000000,100048,234,100044,153,100088,230,99968,230,100129,230,99915,230,100166,100,99876,100,100170,100,99838,100,100176,100,99816,100,100191,100,99733,100,100226,100,99652,100,100249,100,99624,100,100323,100,99538,100
2019-06-28 10:08:50.837530580,100048,134,100044,153,100088,230,99968,230,100129,230,99915,230,100166,100,99876,100,100170,100,99838,100,100176,100,99816,100,100191,100,99733,100,100226,100,99652,100,100249,100,99624,100,100323,100,99538,100
2019-06-28 10:08:54.068786308,100048,134,100044,153,100088,230,99968,230,100129,230,99915,230,100166,100,99876,100,100170,100,99838,100,100176,100,99816,100,100191,100,99733,100,100226,100,99652,100,100249,100,99624,100,100323,100,99538,100
2019-06-28 10:09:00.000000000,100088,234,100044,153,100129,230,99968,230,100166,230,99915,230,100170,100,99876,100,100176,100,99838,100,100191,100,99816,100,100226,100,99733,100,100249,100,99652,100,100323,100,99624,100,100371,100,99538,100
2019-06-28 10:09:10.000000000,100088,297,100044,216,100129,297,99968,297,100166,100,99915,100,100170,100,99876,100,100176,100,99838,100,100191,100,99816,100,100226,100,99733,100,100249,100,99652,100,100323,100,99624,100,100371,100,99538,100
2019-06-28 10:09:20.000000000,100088,297,100044,216,100129,297,99968,297,100166,100,99915,100,100170,100,99876,100,100176,100,99838,100,100191,100,99816,100,100226,100,99733,100,100249,100,99652,100,100323,100,99624,100,100371,100,99538,100
2019-06-28 10:09:30.000000000,100088,234,100044,153,100129,230,99968,230,100166,230,99915,230,100170,100,99876,100,100176,100,99838,100,100191,100,99816,100,100226,100,99733,100,100249,100,99652,100,100323,100,99624,100,100371,100,99538,100
2019-06-28 10:09:40.000000000,100088,494,100044,413,100129,100,99968,100,100166,100,99915,100,100170,100,99876,100,100176,100,99838,100,100191,100,99816,100,100226,100,99733,100,100249,100,99652,100,100323,100,99624,100,100371,100,99538,100
2019-06-28 10:09:50.000000000,100088,494,100044,413,100129,100,99968,100,100166,100,99915,100,100170,100,99876,100,100176,100,99838,100,100191,100,99816,100,100226,100,99733,100,100249,100,99652,100,100323,100,99624,100,100371,100,99538,100
2019-06-28 10:10:00.000000000,100088,198,100044,117,100129,198,99968,198,100166,198,99915,198,100170,198,99876,198,100176,100,99838,100,100191,100,99816,100,100226,100,99733,100,100249,100,99652,100,100323,100,99624,100,100371,100,99538,100
2019-06-28 10:10:10.000000000,100088,198,100044,117,100129,198,99968,198,100166,198,99915,198,100170,198,99876,198,100176,100,99838,100,100191,100,99816,100,100226,100,99733,100,100249,100,99652,100,100323,100,99624,100,100371,100,99538,100
2019-06-28 10:10:20.000000000,100088,234,100044,153,100129,230,99968,230,100166,230,99915,230,100170,100,99876,100,100176,100,99838,100,100191,100,99816,100,100226,100,99733,100,100249,100,99652,100,100323,100,99624,100,100371,100,99538,100
