,ask_price_1,ask_size_1,bid_price_1,bid_size_1,ask_price_2,ask_size_2,bid_price_2,bid_size_2,ask_price_3,ask_size_3,bid_price_3,bid_size_3,ask_price_4,ask_size_4,bid_price_4,bid_size_4,ask_price_5,ask_size_5,bid_price_5,bid_size_5,ask_price_6,ask_size_6,bid_price_6,bid_size_6,ask_price_7,ask_size_7,bid_price_7,bid_size_7,ask_price_8,ask_size_8,bid_price_8,bid_size_8,ask_price_9,ask_size_9,bid_price_9,bid_size_9,ask_price_10,ask_size_10,bid_price_10,bid_size_10
2019-06-28 09:30:00.000000000,100041,100,99888,100,,,,,,,,,,,,,,,,,,,,,,,,,,,,,,,,,,,,
2019-06-28 09:30:00.000000001,100041,100,99972,100,,,99888,100,,,,,,,,,,,,,,,,,,,,,,,,,,,,,,,,
2019-06-28 09:30:00.000000002,99988,100,99972,100,100041,100,99888,100,100061,100,,,100092,100,,,,,,,,,,,,,,,,,,,,,,,,,,
2019-06-28 09:30:00.000000003,99988,100,99972,100,100041,100,99888,100,100061,100,99838,100,100092,100,,,,,,,,,,,,,,,,,,,,,,,,,,
2019-06-28 09:30:00.000000004,99988,100,99972,100,100041,100,99963,100,100061,100,99888,100,100092,100,99838,100,,,,,,,,,,,,,,,,,,,,,,,,
2019-06-28 09:30:00.000000005,99988,100,99972,100,100041,100,99963,100,100061,100,99888,100,100092,100,99849,100,,,99838,100,,,,,,,,,,,,,,,,,,,,
2019-06-28 09:30:00.000000006,99988,100,99983,100,100041,100,99972,100,100061,100,99963,100,100092,100,99888,100,,,99849,100,,,99838,100,,,,,,,,,,,,,,,,
2019-06-28 09:30:00.000000008,99988,100,99983,100,100041,100,99972,100,100061,100,99963,100,100091,100,99888,100,100092,100,99849,100,,,99838,100,,,,,,,,,,,,,,,,
2019-06-28 09:30:00.000000010,99988,100,99983,100,100041,100,99972,100,100061,100,99963,100,100078,100,99888,100,100091,100,99849,100,100092,100,99838,100,100099,100,,,,,,,,,,,,,,
2019-06-28 09:30:00.000000011,99988,100,99983,100,100041,100,99972,100,100061,100,99963,100,100069,100,99888,100,100078,100,99849,100,100091,100,99838,100,100092,100,,,100099,100,,,,,,,,,,
2019-06-28 09:30:00.000000013,99988,100,99983,100,100041,100,99972,100,100061,100,99966,100,100069,100,99963,100,100078,100,99888,100,100091,100,99882,100,100092,100,99849,100,100099,100,99838,100,,,,,,,,
2019-06-28 09:30:00.000000014,100041,100,99983,100,100061,100,99972,100,100069,100,99966,100,100078,100,99963,100,100091,100,99888,100,100092,100,99882,100,100099,100,99849,100,,,99838,100,,,,,,,,
2019-06-28 09:30:00.000000017,100006,100,99983,100,100041,100,99972,100,100061,100,99969,100,100069,100,99966,100,100078,100,99963,100,100091,100,99888,100,100092,100,99882,100,100099,100,99849,100,,,99838,100,,,,
2019-06-28 09:30:00.000000022,100006,100,100002,100,100041,100,99983,100,100061,100,99972,100,100069,100,99969,100,100078,100,99966,100,100091,100,99963,100,100092,100,99888,100,100099,100,99882,100,,,99849,100,,,99838,100
2019-06-28 09:30:00.000000027,100006,200,100002,100,100041,100,99983,100,100061,100,99972,100,100069,100,99969,100,100078,100,99966,100,100091,100,99963,100,100092,100,99888,100,100099,100,99882,100,,,99849,100,,,99838,100
2019-06-28 09:30:00.000000029,100006,200,100002,100,100041,100,99983,100,100061,100,99972,100,100069,100,99969,100,100078,100,99966,100,100091,100,99963,100,100092,100,99959,100,100099,100,99888,100,,,99882,100,,,99849,100
2019-06-28 09:30:00.000000032,100006,100,100002,100,100041,100,99983,100,100061,100,99972,100,100069,100,99969,100,100078,100,99966,100,100091,100,99963,100,100092,100,99959,100,100099,100,99888,100,100120,100,99882,100,,,99849,100
2019-06-28 09:30:00.000000033,100006,100,100002,100,100032,100,99983,100,100041,100,99972,100,100061,100,99969,100,100069,100,99966,100,100078,100,99963,100,100091,100,99959,100,100092,100,99888,100,100099,100,99882,100,100120,100,99849,100
2019-06-28 09:30:00.000000037,100006,100,100002,100,100032,100,99983,100,100041,100,99972,100,100061,100,99969,100,100069,100,99966,100,100078,100,99963,100,100091,100,99959,100,100092,100,99888,100,100099,100,99882,100,100120,100,99853,100
2019-06-28 09:30:00.000000039,100005,100,100002,100,100006,100,99983,100,100032,100,99972,100,100041,100,99969,100,100061,100,99966,100,100069,100,99963,100,100078,100,99959,100,100091,100,99938,100,100092,100,99888,100,100099,100,99882,100
2019-06-28 09:30:00.000000041,100005,200,100002,100,100006,100,99983,100,100032,100,99972,100,100041,100,99969,100,100061,100,99966,100,100069,100,99963,100,100071,100,99959,100,100078,100,99938,100,100090,100,99888,100,100091,100,99882,100
2019-06-28 09:30:00.000000042,100005,200,100002,100,100006,100,99983,100,100020,100,99972,100,100032,100,99969,100,100041,100,99966,100,100061,100,99963,100,100069,100,99959,100,100071,100,99938,100,100078,100,99888,100,100090,100,99882,100
2019-06-28 09:30:00.000000047,100005,200,100002,100,100006,100,99983,100,100020,100,99972,100,100032,100,99969,100,100041,100,99966,100,100061,100,99963,100,100069,100,99959,100,100071,100,99938,100,100078,100,99888,100,100090,100,99882,100
2019-06-28 09:30:00.000000048,100004,100,100002,100,100005,200,99983,100,100006,100,99972,100,100020,100,99969,100,100032,100,99966,100,100041,100,99963,100,100061,100,99959,100,100069,100,99938,100,100071,100,99888,100,100078,100,99882,100
2019-06-28 09:30:00.000000049,100004,100,99983,100,100005,200,99972,100,100006,100,99969,100,100020,100,99966,100,100032,100,99963,100,100041,100,99959,100,100061,100,99938,100,100069,100,99888,100,100071,100,99882,100,100078,100,99872,100
2019-06-28 09:30:00.000000050,100004,100,99983,100,100005,200,99972,100,100006,100,99969,100,100020,100,99966,100,100032,100,99963,100,100041,100,99959,100,100061,100,99938,100,100069,100,99888,100,100071,100,99886,100,100078,100,99882,100
2019-06-28 09:30:00.000000054,100004,100,99983,100,100005,200,99972,100,100006,100,99969,100,100020,100,99966,100,100032,100,99963,100,100041,100,99959,100,100061,100,99938,100,100069,100,99902,100,100071,100,99888,100,100078,100,99886,100
2019-06-28 09:30:00.000000055,100004,100,99983,100,100005,200,99972,100,100006,100,99969,100,100020,100,99966,100,100032,100,99963,100,100041,100,99959,100,100061,100,99938,100,100069,100,99902,100,100071,100,99888,100,100078,100,99886,100
2019-06-28 09:30:00.000000057,100004,100,99983,100,100005,200,99972,100,100006,100,99969,100,100020,100,99966,100,100032,100,99963,100,100041,100,99959,100,100061,100,99938,100,100069,100,99902,100,100071,100,99888,100,100078,100,99886,100
2019-06-28 09:30:00.000000063,100004,100,99983,100,100005,200,99972,100,100006,100,99969,100,100020,100,99966,100,100032,100,99963,100,100041,100,99959,100,100061,100,99938,100,100069,100,99902,100,100071,100,99888,100,100078,100,99886,100
2019-06-28 09:30:00.000000065,100004,100,99999,100,100005,200,99983,100,100006,100,99972,100,100020,100,99969,100,100032,100,99966,200,100041,100,99963,100,100061,100,99959,100,100069,100,99938,100,100071,100,99902,100,100078,100,99888,100
2019-06-28 09:30:00.000000066,100004,100,99999,100,100005,200,99983,100,100006,100,99972,100,100020,100,99969,100,100024,100,99966,200,100032,100,99963,100,100041,100,99959,100,100061,100,99938,100,100069,100,99902,100,100071,100,99888,100
2019-06-28 09:30:00.000000067,100004,100,99983,100,100005,200,99972,100,100006,100,99969,100,100020,100,99966,200,100024,100,99963,100,100032,100,99959,100,100041,100,99938,100,100061,100,99902,100,100069,100,99888,100,100071,100,99886,100
2019-06-28 09:30:00.000000068,100004,100,99983,100,100005,200,99972,100,100006,100,99969,100,100020,100,99966,200,100024,100,99963,100,100032,100,99959,100,100041,100,99938,100,100061,100,99902,100,100069,100,99898,100,100071,100,99888,100
2019-06-28 09:30:00.000000069,100004,100,99983,100,100005,200,99972,100,100006,100,99969,100,100020,100,99968,100,100024,100,99966,200,100032,100,99963,100,100041,100,99959,100,100061,100,99938,100,100069,100,99902,100,100071,100,99898,100
2019-06-28 09:30:00.000000070,100004,100,99972,100,100005,300,99969,100,100006,100,99968,100,100020,100,99966,200,100024,100,99963,100,100032,100,99959,100,100041,100,99938,100,100061,100,99902,100,100069,100,99898,100,100071,100,99888,100
2019-06-28 09:30:00.000000071,100005,300,99972,100,100006,100,99969,100,100020,100,99968,100,100024,100,99966,200,100032,100,99963,100,100041,100,99959,100,100061,100,99938,100,100069,100,99902,100,100071,100,99898,100,100078,100,99888,100
2019-06-28 09:30:00.000000072,100005,300,99972,100,100006,100,99969,100,100020,100,99968,100,100024,100,99966,200,100032,100,99963,100,100041,100,99959,100,100061,100,99938,100,100069,100,99902,100,100071,100,99898,100,100078,100,99888,100
2019-06-28 09:30:00.000000074,100004,100,99972,100,100005,300,99969,100,100006,100,99968,100,100020,100,99966,200,100024,100,99963,100,100032,100,99959,100,100041,100,99938,100,100061,100,99902,100,100069,100,99898,100,100071,100,99888,100
2019-06-28 09:30:00.000000078,100004,100,99972,100,100005,300,99969,100,100006,100,99968,100,100020,100,99966,200,100024,100,99963,100,100032,100,99959,100,100041,100,99952,100,100061,100,99938,100,100069,100,99902,100,100071,100,99898,100
2019-06-28 09:30:00.000000079,100004,100,99972,100,100005,300,99969,100,100006,100,99968,100,100020,200,99966,200,100024,100,99963,100,100032,100,99959,100,100041,100,99952,100,100061,100,99938,100,100069,100,99902,100,100071,100,99898,100
2019-06-28 09:30:00.000000081,100004,200,99972,100,100005,300,99969,100,100006,100,99968,100,100020,200,99966,200,100024,100,99963,100,100032,100,99959,100,100041,100,99952,100,100061,100,99938,100,100069,100,99902,100,100071,100,99898,100
2019-06-28 09:30:00.000000082,100004,100,99972,100,100005,300,99969,100,100006,100,99968,100,100020,200,99966,200,100024,100,99963,100,100032,100,99959,100,100041,100,99952,100,100061,100,99938,100,100069,100,99902,100,100071,100,99898,100
2019-06-28 09:30:00.000000083,100004,100,99972,100,100005,300,99969,100,100006,100,99968,100,100020,200,99966,200,100024,100,99963,100,100032,100,99959,100,100038,100,99952,100,100041,100,99938,100,100061,100,99902,100,100069,100,99898,100
2019-06-28 09:30:00.000000086,100004,100,99972,100,100005,300,99969,100,100006,100,99968,100,100020,200,99966,200,100024,100,99963,100,100032,100,99959,100,100038,100,99952,100,100041,100,99938,100,100061,100,99918,100,100069,100,99902,100
2019-06-28 09:30:00.000000088,100004,100,99972,100,100005,300,99969,100,100006,100,99968,100,100020,200,99966,200,100024,100,99963,100,100032,100,99959,100,100038,100,99952,100,100041,100,99938,100,100061,100,99918,100,100069,100,99902,100
2019-06-28 09:30:00.000000092,100004,100,99972,100,100005,300,99969,100,100006,100,99968,100,100020,200,99966,200,100024,100,99963,100,100032,100,99959,100,100038,100,99952,100,100041,100,99938,100,100061,100,99922,100,100069,100,99918,100
2019-06-28 09:30:00.000000095,100004,100,99972,100,100005,300,99970,100,100006,100,99969,100,100020,200,99968,100,100024,100,99966,200,100032,100,99963,100,100038,100,99959,100,100041,100,99952,100,100061,100,99938,100,100069,100,99922,100
2019-06-28 09:30:00.000000098,100005,300,99972,100,100006,100,99970,100,100020,200,99969,100,100024,100,99968,100,100032,100,99966,200,100038,100,99963,100,100041,100,99959,100,100061,100,99952,100,100069,100,99938,100,100071,100,99922,100
2019-06-28 09:30:08.925659741,100005,300,99986,100,100006,100,99972,100,100020,200,99970,100,100024,100,99969,100,100032,100,99968,100,100038,100,99966,200,100041,100,99963,100,100061,100,99959,100,100069,100,99952,100,100071,100,99938,100
2019-06-28 09:30:10.000000000,100005,756,99986,556,100006,100,99972,100,100020,200,99970,100,100024,100,99969,100,100032,100,99968,100,100038,100,99966,200,100041,100,99963,100,100061,100,99959,100,100069,100,99952,100,100071,100,99938,100
2019-06-28 09:30:20.000000000,100005,414,99986,214,100006,214,99972,214,100020,314,99970,214,100024,214,99969,214,100032,100,99968,100,100038,100,99966,200,100041,100,99963,100,100061,100,99959,100,100069,100,99952,100,100071,100,99938,100
2019-06-28 09:30:30.000000000,100005,455,99986,255,100006,250,99972,250,100020,350,99970,250,100024,100,99969,100,100032,100,99968,100,100038,100,99966,200,100041,100,99963,100,100061,100,99959,100,100069,100,99952,100,100071,100,99938,100
2019-06-28 09:30:40.000000000,100005,528,99986,328,100006,328,99972,328,100020,200,99970,100,100024,100,99969,100,100032,100,99968,100,100038,100,99966,200,100041,100,99963,100,100061,100,99959,100,100069,100,99952,100,100071,100,99938,100
2019-06-28 09:30:50.000000000,100005,528,99986,328,100006,328,99972,328,100020,200,99970,100,100024,100,99969,100,100032,100,99968,100,100038,100,99966,200,100041,100,99963,100,100061,100,99959,100,100069,100,99952,100,100071,100,99938,100
2019-06-28 09:31:00.000000000,100005,414,99986,214,100006,214,99972,214,100020,314,99970,214,100024,214,99969,214,100032,100,99968,100,100038,100,99966,200,100041,100,99963,100,100061,100,99959,100,100069,100,99952,100,100071,100,99938,100
2019-06-28 09:31:10.000000000,100005,528,99986,328,100006,328,99972,328,100020,200,99970,100,100024,100,99969,100,100032,100,99968,100,100038,100,99966,200,100041,100,99963,100,100061,100,99959,100,100069,100,99952,100,100071,100,99938,100
2019-06-28 09:31:11.471711499,100005,528,99986,228,100006,328,99972,328,100020,200,99970,100,100024,100,99969,100,100032,100,99968,100,100038,100,99966,200,100041,100,99963,100,100061,100,99959,100,100069,100,99952,100,100071,100,99938,100
2019-06-28 09:31:20.000000000,100005,528,99972,328,100006,328,99970,328,100020,200,99969,100,100024,100,99968,100,100032,100,99966,200,100038,100,99963,100,100041,100,99959,100,100061,100,99952,100,100069,100,99938,100,100071,100,99922,100
2019-06-28 09:31:30.000000000,100005,391,99972,191,100006,191,99970,191,100020,291,99969,191,100024,191,99968,191,100032,191,99966,291,100038,100,99963,100,100041,100,99959,100,100061,100,99952,100,100069,100,99938,100,100071,100,99922,100
2019-06-28 09:31:40.000000000,100005,756,99972,556,100006,100,99970,100,100020,200,99969,100,100024,100,99968,100,100032,100,99966,200,100038,100,99963,100,100041,100,99959,100,100061,100,99952,100,100069,100,99938,100,100071,100,99922,100
2019-06-28 09:31:45.655384075,100005,756,99972,556,100006,100,99970,100,100020,200,99969,100,100024,100,99968,100,100032,100,99966,200,100038,100,99963,100,100041,100,99959,100,100061,100,99952,100,100069,100,99938,100,100071,100,99922,100
2019-06-28 09:31:48.743436574,100005,656,99972,556,100006,100,99970,100,100020,200,99969,100,100024,100,99968,100,100032,100,99966,200,100038,100,99963,100,100041,100,99959,100,100061,100,99952,100,100069,100,99938,100,100071,100,99922,100
2019-06-28 09:31:50.000000000,100005,291,99972,191,100006,191,99970,191,100020,291,99969,191,100024,191,99968,191,100032,191,99966,291,100038,100,99963,100,100041,100,99959,100,100061,100,99952,100,100069,100,99938,100,100071,100,99922,100
2019-06-28 09:32:00.000000000,100005,355,99972,255,100006,250,99970,250,100020,350,99969,250,100024,100,99968,100,100032,100,99966,200,100038,100,99963,100,100041,100,99959,100,100061,100,99952,100,100069,100,99938,100,100071,100,99922,100
2019-06-28 09:32:07.477575006,100005,355,99972,255,100006,250,99970,250,100020,350,99969,250,100024,100,99968,100,100032,100,99966,200,100038,100,99963,100,100041,100,99959,100,100061,100,99952,100,100069,100,99938,100,100071,100,99922,100
2019-06-28 09:32:10.000000000,100005,314,99972,214,100006,214,99970,214,100020,314,99969,214,100024,214,99968,214,100032,100,99966,200,100038,100,99963,100,100041,100,99959,100,100061,100,99952,100,100069,100,99938,100,100071,100,99922,100
2019-06-28 09:32:16.940408855,100005,214,99972,214,100006,214,99970,214,100020,314,99969,214,100024,214,99968,214,100032,100,99966,200,100038,100,99963,100,100041,100,99959,100,100061,100,99952,100,100069,100,99938,100,100071,100,99922,100
2019-06-28 09:32:20.000000000,100005,191,99972,191,100006,191,99970,191,100020,291,99969,191,100024,191,99968,191,100032,191,99966,291,100038,100,99963,100,100041,100,99959,100,100061,100,99952,100,100069,100,99938,100,100071,100,99922,100
2019-06-28 09:32:26.686342419,100005,191,99972,91,100006,191,99970,191,100020,291,99969,191,100024,191,99968,191,100032,191,99966,291,100038,100,99963,100,100041,100,99959,100,100061,100,99952,100,100069,100,99938,100,100071,100,99922,100
2019-06-28 09:32:30.000000000,100005,556,99970,556,100006,100,99969,100,100020,200,99968,100,100024,100,99966,200,100032,100,99963,100,100038,100,99959,100,100041,100,99952,100,100061,100,99938,100,100069,100,99922,100,100071,100,99918,100
2019-06-28 09:32:35.324685752,100005,456,99970,556,100006,100,99969,100,100020,200,99968,100,100024,100,99966,200,100032,100,99963,100,100038,100,99959,100,100041,100,99952,100,100061,100,99938,100,100069,100,99922,100,100071,100,99918,100
2019-06-28 09:32:40.000000000,100006,191,99970,191,100020,291,99969,191,100024,191,99968,191,100032,191,99966,291,100038,191,99963,191,100041,100,99959,100,100061,100,99952,100,100069,100,99938,100,100071,100,99922,100,100077,100,99918,100
2019-06-28 09:32:50.000000000,100006,255,99970,255,100020,350,99969,250,100024,250,99968,250,100032,100,99966,200,100038,100,99963,100,100041,100,99959,100,100061,100,99952,100,100069,100,99938,100,100071,100,99922,100,100077,100,99918,100
2019-06-28 09:32:51.243536781,100006,255,99970,255,100020,350,99969,250,100024,250,99968,250,100032,100,99966,200,100038,100,99963,100,100041,100,99959,100,100061,100,99952,100,100069,100,99922,100,100071,100,99918,100,100077,100,99902,100
2019-06-28 09:33:00.000000000,100006,556,99970,556,100020,200,99969,100,100024,100,99968,100,100032,100,99966,200,100038,100,99963,100,100041,100,99959,100,100061,100,99952,100,100069,100,99922,100,100071,100,99918,100,100077,100,99902,100
2019-06-28 09:33:03.611277454,100006,456,99970,556,100020,100,99969,100,100024,100,99968,100,100032,100,99966,200,100038,100,99963,100,100041,100,99959,100,100061,100,99952,100,100069,100,99922,100,100071,100,99918,100,100077,100,99902,100
2019-06-28 09:33:04.327239252,100006,456,99970,556,100020,100,99969,100,100024,100,99968,100,100032,100,99966,200,100038,100,99963,100,100041,100,99959,100,100061,100,99952,100,100069,100,99922,100,100071,100,99918,100,100077,100,99902,100
2019-06-28 09:33:10.000000000,100020,214,99970,214,100024,214,99969,214,100032,214,99968,214,100038,214,99966,314,100041,100,99963,100,100061,100,99959,100,100069,100,99952,100,100071,100,99922,100,100077,100,99918,100,100078,100,99902,100
2019-06-28 09:33:20.000000000,100020,214,99970,214,100024,214,99969,214,100032,214,99968,214,100038,214,99966,314,100041,100,99963,100,100061,100,99959,100,100069,100,99952,100,100071,100,99922,100,100077,100,99918,100,100078,100,99902,100
2019-06-28 09:33:28.603351047,100020,114,99970,214,100024,214,99969,214,100032,114,99968,214,100038,214,99966,314,100041,100,99963,100,100061,100,99959,100,100069,100,99952,100,100071,100,99922,100,100077,100,99918,100,100078,100,99902,100
2019-06-28 09:33:30.000000000,100024,191,99970,191,100038,191,99969,191,100041,191,99968,191,100061,191,99966,291,100069,191,99963,191,100071,100,99959,100,100077,100,99952,100,100078,100,99922,100,100080,200,99918,100,100090,200,99902,100
2019-06-28 09:33:40.000000000,100024,328,99970,328,100038,328,99969,328,100041,100,99968,100,100061,100,99966,200,100069,100,99963,100,100071,100,99959,100,100077,100,99952,100,100078,100,99922,100,100080,200,99918,100,100090,200,99902,100
2019-06-28 09:33:50.000000000,100024,328,99970,328,100038,328,99969,328,100041,100,99968,100,100061,100,99966,200,100069,100,99963,100,100071,100,99959,100,100077,100,99952,100,100078,100,99922,100,100080,200,99918,100,100090,200,99902,100
2019-06-28 09:33:53.520166809,100024,328,99970,328,100038,328,99969,328,100041,100,99968,100,100061,100,99966,200,100069,100,99963,100,100071,100,99959,100,100077,100,99952,100,100078,100,99922,100,100080,200,99918,100,100090,100,99902,100
2019-06-28 09:34:00.000000000,100024,191,99970,191,100038,191,99969,191,100041,191,99968,191,100061,191,99966,291,100069,191,99963,191,100071,100,99959,100,100077,100,99952,100,100078,100,99922,100,100080,200,99918,100,100090,100,99902,100
2019-06-28 09:34:10.000000000,100024,255,99970,255,100038,250,99969,250,100041,250,99968,250,100061,100,99966,200,100069,100,99963,100,100071,100,99959,100,100077,100,99952,100,100078,100,99922,100,100080,200,99918,100,100090,100,99902,100
2019-06-28 09:34:10.119676637,100024,155,99970,255,100038,250,99969,250,100041,250,99968,250,100061,100,99966,200,100069,100,99963,100,100071,100,99959,100,100077,100,99952,100,100078,100,99922,100,100080,200,99918,100,100090,100,99902,100
2019-06-28 09:34:12.581462987,100024,155,100020,100,100038,250,99970,255,100041,250,99969,250,100061,100,99968,250,100069,100,99966,200,100071,100,99963,100,100077,100,99959,100,100080,200,99952,100,100090,100,99922,100,100091,100,99918,100
2019-06-28 09:34:18.834552435,100024,155,100020,100,100038,250,99970,255,100041,250,99969,250,100061,100,99968,250,100069,100,99966,200,100071,100,99963,100,100077,100,99959,100,100080,200,99952,100,100090,100,99922,100,100091,100,99918,100
2019-06-28 09:34:20.000000000,100038,328,100020,328,100041,328,99970,328,100061,100,99969,100,100069,100,99968,100,100071,100,99966,200,100077,100,99963,100,100080,200,99959,100,100090,100,99952,100,100091,100,99922,100,100092,100,99918,100
2019-06-28 09:34:30.000000000,100038,255,100020,255,100041,250,99970,250,100061,250,99969,250,100069,100,99968,100,100071,100,99966,200,100077,100,99963,100,100080,200,99959,100,100090,100,99952,100,100091,100,99922,100,100092,100,99918,100
2019-06-28 09:34:40.000000000,100038,191,100020,191,100041,191,99970,191,100061,191,99969,191,100069,191,99968,191,100071,191,99966,291,100077,100,99963,100,100080,200,99959,100,100090,100,99952,100,100091,100,99922,100,100092,100,99918,100
2019-06-28 09:34:50.000000000,100038,556,100020,556,100041,100,99970,100,100061,100,99969,100,100069,100,99968,100,100071,100,99966,200,100077,100,99963,100,100080,200,99959,100,100090,100,99952,100,100091,100,99922,100,100092,100,99918,100
2019-06-28 09:35:00.000000000,100038,191,100020,191,100041,191,99970,191,100061,191,99969,191,100069,191,99968,191,100071,191,99966,291,100077,100,99963,100,100080,200,99959,100,100090,100,99952,100,100091,100,99922,100,100092,100,99918,100
2019-06-28 09:35:01.991445622,100038,191,100020,291,100041,191,99970,191,100061,191,99969,191,100069,191,99968,191,100071,191,99966,291,100077,100,99963,100,100080,200,99959,100,100090,100,99952,100,100091,100,99922,100,100092,100,99918,100
2019-06-28 09:35:10.000000000,100038,328,100020,428,100041,328,99970,328,100061,100,99969,100,100069,100,99968,100,100071,100,99966,200,100077,100,99963,100,100080,200,99959,100,100090,100,99952,100,100091,100,99922,100,100092,100,99918,100
2019-06-28 09:35:10.438800645,100038,328,100020,428,100041,328,99970,328,100061,100,99969,100,100069,100,99968,100,100071,100,99966,200,100077,100,99963,100,100080,200,99959,100,100090,100,99956,100,100091,100,99952,100,100092,100,99922,100
2019-06-28 09:35:18.794976496,100038,328,100020,428,100041,328,99970,328,100061,100,99969,100,100069,100,99968,100,100070,100,99966,200,100071,100,99963,100,100077,100,99959,100,100080,200,99956,100,100090,100,99952,100,100091,100,99922,100
2019-06-28 09:35:20.000000000,100038,328,100020,428,100041,328,99970,328,100061,100,99969,100,100069,100,99968,100,100070,100,99966,200,100071,100,99963,100,100077,100,99959,100,100080,200,99956,100,100090,100,99952,100,100091,100,99922,100
2019-06-28 09:35:27.211391237,100038,328,100020,428,100041,328,99970,328,100069,100,99969,100,100070,100,99968,100,100071,100,99966,200,100077,100,99963,100,100078,100,99959,100,100080,200,99956,100,100090,100,99952,100,100091,100,99922,100
2019-06-28 09:35:30.000000000,100038,191,100020,291,100041,191,99970,191,100069,191,99969,191,100070,191,99968,191,100071,191,99966,291,100077,100,99963,100,100078,100,99959,100,100080,200,99956,100,100090,100,99952,100,100091,100,99922,100
2019-06-28 09:35:40.000000000,100038,191,100020,291,100041,191,99970,191,100069,191,99969,191,100070,191,99968,191,100071,191,99966,291,100077,100,99963,100,100078,100,99959,100,100080,200,99956,100,100090,100,99952,100,100091,100,99922,100
2019-06-28 09:35:50.000000000,100038,191,100020,291,100041,191,99970,191,100069,191,99969,191,100070,191,99968,191,100071,191,99966,291,100077,100,99963,100,100078,100,99959,100,100080,200,99956,100,100090,100,99952,100,100091,100,99922,100
2019-06-28 09:36:00.000000000,100038,191,100020,291,100041,191,99970,191,100069,191,99969,191,100070,191,99968,191,100071,191,99966,291,100077,100,99963,100,100078,100,99959,100,100080,200,99956,100,100090,100,99952,100,100091,100,99922,100
2019-06-28 09:36:01.982838946,100038,191,100020,291,100041,191,100013,100,100069,191,99970,191,100070,191,99969,191,100071,191,99968,191,100077,100,99966,291,100078,100,99963,100,100080,200,99959,100,100090,100,99956,100,100091,100,99952,100
2019-06-28 09:36:10.000000000,100038,328,100020,428,100041,328,100013,328,100069,100,99970,100,100070,100,99969,100,100071,100,99968,100,100077,100,99966,200,100078,100,99963,100,100080,200,99959,100,100090,100,99956,100,100091,100,99952,100
2019-06-28 09:36:20.000000000,100038,556,100020,656,100041,100,100013,100,100069,100,99970,100,100070,100,99969,100,100071,100,99968,100,100077,100,99966,200,100078,100,99963,100,100080,200,99959,100,100090,100,99956,100,100091,100,99952,100
2019-06-28 09:36:25.747337777,100038,556,100020,656,100041,100,100013,100,100069,100,99970,100,100070,100,99969,100,100071,100,99968,100,100077,100,99966,200,100078,100,99963,100,100080,200,99959,100,100090,100,99956,100,100092,100,99952,100
2019-06-28 09:36:30.000000000,100038,214,100020,314,100041,214,100013,214,100069,214,99970,214,100070,214,99969,214,100071,100,99968,100,100077,100,99966,200,100078,100,99963,100,100080,200,99959,100,100090,100,99956,100,100092,100,99952,100
2019-06-28 09:36:40.000000000,100038,255,100020,355,100041,250,100013,250,100069,250,99970,250,100070,100,99969,100,100071,100,99968,100,100077,100,99966,200,100078,100,99963,100,100080,200,99959,100,100090,100,99956,100,100092,100,99952,100
2019-06-28 09:36:50.000000000,100038,328,100020,428,100041,328,100013,328,100069,100,99970,100,100070,100,99969,100,100071,100,99968,100,100077,100,99966,200,100078,100,99963,100,100080,200,99959,100,100090,100,99956,100,100092,100,99952,100
2019-06-28 09:36:59.657078260,100038,328,100020,428,100041,328,100013,328,100069,100,99970,100,100070,100,99969,100,100071,100,99968,100,100077,100,99966,200,100078,100,99963,100,100080,200,99959,100,100090,100,99956,100,100092,100,99952,100
2019-06-28 09:37:00.000000000,100038,214,100020,314,100041,214,100013,214,100069,214,99970,214,100070,214,99969,214,100071,100,99968,100,100077,100,99966,200,100078,100,99963,100,100080,200,99959,100,100090,100,99956,100,100092,100,99952,100
2019-06-28 09:37:10.000000000,100038,255,100020,355,100041,250,100013,250,100069,250,99970,250,100070,100,99969,100,100071,100,99968,100,100077,100,99966,200,100078,100,99963,100,100080,200,99959,100,100090,100,99956,100,100092,100,99952,100
2019-06-28 09:37:20.000000000,100038,556,100020,656,100041,100,100013,100,100069,100,99970,100,100070,100,99969,100,100071,100,99968,100,100077,100,99966,200,100078,100,99963,100,100080,200,99959,100,100090,100,99956,100,100092,100,99952,100
2019-06-28 09:37:24.778406338,100038,556,100020,656,100041,100,100013,100,100069,100,99970,100,100070,100,99969,100,100071,100,99968,100,100077,100,99966,200,100078,100,99963,100,100080,200,99959,100,100090,100,99956,100,100092,100,99952,100
2019-06-28 09:37:30.000000000,100038,556,100020,656,100041,100,100013,100,100069,100,99970,100,100070,100,99969,100,100071,100,99968,100,100077,100,99966,200,100078,100,99963,100,100080,200,99959,100,100090,100,99956,100,100092,100,99952,100
2019-06-28 09:37:39.704922437,100038,556,100020,656,100041,100,100013,100,100069,100,99970,100,100070,100,99969,100,100071,100,99968,100,100077,100,99966,200,100078,100,99963,100,100080,200,99959,100,100090,100,99956,100,100092,100,99952,100
2019-06-28 09:37:40.000000000,100038,255,100020,355,100041,250,100013,250,100069,250,99970,250,100070,100,99969,100,100071,100,99968,100,100077,100,99966,200,100078,100,99963,100,100080,200,99959,100,100090,100,99956,100,100092,100,99952,100
2019-06-28 09:37:50.000000000,100038,191,100020,291,100041,191,100013,191,100069,191,99970,191,100070,191,99969,191,100071,191,99968,191,100077,100,99966,200,100078,100,99963,100,100080,200,99959,100,100090,100,99956,100,100092,100,99952,100
2019-06-28 09:38:00.000000000,100038,556,100020,656,100041,100,100013,100,100069,100,99970,100,100070,100,99969,100,100071,100,99968,100,100077,100,99966,200,100078,100,99963,100,100080,200,99959,100,100090,100,99956,100,100092,100,99952,100
2019-06-28 09:38:10.000000000,100038,255,100020,355,100041,250,100013,250,100069,250,99970,250,100070,100,99969,100,100071,100,99968,100,100077,100,99966,200,100078,100,99963,100,100080,200,99959,100,100090,100,99956,100,100092,100,99952,100
2019-06-28 09:38:20.000000000,100038,556,100020,656,100041,100,100013,100,100069,100,99970,100,100070,100,99969,100,100071,100,99968,100,100077,100,99966,200,100078,100,99963,100,100080,200,99959,100,100090,100,99956,100,100092,100,99952,100
2019-06-28 09:38:30.000000000,100038,255,100020,355,100041,250,100013,250,100069,250,99970,250,100070,100,99969,100,100071,100,99968,100,100077,100,99966,200,100078,100,99963,100,100080,200,99959,100,100090,100,99956,100,100092,100,99952,100
2019-06-28 09:38:36.849272355,100038,255,100020,455,100041,250,100013,250,100069,250,99970,250,100070,100,99969,100,100071,100,99968,100,100077,100,99966,200,100078,100,99963,100,100080,200,99959,100,100090,100,99956,100,100092,100,99952,100
2019-06-28 09:38:38.042179697,100038,255,100020,455,100041,250,100013,250,100069,250,99970,250,100070,100,99969,100,100077,100,99968,100,100078,100,99966,200,100080,200,99963,100,100090,100,99959,100,100092,100,99956,100,100099,100,99952,100
2019-06-28 09:38:40.000000000,100038,214,100020,414,100041,214,100013,214,100069,214,99970,214,100070,214,99969,214,100077,100,99968,100,100078,100,99966,200,100080,200,99963,100,100090,100,99959,100,100092,100,99956,100,100099,100,99952,100
2019-06-28 09:38:42.310449846,100038,214,100020,414,100041,214,100013,214,100069,214,99970,214,100070,214,99969,214,100077,100,99966,200,100078,100,99963,100,100080,200,99959,100,100090,100,99956,100,100092,100,99952,100,100099,100,99949,100
2019-06-28 09:38:49.452027468,100038,214,100020,314,100041,214,100013,214,100069,214,99970,214,100070,214,99969,214,100077,100,99966,200,100078,100,99963,100,100080,100,99959,100,100090,100,99956,100,100092,100,99952,100,100099,100,99949,100
2019-06-28 09:38:50.000000000,100038,556,100020,656,100041,100,100013,100,100069,100,99970,100,100070,100,99969,100,100077,100,99966,200,100078,100,99963,100,100080,100,99959,100,100090,100,99956,100,100092,100,99952,100,100099,100,99949,100
2019-06-28 09:38:53.058327763,100038,556,100020,556,100041,100,100013,100,100069,100,99970,100,100070,100,99969,100,100077,100,99966,200,100078,100,99963,100,100080,100,99959,100,100090,100,99956,100,100092,100,99952,100,100099,100,99949,100
2019-06-28 09:38:53.676551298,100038,556,100020,556,100041,100,100013,100,100069,100,99970,100,100070,100,99969,100,100077,100,99966,200,100078,100,99963,100,100080,100,99959,100,100090,100,99956,100,100092,100,99952,100,100099,100,99949,100
2019-06-28 09:39:00.000000000,100038,214,100020,214,100041,214,100013,214,100069,214,99970,214,100070,214,99969,214,100077,100,99966,200,100078,100,99963,100,100080,100,99959,100,100090,100,99956,100,100092,100,99952,100,100099,100,99949,100
2019-06-28 09:39:10.000000000,100038,556,100020,556,100041,100,100013,100,100069,100,99970,100,100070,100,99969,100,100077,100,99966,200,100078,100,99963,100,100080,100,99959,100,100090,100,99956,100,100092,100,99952,100,100099,100,99949,100
2019-06-28 09:39:20.000000000,100038,255,100020,255,100041,250,100013,250,100069,250,99970,250,100070,100,99969,100,100077,100,99966,200,100078,100,99963,100,100080,100,99959,100,100090,100,99956,100,100092,100,99952,100,100099,100,99949,100
2019-06-28 09:39:30.000000000,100038,556,100020,556,100041,100,100013,100,100069,100,99970,100,100070,100,99969,100,100077,100,99966,200,100078,100,99963,100,100080,100,99959,100,100090,100,99956,100,100092,100,99952,100,100099,100,99949,100
2019-06-28 09:39:38.743126651,100038,456,100020,556,100041,100,100013,100,100069,100,99970,100,100070,100,99969,100,100077,100,99966,200,100078,100,99963,100,100080,100,99959,100,100090,100,99956,100,100092,100,99952,100,100099,100,99949,100
2019-06-28 09:39:40.000000000,100041,191,100020,191,100069,191,100013,191,100070,191,99970,191,100077,191,99969,191,100078,191,99966,291,100080,100,99963,100,100090,100,99959,100,100092,100,99956,100,100099,100,99952,100,100168,100,99949,100
2019-06-28 09:39:48.337297705,100041,91,100020,191,100069,191,100013,191,100070,191,99970,191,100077,191,99969,191,100078,191,99966,291,100080,100,99963,100,100090,100,99959,100,100092,100,99956,100,100099,100,99952,100,100168,100,99949,100
2019-06-28 09:39:50.000000000,100069,214,100020,214,100070,214,100013,214,100077,214,99970,214,100078,214,99969,214,100080,100,99966,200,100090,100,99963,100,100092,100,99959,100,100099,100,99956,100,100168,100,99952,100,100846,100,99949,100
2019-06-28 09:40:00.000000000,100069,556,100020,556,100070,100,100013,100,100077,100,99970,100,100078,100,99969,100,100080,100,99966,200,100090,100,99963,100,100092,100,99959,100,100099,100,99956,100,100168,100,99952,100,100846,100,99949,100
2019-06-28 09:40:10.000000000,100069,255,100020,255,100070,250,100013,250,100077,250,99970,250,100078,100,99969,100,100080,100,99966,200,100090,100,99963,100,100092,100,99959,100,100099,100,99956,100,100168,100,99952,100,100846,100,99949,100
2019-06-28 09:40:20.000000000,100069,328,100020,328,100070,328,100013,328,100077,100,99970,100,100078,100,99969,100,100080,100,99966,200,100090,100,99963,100,100092,100,99959,100,100099,100,99956,100,100168,100,99952,100,100846,100,99949,100
2019-06-28 09:40:30.000000000,100069,556,100020,556,100070,100,100013,100,100077,100,99970,100,100078,100,99969,100,100080,100,99966,200,100090,100,99963,100,100092,100,99959,100,100099,100,99956,100,100168,100,99952,100,100846,100,99949,100
2019-06-28 09:40:40.000000000,100069,328,100020,328,100070,328,100013,328,100077,100,99970,100,100078,100,99969,100,100080,100,99966,200,100090,100,99963,100,100092,100,99959,100,100099,100,99956,100,100168,100,99952,100,100846,100,99949,100
2019-06-28 09:40:50.000000000,100069,328,100020,328,100070,328,100013,328,100077,100,99970,100,100078,100,99969,100,100080,100,99966,200,100090,100,99963,100,100092,100,99959,100,100099,100,99956,100,100168,100,99952,100,100846,100,99949,100
2019-06-28 09:41:00.000000000,100069,191,100020,191,100070,191,100013,191,100077,191,99970,191,100078,191,99969,191,100080,191,99966,291,100090,100,99963,100,100092,100,99959,100,100099,100,99956,100,100168,100,99952,100,100846,100,99949,100
2019-06-28 09:41:04.326059145,100069,191,100038,100,100070,191,100020,191,100077,191,100013,191,100078,191,99970,191,100080,191,99969,191,100090,100,99966,291,100092,100,99963,100,100099,100,99959,100,100168,100,99956,100,100846,100,99952,100
2019-06-28 09:41:10.000000000,100069,191,100038,191,100070,191,100020,191,100077,191,100013,191,100078,191,99970,191,100080,191,99969,191,100090,100,99966,200,100092,100,99963,100,100099,100,99959,100,100168,100,99956,100,100846,100,99952,100
2019-06-28 09:41:20.000000000,100069,556,100038,556,100070,100,100020,100,100077,100,100013,100,100078,100,99970,100,100080,100,99969,100,100090,100,99966,200,100092,100,99963,100,100099,100,99959,100,100168,100,99956,100,100846,100,99952,100
2019-06-28 09:41:21.103527667,100069,456,100038,556,100070,100,100020,100,100077,100,100013,100,100078,100,99970,100,100080,100,99969,100,100090,100,99966,200,100092,100,99963,100,100099,100,99959,100,100168,100,99956,100,100846,100,99952,100
2019-06-28 09:41:30.000000000,100070,214,100038,214,100077,214,100020,214,100078,214,100013,214,100080,214,99970,214,100090,100,99969,100,100092,100,99966,200,100099,100,99963,100,100168,100,99959,100,100846,100,99956,100,100860,100,99952,100
2019-06-28 09:41:40.000000000,100070,191,100038,191,100077,191,100020,191,100078,191,100013,191,100080,191,99970,191,100090,191,99969,191,100092,100,99966,200,100099,100,99963,100,100168,100,99959,100,100846,100,99956,100,100860,100,99952,100
2019-06-28 09:41:44.312723856,100070,191,100038,191,100077,191,100020,191,100078,191,100013,191,100080,191,99970,191,100090,191,99969,191,100092,100,99966,200,100099,100,99963,100,100168,100,99959,100,100201,100,99956,100,100846,100,99952,100
2019-06-28 09:41:50.000000000,100070,191,100038,191,100077,191,100020,191,100078,191,100013,191,100080,191,99970,191,100090,191,99969,191,100092,100,99966,200,100099,100,99963,100,100168,100,99959,100,100201,100,99956,100,100846,100,99952,100
2019-06-28 09:42:00.000000000,100070,328,100038,328,100077,328,100020,328,100078,100,100013,100,100080,100,99970,100,100090,100,99969,100,100092,100,99966,200,100099,100,99963,100,100168,100,99959,100,100201,100,99956,100,100846,100,99952,100
2019-06-28 09:42:03.088069020,100070,228,100038,328,100077,328,100020,328,100078,100,100013,100,100080,100,99970,100,100090,100,99969,100,100092,100,99966,200,100099,100,99963,100,100168,100,99959,100,100201,100,99956,100,100846,100,99952,100
2019-06-28 09:42:05.609432763,100070,228,100038,328,100077,328,100020,328,100080,100,100013,100,100090,100,99970,100,100092,100,99969,100,100099,100,99966,200,100168,100,99963,100,100201,100,99959,100,100360,100,99956,100,100846,100,99952,100
2019-06-28 09:42:06.569372622,100070,128,100038,328,100077,228,100020,328,100080,100,100013,100,100090,100,99970,100,100092,100,99969,100,100099,100,99966,200,100168,100,99963,100,100201,100,99959,100,100360,100,99956,100,100846,100,99952,100
2019-06-28 09:42:10.000000000,100080,328,100038,328,100090,328,100020,328,100092,100,100013,100,100099,100,99970,100,100168,100,99969,100,100201,100,99966,200,100360,100,99963,100,100846,100,99959,100,100860,100,99956,100,100903,100,99952,100
2019-06-28 09:42:16.753287826,100080,328,100070,100,100090,328,100038,328,100092,100,100020,328,100099,100,100013,100,100168,100,99970,100,100201,100,99969,100,100360,100,99966,200,100846,100,99963,100,100860,100,99959,100,100903,100,99956,100
2019-06-28 09:42:20.000000000,100080,255,100070,255,100090,250,100038,250,100092,250,100020,250,100099,100,100013,100,100168,100,99970,100,100201,100,99969,100,100360,100,99966,200,100846,100,99963,100,100860,100,99959,100,100903,100,99956,100
2019-06-28 09:42:30.000000000,100080,191,100070,191,100090,191,100038,191,100092,191,100020,191,100099,191,100013,191,100168,191,99970,191,100201,100,99969,100,100360,100,99966,200,100846,100,99963,100,100860,100,99959,100,100903,100,99956,100
2019-06-28 09:42:35.796195938,100080,91,100070,191,100090,191,100038,191,100092,191,100020,191,100099,191,100013,191,100168,191,99970,191,100201,100,99969,100,100360,100,99966,200,100846,100,99963,100,100860,100,99959,100,100903,100,99956,100
2019-06-28 09:42:40.000000000,100090,328,100070,328,100092,328,100038,328,100099,100,100020,100,100168,100,100013,100,100201,100,99970,100,100360,100,99969,100,100846,100,99966,200,100860,100,99963,100,100903,100,99959,100,101072,100,99956,100
2019-06-28 09:42:43.207561476,100090,328,100070,328,100092,328,100038,328,100099,100,100020,100,100168,100,100013,100,100201,100,99970,100,100360,100,99969,100,100439,100,99966,200,100846,100,99963,100,100860,100,99959,100,100903,100,99956,100
2019-06-28 09:42:50.000000000,100090,328,100070,328,100092,328,100038,328,100099,100,100020,100,100168,100,100013,100,100201,100,99970,100,100360,100,99969,100,100439,100,99966,200,100846,100,99963,100,100860,100,99959,100,100903,100,99956,100
2019-06-28 09:42:54.247141997,100090,228,100070,328,100092,328,100038,328,100099,100,100020,100,100168,100,100013,100,100201,100,99970,100,100360,100,99969,100,100439,100,99966,200,100846,100,99963,100,100860,100,99959,100,100903,100,99956,100
2019-06-28 09:42:56.168187367,100090,328,100070,328,100092,328,100038,328,100099,100,100020,100,100168,100,100013,100,100201,100,99970,100,100360,100,99969,100,100439,100,99966,200,100846,100,99963,100,100860,100,99959,100,100903,100,99956,100
2019-06-28 09:42:58.706028508,100090,328,100070,328,100092,328,100057,100,100099,100,100038,328,100168,100,100020,100,100201,100,100013,100,100360,100,99970,100,100439,100,99969,100,100846,100,99966,200,100860,100,99963,100,100903,100,99956,100
2019-06-28 09:43:00.000000000,100090,328,100070,328,100092,328,100057,328,100099,100,100038,100,100168,100,100020,100,100201,100,100013,100,100360,100,99970,100,100439,100,99969,100,100846,100,99966,200,100860,100,99963,100,100903,100,99956,100
2019-06-28 09:43:00.733177363,100090,328,100070,328,100092,328,100057,328,100099,100,100038,100,100168,100,100020,100,100201,100,100013,100,100360,100,99970,100,100439,100,99969,100,100846,100,99966,200,100860,100,99963,100,101072,100,99956,100
2019-06-28 09:43:10.000000000,100090,191,100070,191,100092,191,100057,191,100099,191,100038,191,100168,191,100020,191,100201,191,100013,191,100360,100,99970,100,100439,100,99969,100,100846,100,99966,200,100860,100,99963,100,101072,100,99956,100
2019-06-28 09:43:20.000000000,100090,556,100070,556,100092,100,100057,100,100099,100,100038,100,100168,100,100020,100,100201,100,100013,100,100360,100,99970,100,100439,100,99969,100,100846,100,99966,200,100860,100,99963,100,101072,100,99956,100
2019-06-28 09:43:29.527168336,100090,556,100070,456,100092,100,100057,100,100099,100,100038,100,100168,100,100020,100,100201,100,100013,100,100360,100,99970,100,100846,100,99969,100,100860,100,99966,200,101072,100,99963,100,,,99956,100
2019-06-28 09:43:30.000000000,100090,191,100057,191,100092,191,100038,191,100099,191,100020,191,100168,191,100013,191,100201,191,99970,191,100360,100,99969,100,100846,100,99966,200,100860,100,99963,100,101072,100,99956,100,,,99952,100
2019-06-28 09:43:35.841566135,100090,191,100057,91,100092,191,100038,191,100099,191,100020,191,100168,191,100013,191,100201,191,99970,191,100360,100,99969,100,100846,100,99966,100,100860,100,99963,100,101072,100,99956,100,,,99952,100
2019-06-28 09:43:40.000000000,100090,556,100038,556,100092,100,100020,100,100099,100,100013,100,100168,100,99970,100,100201,100,99969,100,100360,100,99966,100,100846,100,99963,100,100860,100,99956,100,101072,100,99952,100,,,99949,100
2019-06-28 09:43:46.960578399,100090,556,100038,556,100092,100,100020,100,100099,100,100013,100,100168,100,99970,100,100201,100,99969,100,100846,100,99966,100,100860,100,99963,100,101072,100,99956,100,,,99952,100,,,99949,100
2019-06-28 09:43:47.104141802,100090,556,100038,456,100092,100,100020,100,100099,100,100013,100,100168,100,99970,100,100201,100,99969,100,100846,100,99966,100,100860,100,99963,100,101072,100,99956,100,,,99952,100,,,99949,100
2019-06-28 09:43:50.000000000,100090,328,100020,328,100092,328,100013,328,100099,100,99970,100,100168,100,99969,100,100201,100,99966,100,100846,100,99963,100,100860,100,99956,100,101072,100,99952,100,,,99949,100,,,99940,100
2019-06-28 09:43:57.215678434,100057,100,100020,328,100090,328,100013,328,100092,328,99970,100,100099,100,99969,100,100168,100,99966,100,100201,100,99963,100,100846,100,99956,100,100860,100,99952,100,101072,100,99949,100,,,99940,100
2019-06-28 09:44:00.000000000,100057,214,100020,214,100090,214,100013,214,100092,214,99970,214,100099,214,99969,214,100168,100,99966,100,100201,100,99963,100,100846,100,99956,100,100860,100,99952,100,101072,100,99949,100,,,99940,100
2019-06-28 09:44:10.000000000,100057,255,100020,255,100090,250,100013,250,100092,250,99970,250,100099,100,99969,100,100168,100,99966,100,100201,100,99963,100,100846,100,99956,100,100860,100,99952,100,101072,100,99949,100,,,99940,100
2019-06-28 09:44:19.751589306,100057,255,100020,255,100090,250,100013,250,100092,250,99970,250,100099,100,99969,100,100168,100,99966,100,100201,100,99963,100,100846,100,99956,100,100860,100,99952,100,101072,100,99949,100,,,99940,100
2019-06-28 09:44:20.000000000,100057,556,100020,556,100090,100,100013,100,100092,100,99970,100,100099,100,99969,100,100168,100,99966,100,100201,100,99963,100,100846,100,99956,100,100860,100,99952,100,101072,100,99949,100,,,99940,100
2019-06-28 09:44:29.692086138,100057,456,100020,556,100090,100,100013,100,100092,100,99970,100,100099,100,99969,100,100168,100,99966,100,100201,100,99963,100,100846,100,99956,100,100860,100,99952,100,101072,100,99949,100,,,99940,100
2019-06-28 09:44:30.000000000,100090,328,100020,328,100092,328,100013,328,100099,100,99970,100,100168,100,99969,100,100201,100,99966,100,100846,100,99963,100,100860,100,99956,100,101072,100,99952,100,,,99949,100,,,99940,100
2019-06-28 09:44:40.000000000,100090,328,100020,328,100092,328,100013,328,100099,100,99970,100,100168,100,99969,100,100201,100,99966,100,100846,100,99963,100,100860,100,99956,100,101072,100,99952,100,,,99949,100,,,99940,100
2019-06-28 09:44:43.656805517,100090,328,100039,100,100092,328,100020,328,100099,100,100013,328,100168,100,99970,100,100201,100,99969,100,100846,100,99966,100,100860,100,99963,100,101072,100,99956,100,,,99952,100,,,99949,100
2019-06-28 09:44:45.945320650,100090,228,100039,100,100092,328,100020,328,100099,100,100013,328,100168,100,99970,100,100201,100,99969,100,100846,100,99966,100,100860,100,99963,100,101072,100,99956,100,,,99952,100,,,99949,100
2019-06-28 09:44:50.000000000,100092,328,100039,328,100099,328,100020,328,100168,100,100013,100,100201,100,99970,100,100846,100,99969,100,100860,100,99966,100,101072,100,99963,100,,,99956,100,,,99952,100,,,99949,100
2019-06-28 09:45:00.000000000,100092,255,100039,255,100099,250,100020,250,100168,250,100013,250,100201,100,99970,100,100846,100,99969,100,100860,100,99966,100,101072,100,99963,100,,,99956,100,,,99952,100,,,99949,100
2019-06-28 09:45:02.636723877,100092,255,100057,100,100099,250,100039,255,100168,250,100020,250,100201,100,100013,250,100846,100,99970,100,100860,100,99969,100,101072,100,99966,100,,,99963,100,,,99956,100,,,99952,100
2019-06-28 09:45:08.056287814,100092,255,100057,200,100099,250,100039,255,100168,250,100020,250,100201,100,100013,250,100846,100,99970,100,100860,100,99969,100,101072,100,99966,100,,,99963,100,,,99956,100,,,99952,100
2019-06-28 09:45:10.000000000,100092,556,100057,656,100099,100,100039,100,100168,100,100020,100,100201,100,100013,100,100846,100,99970,100,100860,100,99969,100,101072,100,99966,100,,,99963,100,,,99956,100,,,99952,100
2019-06-28 09:45:15.502593541,100092,556,100057,656,100099,100,100039,100,100168,100,100020,100,100176,100,100013,100,100201,100,99970,100,100846,100,99969,100,100860,100,99966,100,101072,100,99963,100,,,99956,100,,,99952,100
2019-06-28 09:45:20.000000000,100092,556,100057,656,100099,100,100039,100,100168,100,100020,100,100176,100,100013,100,100201,100,99970,100,100846,100,99969,100,100860,100,99966,100,101072,100,99963,100,,,99956,100,,,99952,100
2019-06-28 09:45:21.726047436,100092,556,100057,756,100099,100,100039,100,100168,100,100020,100,100176,100,100013,100,100201,100,99970,100,100846,100,99969,100,100860,100,99966,100,101072,100,99963,100,,,99956,100,,,99952,100
2019-06-28 09:45:30.000000000,100092,214,100057,414,100099,214,100039,214,100168,214,100020,214,100176,214,100013,214,100201,100,99970,100,100846,100,99969,100,100860,100,99966,100,101072,100,99963,100,,,99956,100,,,99952,100
2019-06-28 09:45:31.029847069,100092,214,100057,414,100099,214,100039,214,100168,214,100020,214,100176,214,100013,214,100201,100,99969,100,100384,100,99966,100,100846,100,99963,100,100860,100,99956,100,101072,100,99952,100,,,99949,100
2019-06-28 09:45:40.000000000,100092,328,100057,528,100099,328,100039,328,100168,100,100020,100,100176,100,100013,100,100201,100,99969,100,100384,100,99966,100,100846,100,99963,100,100860,100,99956,100,101072,100,99952,100,,,99949,100
2019-06-28 09:45:50.000000000,100092,191,100057,391,100099,191,100039,191,100168,191,100020,191,100176,191,100013,191,100201,191,99969,191,100384,100,99966,100,100846,100,99963,100,100860,100,99956,100,101072,100,99952,100,,,99949,100
2019-06-28 09:45:56.465841038,100092,191,100057,391,100099,191,100039,191,100168,191,100020,191,100176,191,100013,191,100201,191,99969,191,100384,100,99966,100,100526,100,99963,100,100846,100,99956,100,100860,100,99952,100,101072,100,99949,100
2019-06-28 09:46:00.000000000,100092,556,100057,756,100099,100,100039,100,100168,100,100020,100,100176,100,100013,100,100201,100,99969,100,100384,100,99966,100,100526,100,99963,100,100846,100,99956,100,100860,100,99952,100,101072,100,99949,100
2019-06-28 09:46:06.865074025,100092,556,100057,756,100099,100,100039,100,100168,100,100020,100,100176,100,100013,100,100189,100,99969,100,100201,100,99966,100,100384,100,99963,100,100526,100,99956,100,100846,100,99952,100,100860,100,99949,100
2019-06-28 09:46:10.000000000,100092,328,100057,528,100099,328,100039,328,100168,100,100020,100,100176,100,100013,100,100189,100,99969,100,100201,100,99966,100,100384,100,99963,100,100526,100,99956,100,100846,100,99952,100,100860,100,99949,100
2019-06-28 09:46:10.472251778,100092,228,100057,528,100099,328,100039,328,100168,100,100020,100,100176,100,100013,100,100189,100,99969,100,100201,100,99966,100,100384,100,99963,100,100526,100,99956,100,100846,100,99952,100,100860,100,99949,100
2019-06-28 09:46:16.317106996,100092,228,100057,428,100099,328,100039,328,100168,100,100020,100,100176,100,100013,100,100189,100,99969,100,100201,100,99966,100,100384,100,99963,100,100526,100,99956,100,100846,100,99952,100,100860,100,99949,100
2019-06-28 09:46:20.000000000,100099,328,100057,428,100168,328,100039,328,100176,100,100020,100,100189,100,100013,100,100201,100,99969,100,100384,100,99966,100,100526,100,99963,100,100846,100,99956,100,100860,100,99952,100,101072,100,99949,100
2019-06-28 09:46:20.324090156,100099,228,100057,428,100168,328,100039,328,100176,100,100020,100,100189,100,100013,100,100201,100,99969,100,100384,100,99966,100,100526,100,99963,100,100846,100,99956,100,101072,100,99952,100,,,99949,100
2019-06-28 09:46:21.876258879,100099,228,100057,428,100168,228,100039,328,100176,100,100020,100,100189,100,100013,100,100201,100,99969,100,100384,100,99966,100,100521,100,99963,100,100526,100,99956,100,100846,100,99952,100,101072,100,99949,100
2019-06-28 09:46:30.000000000,100176,556,100057,656,100189,100,100039,100,100201,100,100020,100,100384,100,100013,100,100521,100,99969,100,100526,100,99966,100,100846,100,99963,100,101072,100,99956,100,,,99952,100,,,99949,100
2019-06-28 09:46:40.000000000,100176,556,100057,656,100189,100,100039,100,100201,100,100020,100,100384,100,100013,100,100521,100,99969,100,100526,100,99966,100,100846,100,99963,100,101072,100,99956,100,,,99952,100,,,99949,100
2019-06-28 09:46:50.000000000,100176,214,100057,314,100189,214,100039,214,100201,214,100020,214,100384,214,100013,214,100521,100,99969,100,100526,100,99966,100,100846,100,99963,100,101072,100,99956,100,,,99952,100,,,99949,100
2019-06-28 09:47:00.000000000,100176,556,100057,656,100189,100,100039,100,100201,100,100020,100,100384,100,100013,100,100521,100,99969,100,100526,100,99966,100,100846,100,99963,100,101072,100,99956,100,,,99952,100,,,99949,100
2019-06-28 09:47:03.900014546,100176,556,100057,656,100189,100,100039,100,100201,100,100020,100,100384,100,100013,100,100521,100,99969,100,100526,100,99966,100,100713,100,99963,100,100846,100,99952,100,101072,100,99949,100,,,99940,100
2019-06-28 09:47:10.000000000,100176,328,100057,428,100189,328,100039,328,100201,100,100020,100,100384,100,100013,100,100521,100,99969,100,100526,100,99966,100,100713,100,99963,100,100846,100,99952,100,101072,100,99949,100,,,99940,100
2019-06-28 09:47:20.000000000,100176,556,100057,656,100189,100,100039,100,100201,100,100020,100,100384,100,100013,100,100521,100,99969,100,100526,100,99966,100,100713,100,99963,100,100846,100,99952,100,101072,100,99949,100,,,99940,100
2019-06-28 09:47:21.268061264,100176,556,100057,656,100189,100,100039,100,100201,100,100020,100,100521,100,100013,100,100526,100,99969,100,100713,100,99966,100,100846,100,99963,100,100859,100,99952,100,101072,100,99949,100,,,99940,100
2019-06-28 09:47:27.152101242,100176,556,100057,656,100189,100,100039,100,100201,100,100020,100,100521,100,100013,100,100526,100,99969,100,100588,100,99966,100,100713,100,99963,100,100846,100,99952,100,100859,100,99949,100,101072,100,99940,100
2019-06-28 09:47:30.000000000,100176,328,100057,428,100189,328,100039,328,100201,100,100020,100,100521,100,100013,100,100526,100,99969,100,100588,100,99966,100,100713,100,99963,100,100846,100,99952,100,100859,100,99949,100,101072,100,99940,100
2019-06-28 09:47:40.000000000,100176,328,100057,428,100189,328,100039,328,100201,100,100020,100,100521,100,100013,100,100526,100,99969,100,100588,100,99966,100,100713,100,99963,100,100846,100,99952,100,100859,100,99949,100,101072,100,99940,100
2019-06-28 09:47:50.000000000,100176,328,100057,428,100189,328,100039,328,100201,100,100020,100,100521,100,100013,100,100526,100,99969,100,100588,100,99966,100,100713,100,99963,100,100846,100,99952,100,100859,100,99949,100,101072,100,99940,100
2019-06-28 09:48:00.000000000,100176,214,100057,314,100189,214,100039,214,100201,214,100020,214,100521,214,100013,214,100526,100,99969,100,100588,100,99966,100,100713,100,99963,100,100846,100,99952,100,100859,100,99949,100,101072,100,99940,100
2019-06-28 09:48:06.807783907,100176,214,100092,100,100189,214,100057,314,100201,214,100039,214,100521,214,100020,214,100526,100,100013,214,100588,100,99969,100,100713,100,99966,100,100846,100,99963,100,100859,100,99952,100,101072,100,99949,100
2019-06-28 09:48:10.000000000,100176,214,100092,214,100189,214,100057,314,100201,214,100039,214,100521,214,100020,214,100526,100,100013,100,100588,100,99969,100,100713,100,99966,100,100846,100,99963,100,100859,100,99952,100,101072,100,99949,100
2019-06-28 09:48:20.000000000,100176,328,100092,328,100189,328,100057,428,100201,100,100039,100,100521,100,100020,100,100526,100,100013,100,100588,100,99969,100,100713,100,99966,100,100846,100,99963,100,100859,100,99952,100,101072,100,99949,100
2019-06-28 09:48:21.285623490,100176,228,100092,328,100189,328,100057,428,100201,100,100039,100,100521,100,100020,100,100526,100,100013,100,100588,100,99969,100,100713,100,99966,100,100846,100,99963,100,100859,100,99952,100,101072,100,99949,100
2019-06-28 09:48:30.000000000,100189,214,100092,214,100201,214,100057,314,100521,214,100039,214,100526,214,100020,214,100588,100,100013,100,100713,100,99969,100,100846,100,99966,100,100859,100,99963,100,101072,100,99952,100,,,99949,100
2019-06-28 09:48:40.000000000,100189,328,100092,328,100201,328,100057,428,100521,100,100039,100,100526,100,100020,100,100588,100,100013,100,100713,100,99969,100,100846,100,99966,100,100859,100,99963,100,101072,100,99952,100,,,99949,100
2019-06-28 09:48:50.000000000,100189,328,100092,328,100201,328,100057,428,100521,100,100039,100,100526,100,100020,100,100588,100,100013,100,100713,100,99969,100,100846,100,99966,100,100859,100,99963,100,101072,100,99952,100,,,99949,100
2019-06-28 09:48:51.526830392,100189,328,100099,100,100201,328,100092,328,100521,100,100057,428,100526,100,100039,100,100588,100,100020,100,100713,100,100013,100,100846,100,99969,100,100859,100,99966,100,101072,100,99963,100,,,99952,100
2019-06-28 09:49:00.000000000,100189,214,100099,214,100201,214,100092,214,100521,214,100057,314,100526,214,100039,214,100588,100,100020,100,100713,100,100013,100,100846,100,99969,100,100859,100,99966,100,101072,100,99963,100,,,99952,100
2019-06-28 09:49:10.000000000,100189,214,100099,214,100201,214,100092,214,100521,214,100057,314,100526,214,100039,214,100588,100,100020,100,100713,100,100013,100,100846,100,99969,100,100859,100,99966,100,101072,100,99963,100,,,99952,100
2019-06-28 09:49:11.665005362,100189,214,100099,314,100201,214,100092,214,100521,214,100057,314,100526,214,100039,214,100588,100,100020,100,100713,100,100013,100,100846,100,99969,100,100859,100,99966,100,101072,100,99963,100,,,99952,100
2019-06-28 09:49:20.000000000,100189,191,100099,291,100201,191,100092,191,100521,191,100057,291,100526,191,100039,191,100588,191,100020,191,100713,100,100013,100,100846,100,99969,100,100859,100,99966,100,101072,100,99963,100,,,99952,100
2019-06-28 09:49:26.931944909,100189,191,100099,291,100201,191,100092,191,100521,191,100057,291,100526,191,100039,191,100588,191,100020,191,100713,100,100013,100,100846,100,99969,100,100859,100,99966,100,101072,100,99963,100,101077,100,99952,100
2019-06-28 09:49:30.000000000,100189,191,100099,291,100201,191,100092,191,100521,191,100057,291,100526,191,100039,191,100588,191,100020,191,100713,100,100013,100,100846,100,99969,100,100859,100,99966,100,101072,100,99963,100,101077,100,99952,100
2019-06-28 09:49:38.191487190,100189,91,100099,291,100201,191,100092,191,100521,191,100057,291,100526,191,100039,191,100588,191,100020,191,100713,100,100013,100,100846,100,99969,100,100859,100,99966,100,101072,100,99963,100,101077,100,99952,100
2019-06-28 09:49:40.000000000,100201,191,100099,291,100521,191,100092,191,100526,191,100057,291,100588,191,100039,191,100713,191,100020,191,100846,100,100013,100,100859,100,99969,100,101072,100,99966,100,101077,100,99963,100,,,99952,100
2019-06-28 09:49:50.000000000,100201,191,100099,291,100521,191,100092,191,100526,191,100057,291,100588,191,100039,191,100713,191,100020,191,100846,100,100013,100,100859,100,99969,100,101072,100,99966,100,101077,100,99963,100,,,99952,100
2019-06-28 09:49:53.166923799,100201,191,100176,100,100521,191,100099,291,100526,191,100092,191,100588,191,100057,291,100713,191,100039,191,100846,100,100020,191,100859,100,100013,100,101072,100,99969,100,101077,100,99963,100,,,99952,100
2019-06-28 09:50:00.000000000,100201,214,100176,214,100521,214,100099,314,100526,214,100092,214,100588,214,100057,314,100713,100,100039,100,100846,100,100020,100,100859,100,100013,100,101072,100,99969,100,101077,100,99963,100,,,99952,100
2019-06-28 09:50:10.000000000,100201,328,100176,328,100521,328,100099,428,100526,100,100092,100,100588,100,100057,200,100713,100,100039,100,100846,100,100020,100,100859,100,100013,100,101072,100,99969,100,101077,100,99963,100,,,99952,100
2019-06-28 09:50:20.000000000,100201,328,100176,328,100521,328,100099,428,100526,100,100092,100,100588,100,100057,200,100713,100,100039,100,100846,100,100020,100,100859,100,100013,100,101072,100,99969,100,101077,100,99963,100,,,99952,100
2019-06-28 09:50:27.761446124,100201,328,100176,328,100521,328,100099,328,100526,100,100092,100,100588,100,100057,200,100713,100,100039,100,100846,100,100020,100,100859,100,100013,100,101072,100,99969,100,101077,100,99963,100,,,99952,100
2019-06-28 09:50:30.000000000,100201,556,100176,556,100521,100,100099,100,100526,100,100092,100,100588,100,100057,200,100713,100,100039,100,100846,100,100020,100,100859,100,100013,100,101072,100,99969,100,101077,100,99963,100,,,99952,100
2019-06-28 09:50:36.808813104,100201,556,100176,556,100521,100,100099,100,100526,100,100092,100,100588,100,100057,200,100713,100,100039,100,100846,100,100020,100,100859,100,100013,100,101072,100,99969,100,101077,100,99963,100,101346,100,99952,100
2019-06-28 09:50:40.000000000,100201,214,100176,214,100521,214,100099,214,100526,214,100092,214,100588,214,100057,314,100713,100,100039,100,100846,100,100020,100,100859,100,100013,100,101072,100,99969,100,101077,100,99963,100,101346,100,99952,100
2019-06-28 09:50:50.000000000,100201,556,100176,556,100521,100,100099,100,100526,100,100092,100,100588,100,100057,200,100713,100,100039,100,100846,100,100020,100,100859,100,100013,100,101072,100,99969,100,101077,100,99963,100,101346,100,99952,100
2019-06-28 09:51:00.000000000,100201,556,100176,556,100521,100,100099,100,100526,100,100092,100,100588,100,100057,200,100713,100,100039,100,100846,100,100020,100,100859,100,100013,100,101072,100,99969,100,101077,100,99963,100,101346,100,99952,100
2019-06-28 09:51:10.000000000,100201,191,100176,191,100521,191,100099,191,100526,191,100092,191,100588,191,100057,291,100713,191,100039,191,100846,100,100020,100,100859,100,100013,100,101072,100,99969,100,101077,100,99963,100,101346,100,99952,100
2019-06-28 09:51:18.879827994,100201,191,100176,191,100521,191,100099,191,100526,191,100092,191,100588,191,100057,291,100713,191,100039,191,100730,100,100020,100,100846,100,100013,100,100859,100,99969,100,101072,100,99963,100,101077,100,99952,100
2019-06-28 09:51:20.000000000,100201,556,100176,556,100521,100,100099,100,100526,100,100092,100,100588,100,100057,200,100713,100,100039,100,100730,100,100020,100,100846,100,100013,100,100859,100,99969,100,101072,100,99963,100,101077,100,99952,100
2019-06-28 09:51:29.849061890,100201,456,100176,556,100521,100,100099,100,100588,100,100092,100,100713,100,100057,200,100730,100,100039,100,100846,100,100020,100,100859,100,100013,100,101072,100,99969,100,101077,100,99963,100,101346,100,99952,100
2019-06-28 09:51:30.000000000,100521,214,100176,214,100588,214,100099,214,100713,214,100092,214,100730,214,100057,314,100846,100,100039,100,100859,100,100020,100,101072,100,100013,100,101077,100,99969,100,101346,100,99963,100,,,99952,100
2019-06-28 09:51:40.000000000,100521,556,100176,556,100588,100,100099,100,100713,100,100092,100,100730,100,100057,200,100846,100,100039,100,100859,100,100020,100,101072,100,100013,100,101077,100,99969,100,101346,100,99963,100,,,99952,100
2019-06-28 09:51:40.747142426,100521,456,100176,556,100588,100,100099,100,100713,100,100092,100,100730,100,100057,200,100846,100,100039,100,101072,100,100020,100,101077,100,100013,100,101346,100,99969,100,,,99963,100,,,99952,100
2019-06-28 09:51:50.000000000,100588,191,100176,191,100713,191,100099,191,100730,191,100092,191,100846,191,100057,291,101072,191,100039,191,101077,100,100020,100,101346,100,100013,100,,,99969,100,,,99963,100,,,99952,100
2019-06-28 09:51:54.748769061,100588,191,100201,100,100713,191,100176,191,100730,191,100099,191,100846,191,100092,191,101072,191,100057,191,101077,100,100039,191,101346,100,100020,100,,,100013,100,,,99969,100,,,99963,100
2019-06-28 09:52:00.000000000,100588,556,100201,556,100713,100,100176,100,100730,100,100099,100,100846,100,100092,100,101072,100,100057,100,101077,100,100039,100,101346,100,100020,100,,,100013,100,,,99969,100,,,99963,100
2019-06-28 09:52:04.155319089,100588,556,100201,656,100713,100,100176,100,100730,100,100099,100,100846,100,100092,100,101072,100,100057,100,101077,100,100039,100,101346,100,100020,100,,,100013,100,,,99969,100,,,99963,100
2019-06-28 09:52:10.000000000,100588,191,100201,291,100713,191,100176,191,100730,191,100099,191,100846,191,100092,191,101072,191,100057,191,101077,100,100039,100,101346,100,100020,100,,,100013,100,,,99969,100,,,99963,100
2019-06-28 09:52:20.000000000,100588,191,100201,291,100713,191,100176,191,100730,191,100099,191,100846,191,100092,191,101072,191,100057,191,101077,100,100039,100,101346,100,100020,100,,,100013,100,,,99969,100,,,99963,100
2019-06-28 09:52:30.000000000,100588,191,100201,291,100713,191,100176,191,100730,191,100099,191,100846,191,100092,191,101072,191,100057,191,101077,100,100039,100,101346,100,100020,100,,,100013,100,,,99969,100,,,99963,100
2019-06-28 09:52:40.000000000,100588,556,100201,656,100713,100,100176,100,100730,100,100099,100,100846,100,100092,100,101072,100,100057,100,101077,100,100039,100,101346,100,100020,100,,,100013,100,,,99969,100,,,99963,100
2019-06-28 09:52:41.362133626,100588,556,100222,100,100713,100,100201,656,100730,100,100176,100,100846,100,100099,100,101072,100,100092,100,101077,100,100057,100,101346,100,100039,100,,,100020,100,,,100013,100,,,99969,100
2019-06-28 09:52:50.000000000,100588,191,100222,191,100713,191,100201,291,100730,191,100176,191,100846,191,100099,191,101072,191,100092,191,101077,100,100057,100,101346,100,100039,100,,,100020,100,,,100013,100,,,99969,100
2019-06-28 09:53:00.000000000,100588,214,100222,214,100713,214,100201,314,100730,214,100176,214,100846,214,100099,214,101072,100,100092,100,101077,100,100057,100,101346,100,100039,100,,,100020,100,,,100013,100,,,99969,100
2019-06-28 09:53:10.000000000,100588,328,100222,328,100713,328,100201,428,100730,100,100176,100,100846,100,100099,100,101072,100,100092,100,101077,100,100057,100,101346,100,100039,100,,,100020,100,,,100013,100,,,99969,100
2019-06-28 09:53:20.000000000,100588,255,100222,255,100713,250,100201,350,100730,250,100176,250,100846,100,100099,100,101072,100,100092,100,101077,100,100057,100,101346,100,100039,100,,,100020,100,,,100013,100,,,99969,100
2019-06-28 09:53:30.000000000,100588,214,100222,214,100713,214,100201,314,100730,214,100176,214,100846,214,100099,214,101072,100,100092,100,101077,100,100057,100,101346,100,100039,100,,,100020,100,,,100013,100,,,99969,100
2019-06-28 09:53:37.131734863,100588,214,100235,100,100713,214,100222,214,100730,214,100201,314,100846,214,100176,214,101072,100,100099,214,101077,100,100092,100,101346,100,100057,100,,,100039,100,,,100020,100,,,100013,100
2019-06-28 09:53:40.000000000,100588,214,100235,214,100713,214,100222,214,100730,214,100201,314,100846,214,100176,214,101072,100,100099,100,101077,100,100092,100,101346,100,100057,100,,,100039,100,,,100020,100,,,100013,100
2019-06-28 09:53:50.000000000,100588,556,100235,556,100713,100,100222,100,100730,100,100201,200,100846,100,100176,100,101072,100,100099,100,101077,100,100092,100,101346,100,100057,100,,,100039,100,,,100020,100,,,100013,100
2019-06-28 09:54:00.000000000,100588,255,100235,255,100713,250,100222,250,100730,250,100201,350,100846,100,100176,100,101072,100,100099,100,101077,100,100092,100,101346,100,100057,100,,,100039,100,,,100020,100,,,100013,100
2019-06-28 09:54:06.884077709,100520,100,100235,255,100588,255,100222,250,100713,250,100201,350,100730,250,100176,100,100846,100,100099,100,101072,100,100092,100,101077,100,100057,100,101346,100,100039,100,,,100020,100,,,100013,100
2019-06-28 09:54:10.000000000,100520,328,100235,328,100588,328,100222,328,100713,100,100201,200,100730,100,100176,100,100846,100,100099,100,101072,100,100092,100,101077,100,100057,100,101346,100,100039,100,,,100020,100,,,100013,100
2019-06-28 09:54:14.408577698,100520,328,100235,228,100588,328,100222,328,100713,100,100201,200,100730,100,100176,100,100846,100,100099,100,101072,100,100092,100,101077,100,100057,100,101346,100,100020,100,,,100013,100,,,99969,100
2019-06-28 09:54:20.000000000,100520,328,100222,328,100588,328,100201,428,100713,100,100176,100,100730,100,100099,100,100846,100,100092,100,101072,100,100057,100,101077,100,100020,100,101346,100,100013,100,,,99969,100,,,99963,100
2019-06-28 09:54:22.177332728,100368,100,100222,328,100520,328,100201,428,100588,328,100176,100,100713,100,100099,100,100730,100,100092,100,100846,100,100057,100,101072,100,100020,100,101077,100,100013,100,101346,100,99969,100,,,99963,100
2019-06-28 09:54:27.128061856,100368,100,100222,228,100520,328,100201,428,100588,328,100176,100,100713,100,100099,100,100730,100,100092,100,100846,100,100057,100,101072,100,100020,100,101077,100,100013,100,101346,100,99969,100,,,99963,100
2019-06-28 09:54:30.000000000,100368,214,100201,314,100520,214,100176,214,100588,214,100099,214,100713,214,100092,214,100730,100,100057,100,100846,100,100020,100,101072,100,100013,100,101077,100,99969,100,101346,100,99963,100,,,99952,100
2019-06-28 09:54:40.000000000,100368,191,100201,291,100520,191,100176,191,100588,191,100099,191,100713,191,100092,191,100730,191,100057,191,100846,100,100020,100,101072,100,100013,100,101077,100,99969,100,101346,100,99963,100,,,99952,100
2019-06-28 09:54:50.000000000,100368,191,100201,291,100520,191,100176,191,100588,191,100099,191,100713,191,100092,191,100730,191,100057,191,100846,100,100020,100,101072,100,100013,100,101077,100,99969,100,101346,100,99963,100,,,99952,100
2019-06-28 09:54:56.304418272,100368,191,100201,191,100520,191,100176,191,100588,191,100099,191,100713,191,100092,191,100730,191,100057,191,100846,100,100020,100,101072,100,100013,100,101077,100,99969,100,101346,100,99963,100,,,99952,100
2019-06-28 09:54:57.701510876,100368,191,100201,91,100520,191,100176,191,100588,191,100099,191,100713,191,100092,191,100730,191,100057,191,100846,100,100020,100,101072,100,100013,100,101077,100,99969,100,101346,100,99963,100,,,99952,100
2019-06-28 09:54:57.787384401,100368,191,100201,91,100520,191,100176,191,100588,191,100099,191,100713,191,100092,191,100730,191,100057,191,100846,100,100020,100,101072,100,100013,100,101077,100,99969,100,101346,100,99963,100,,,99952,100
2019-06-28 09:55:00.000000000,100368,556,100176,556,100520,100,100099,100,100588,100,100092,100,100713,100,100057,100,100730,100,100020,100,100846,100,100013,100,101072,100,99969,100,101077,100,99963,100,101346,100,99952,100,,,99940,100
2019-06-28 09:55:06.861254085,100368,556,100176,556,100520,100,100099,100,100588,100,100092,100,100713,100,100057,100,100730,100,100020,100,100846,100,100013,100,101072,100,99969,100,101077,100,99963,100,101346,100,99952,100,,,99922,100
2019-06-28 09:55:10.000000000,100368,255,100176,255,100520,250,100099,250,100588,250,100092,250,100713,100,100057,100,100730,100,100020,100,100846,100,100013,100,101072,100,99969,100,101077,100,99963,100,101346,100,99952,100,,,99922,100
2019-06-28 09:55:20.000000000,100368,556,100176,556,100520,100,100099,100,100588,100,100092,100,100713,100,100057,100,100730,100,100020,100,100846,100,100013,100,101072,100,99969,100,101077,100,99963,100,101346,100,99952,100,,,99922,100
2019-06-28 09:55:30.000000000,100368,255,100176,255,100520,250,100099,250,100588,250,100092,250,100713,100,100057,100,100730,100,100020,100,100846,100,100013,100,101072,100,99969,100,101077,100,99963,100,101346,100,99952,100,,,99922,100
2019-06-28 09:55:40.000000000,100368,556,100176,556,100520,100,100099,100,100588,100,100092,100,100713,100,100057,100,100730,100,100020,100,100846,100,100013,100,101072,100,99969,100,101077,100,99963,100,101346,100,99952,100,,,99922,100
2019-06-28 09:55:50.000000000,100368,328,100176,328,100520,328,100099,328,100588,100,100092,100,100713,100,100057,100,100730,100,100020,100,100846,100,100013,100,101072,100,99969,100,101077,100,99963,100,101346,100,99952,100,,,99922,100
2019-06-28 09:56:00.000000000,100368,255,100176,255,100520,250,100099,250,100588,250,100092,250,100713,100,100057,100,100730,100,100020,100,100846,100,100013,100,101072,100,99969,100,101077,100,99963,100,101346,100,99952,100,,,99922,100
2019-06-28 09:56:10.000000000,100368,328,100176,328,100520,328,100099,328,100588,100,100092,100,100713,100,100057,100,100730,100,100020,100,100846,100,100013,100,101072,100,99969,100,101077,100,99963,100,101346,100,99952,100,,,99922,100
2019-06-28 09:56:20.000000000,100368,255,100176,255,100520,250,100099,250,100588,250,100092,250,100713,100,100057,100,100730,100,100020,100,100846,100,100013,100,101072,100,99969,100,101077,100,99963,100,101346,100,99952,100,,,99922,100
2019-06-28 09:56:27.325157372,100368,255,100176,155,100520,250,100099,250,100588,250,100092,250,100713,100,100057,100,100730,100,100020,100,100846,100,100013,100,101072,100,99969,100,101077,100,99963,100,101346,100,99952,100,,,99922,100
2019-06-28 09:56:30.000000000,100368,255,100099,255,100520,250,100092,250,100588,250,100057,250,100713,100,100020,100,100730,100,100013,100,100846,100,99969,100,101072,100,99963,100,101077,100,99952,100,101346,100,99922,100,,,99918,200
2019-06-28 09:56:32.007219090,100368,255,100099,155,100520,250,100092,250,100588,150,100057,250,100713,100,100020,100,100730,100,100013,100,100846,100,99969,100,101072,100,99963,100,101077,100,99952,100,101346,100,99922,100,,,99918,200
2019-06-28 09:56:40.000000000,100368,214,100092,214,100520,214,100057,214,100713,214,100020,214,100730,214,100013,214,100846,100,99969,100,101072,100,99963,100,101077,100,99952,100,101346,100,99922,100,,,99918,200,,,99904,100
2019-06-28 09:56:45.587603840,100368,214,100092,114,100520,214,100057,214,100713,214,100020,214,100730,214,100013,214,100846,100,99969,100,101072,100,99963,100,101077,100,99952,100,101346,100,99922,100,,,99918,200,,,99904,100
2019-06-28 09:56:50.000000000,100368,191,100057,191,100520,191,100020,191,100713,191,100013,191,100730,191,99969,191,100846,191,99963,191,101072,100,99952,100,101077,100,99922,100,101346,100,99918,200,,,99904,100,,,99898,100
2019-06-28 09:56:56.977606701,100368,191,100057,191,100520,191,100020,91,100713,191,100013,191,100730,191,99969,191,100846,191,99963,191,101072,100,99952,100,101077,100,99922,100,101346,100,99918,200,,,99904,100,,,99898,100
2019-06-28 09:56:59.424739569,100099,100,100057,191,100368,191,100020,91,100520,191,100013,191,100713,191,99969,191,100730,191,99963,191,100846,191,99952,100,101072,100,99922,100,101077,100,99918,200,101346,100,99904,100,,,99898,100
2019-06-28 09:57:00.000000000,100099,556,100057,556,100368,100,100013,100,100520,100,99969,100,100713,100,99963,100,100730,100,99952,100,100846,100,99922,100,101072,100,99918,200,101077,100,99904,100,101346,100,99898,100,,,99895,200
2019-06-28 09:57:10.000000000,100099,191,100057,191,100368,191,100013,191,100520,191,99969,191,100713,191,99963,191,100730,191,99952,191,100846,100,99922,100,101072,100,99918,200,101077,100,99904,100,101346,100,99898,100,,,99895,200
2019-06-28 09:57:20.000000000,100099,214,100057,214,100368,214,100013,214,100520,214,99969,214,100713,214,99963,214,100730,100,99952,100,100846,100,99922,100,101072,100,99918,200,101077,100,99904,100,101346,100,99898,100,,,99895,200
2019-06-28 09:57:30.000000000,100099,328,100057,328,100368,328,100013,328,100520,100,99969,100,100713,100,99963,100,100730,100,99952,100,100846,100,99922,100,101072,100,99918,200,101077,100,99904,100,101346,100,99898,100,,,99895,200
2019-06-28 09:57:36.445946916,100099,328,100057,228,100368,328,100013,328,100520,100,99969,100,100713,100,99963,100,100730,100,99952,100,100846,100,99922,100,101072,100,99918,200,101077,100,99904,100,101346,100,99898,100,,,99895,200
2019-06-28 09:57:39.586093172,100099,328,100057,128,100368,328,100013,328,100520,100,99969,100,100713,100,99963,100,100730,100,99952,100,100846,100,99922,100,101072,100,99918,200,101077,100,99904,100,,,99898,100,,,99895,200
2019-06-28 09:57:40.000000000,100099,191,100013,191,100368,191,99969,191,100520,191,99963,191,100713,191,99952,191,100730,191,99922,191,100846,100,99918,200,101072,100,99904,100,101077,100,99898,100,,,99895,200,,,99888,100
2019-06-28 09:57:50.000000000,100099,255,100013,255,100368,250,99969,250,100520,250,99963,250,100713,100,99952,100,100730,100,99922,100,100846,100,99918,200,101072,100,99904,100,101077,100,99898,100,,,99895,200,,,99888,100
2019-06-28 09:57:50.207471757,100099,255,100013,155,100368,250,99969,250,100520,250,99963,250,100713,100,99952,100,100730,100,99922,100,100846,100,99918,200,101077,100,99904,100,,,99898,100,,,99895,200,,,99888,100
2019-06-28 09:58:00.000000000,100099,191,99969,191,100368,191,99963,191,100520,191,99952,191,100713,191,99922,191,100730,191,99918,291,100846,100,99904,100,101077,100,99898,100,,,99895,200,,,99888,100,,,99887,100
2019-06-28 09:58:05.400868466,100057,100,99969,191,100099,191,99963,191,100368,191,99952,191,100520,191,99922,191,100713,191,99918,291,100730,191,99904,100,100846,100,99898,100,101077,100,99895,200,,,99888,100,,,99887,100
2019-06-28 09:58:10.000000000,100057,214,99969,214,100099,214,99963,214,100368,214,99952,214,100520,214,99922,214,100713,100,99918,200,100730,100,99904,100,100846,100,99898,100,101077,100,99895,200,,,99888,100,,,99887,100
2019-06-28 09:58:17.590134747,100057,214,99969,214,100099,214,99963,214,100368,214,99952,214,100520,214,99922,214,100713,100,99918,200,100730,100,99904,100,100846,100,99898,100,101077,100,99895,200,,,99888,100,,,99887,100
2019-06-28 09:58:20.000000000,100057,328,99969,328,100099,328,99963,328,100368,100,99952,100,100520,100,99922,100,100713,100,99918,200,100730,100,99904,100,100846,100,99898,100,101077,100,99895,200,,,99888,100,,,99887,100
2019-06-28 09:58:30.000000000,100057,255,99969,255,100099,250,99963,250,100368,250,99952,250,100520,100,99922,100,100713,100,99918,200,100730,100,99904,100,100846,100,99898,100,101077,100,99895,200,,,99888,100,,,99887,100
2019-06-28 09:58:40.000000000,100057,556,99969,556,100099,100,99963,100,100368,100,99952,100,100520,100,99922,100,100713,100,99918,200,100730,100,99904,100,100846,100,99898,100,101077,100,99895,200,,,99888,100,,,99887,100
2019-06-28 09:58:44.732375355,100057,556,99969,556,100099,100,99963,100,100368,100,99952,100,100520,100,99922,100,100713,100,99918,200,100730,100,99904,100,100846,100,99898,100,101077,100,99895,200,,,99888,100,,,99887,100
2019-06-28 09:58:46.572365801,100057,556,99969,456,100099,100,99963,100,100368,100,99952,100,100520,100,99922,100,100713,100,99918,200,100730,100,99904,100,100846,100,99898,100,101077,100,99895,200,,,99888,100,,,99887,100
2019-06-28 09:58:46.850627829,100057,556,99969,356,100099,100,99963,100,100368,100,99952,100,100520,100,99922,100,100713,100,99918,200,100730,100,99904,100,100846,100,99898,100,101077,100,99895,200,,,99888,100,,,99887,100
2019-06-28 09:58:50.000000000,100057,214,99963,214,100099,214,99952,214,100368,214,99922,214,100520,214,99918,314,100713,100,99904,100,100730,100,99898,100,100846,100,99895,200,101077,100,99888,100,,,99887,100,,,99886,100
2019-06-28 09:58:51.578432638,100057,214,99963,214,100099,214,99952,214,100368,214,99922,214,100520,214,99918,314,100713,100,99904,100,100730,100,99898,100,100846,100,99895,200,101077,100,99888,100,,,99887,100,,,99886,100
2019-06-28 09:58:57.530578274,100057,214,99963,214,100099,214,99952,214,100368,214,99922,214,100520,214,99918,314,100713,100,99904,100,100730,100,99898,100,100846,100,99895,200,101077,100,99887,100,,,99886,100,,,99862,100
2019-06-28 09:59:00.000000000,100057,214,99963,214,100099,214,99952,214,100368,214,99922,214,100520,214,99918,314,100713,100,99904,100,100730,100,99898,100,100846,100,99895,200,101077,100,99887,100,,,99886,100,,,99862,100
2019-06-28 09:59:10.000000000,100057,255,99963,255,100099,250,99952,250,100368,250,99922,250,100520,100,99918,200,100713,100,99904,100,100730,100,99898,100,100846,100,99895,200,101077,100,99887,100,,,99886,100,,,99862,100
2019-06-28 09:59:20.000000000,100057,191,99963,191,100099,191,99952,191,100368,191,99922,191,100520,191,99918,291,100713,191,99904,191,100730,100,99898,100,100846,100,99895,200,101077,100,99887,100,,,99886,100,,,99862,100
2019-06-28 09:59:28.086671180,100057,191,99963,91,100099,191,99952,191,100368,191,99922,191,100520,191,99918,291,100713,191,99904,191,100730,100,99898,100,100846,100,99895,200,101077,100,99887,100,,,99886,100,,,99785,100
2019-06-28 09:59:30.000000000,100057,255,99952,255,100099,250,99922,250,100368,250,99918,350,100520,100,99904,100,100713,100,99898,100,100730,100,99895,200,100846,100,99887,100,101077,100,99886,100,,,99785,100,,,99640,100
2019-06-28 09:59:39.577345998,100057,255,99952,255,100099,250,99922,250,100368,250,99918,350,100520,100,99904,100,100713,100,99898,100,100730,100,99895,200,100846,100,99887,100,101077,100,99886,100,,,99785,100,,,99640,100
2019-06-28 09:59:40.000000000,100057,556,99952,556,100099,100,99922,100,100368,100,99918,200,100520,100,99904,100,100713,100,99898,100,100730,100,99895,200,100846,100,99887,100,101077,100,99886,100,,,99785,100,,,99640,100
2019-06-28 09:59:45.135303344,100057,556,99952,556,100099,100,99922,100,100368,100,99918,200,100520,100,99904,100,100713,100,99898,100,100730,100,99895,100,100846,100,99887,100,101077,100,99886,100,,,99785,100,,,99640,100
2019-06-28 09:59:50.000000000,100057,556,99952,556,100099,100,99922,100,100368,100,99918,200,100520,100,99904,100,100713,100,99898,100,100730,100,99895,100,100846,100,99887,100,101077,100,99886,100,,,99785,100,,,99640,100
2019-06-28 10:00:00.000000000,100057,191,99952,191,100099,191,99922,191,100368,191,99918,291,100520,191,99904,191,100713,191,99898,191,100730,100,99895,100,100846,100,99887,100,101077,100,99886,100,,,99785,100,,,99640,100
2019-06-28 10:00:04.209581213,100057,191,99952,91,100099,191,99922,191,100368,191,99918,291,100520,191,99904,191,100713,191,99898,191,100730,100,99895,100,100846,100,99887,100,101077,100,99886,100,,,99785,100,,,99640,100
2019-06-28 10:00:06.603360303,100057,191,99952,91,100099,191,99922,191,100368,191,99918,291,100520,191,99904,191,100713,191,99898,191,100730,100,99895,100,100846,100,99887,100,,,99886,100,,,99785,100,,,99640,100
2019-06-28 10:00:10.000000000,100057,255,99922,255,100099,250,99918,350,100368,250,99904,250,100520,100,99898,100,100713,100,99895,100,100730,100,99887,100,100846,100,99886,100,,,99785,100,,,99640,100,,,98730,100
2019-06-28 10:00:20.000000000,100057,255,99922,255,100099,250,99918,350,100368,250,99904,250,100520,100,99898,100,100713,100,99895,100,100730,100,99887,100,100846,100,99886,100,,,99785,100,,,99640,100,,,98730,100
2019-06-28 10:00:21.839312717,100057,255,99922,155,100099,250,99918,350,100368,250,99904,250,100520,100,99898,100,100713,100,99895,100,100730,100,99887,100,100846,100,99886,100,,,99785,100,,,99640,100,,,98730,100
2019-06-28 10:00:30.000000000,100057,255,99918,355,100099,250,99904,250,100368,250,99898,250,100520,100,99895,100,100713,100,99887,100,100730,100,99886,100,100846,100,99785,100,,,99640,100,,,98730,100,,,98641,100
2019-06-28 10:00:31.149494237,99952,100,99918,355,100057,155,99904,250,100099,250,99898,250,100368,250,99895,100,100520,100,99887,100,100713,100,99886,100,100730,100,99785,100,100846,100,99640,100,,,98730,100,,,98641,100
2019-06-28 10:00:35.529493929,99952,100,99918,255,100057,155,99904,250,100099,250,99898,250,100368,250,99895,100,100520,100,99887,100,100713,100,99886,100,100730,100,99785,100,100846,100,99640,100,,,98730,100,,,98641,100
2019-06-28 10:00:40.000000000,99952,556,99918,556,100099,100,99904,100,100368,100,99898,100,100520,100,99895,100,100713,100,99887,100,100730,100,99886,100,100846,100,99785,100,,,99640,100,,,98730,100,,,98641,100
2019-06-28 10:00:50.000000000,99952,214,99918,214,100099,214,99904,214,100368,214,99898,214,100520,214,99895,214,100713,100,99887,100,100730,100,99886,100,100846,100,99785,100,,,99640,100,,,98730,100,,,98641,100
2019-06-28 10:01:00.000000000,99952,191,99918,191,100099,191,99904,191,100368,191,99898,191,100520,191,99895,191,100713,191,99887,191,100730,100,99886,100,100846,100,99785,100,,,99640,100,,,98730,100,,,98641,100
2019-06-28 10:01:10.000000000,99952,556,99918,556,100099,100,99904,100,100368,100,99898,100,100520,100,99895,100,100713,100,99887,100,100730,100,99886,100,100846,100,99785,100,,,99640,100,,,98730,100,,,98641,100
2019-06-28 10:01:20.000000000,99952,255,99918,255,100099,250,99904,250,100368,250,99898,250,100520,100,99895,100,100713,100,99887,100,100730,100,99886,100,100846,100,99785,100,,,99640,100,,,98730,100,,,98641,100
2019-06-28 10:01:30.000000000,99952,328,99918,328,100099,328,99904,328,100368,100,99898,100,100520,100,99895,100,100713,100,99887,100,100730,100,99886,100,100846,100,99785,100,,,99640,100,,,98730,100,,,98641,100
2019-06-28 10:01:30.798654681,99952,328,99918,328,100099,328,99904,328,100368,100,99898,100,100520,100,99895,100,100713,100,99887,100,100730,100,99886,100,100846,100,99785,100,,,99640,100,,,98730,100,,,98641,100
2019-06-28 10:01:40.000000000,99952,328,99918,328,100099,328,99904,328,100368,100,99898,100,100520,100,99895,100,100713,100,99887,100,100730,100,99886,100,100846,100,99785,100,,,99640,100,,,98730,100,,,98641,100
2019-06-28 10:01:44.707523965,99952,328,99918,228,100099,328,99904,328,100368,100,99898,100,100520,100,99895,100,100713,100,99887,100,100730,100,99886,100,100846,100,99785,100,,,99640,100,,,98730,100,,,98641,100
2019-06-28 10:01:50.000000000,99952,214,99904,214,100099,214,99898,214,100368,214,99895,214,100520,214,99887,214,100713,100,99886,100,100730,100,99785,100,100846,100,99640,100,,,98730,100,,,98641,100,,,98598,100
2019-06-28 10:01:51.458586508,99952,214,99904,214,100099,214,99898,214,100368,214,99895,214,100520,214,99887,214,100713,100,99886,100,100730,100,99785,100,100846,100,99640,100,,,98730,100,,,98641,100,,,98598,100
2019-06-28 10:01:57.723486618,99952,214,99904,214,100099,214,99898,214,100368,214,99895,214,100520,214,99887,214,100713,100,99886,100,100730,100,99785,100,100846,100,98730,100,,,98641,100,,,98598,100,,,98574,100
2019-06-28 10:02:00.000000000,99952,255,99904,255,100099,250,99898,250,100368,250,99895,250,100520,100,99887,100,100713,100,99886,100,100730,100,99785,100,100846,100,98730,100,,,98641,100,,,98598,100,,,98574,100
2019-06-28 10:02:08.004344823,99952,255,99904,255,100099,250,99898,250,100368,250,99895,250,100520,100,99887,100,100713,100,99886,100,100730,100,99785,100,100846,100,98730,100,,,98641,100,,,98598,100,,,98574,100
2019-06-28 10:02:10.000000000,99952,556,99904,556,100099,100,99898,100,100368,100,99895,100,100520,100,99887,100,100713,100,99886,100,100730,100,99785,100,100846,100,98730,100,,,98641,100,,,98598,100,,,98574,100
2019-06-28 10:02:13.402738449,99918,100,99904,556,99952,556,99898,100,100099,100,99895,100,100368,100,99887,100,100520,100,99886,100,100713,100,99785,100,100730,100,98730,100,100846,100,98641,100,,,98598,100,,,98574,100
2019-06-28 10:02:19.033677076,99918,200,99904,556,99952,556,99898,100,100099,100,99895,100,100368,100,99887,100,100520,100,99886,100,100713,100,99785,100,100730,100,98730,100,100846,100,98641,100,,,98598,100,,,98574,100
2019-06-28 10:02:20.000000000,99918,355,99904,255,99952,250,99898,250,100099,250,99895,250,100368,100,99887,100,100520,100,99886,100,100713,100,99785,100,100730,100,98730,100,100846,100,98641,100,,,98598,100,,,98574,100
2019-06-28 10:02:30.000000000,99918,656,99904,556,99952,100,99898,100,100099,100,99895,100,100368,100,99887,100,100520,100,99886,100,100713,100,99785,100,100730,100,98730,100,100846,100,98641,100,,,98598,100,,,98574,100
2019-06-28 10:02:40.000000000,99918,314,99904,214,99952,214,99898,214,100099,214,99895,214,100368,214,99887,214,100520,100,99886,100,100713,100,99785,100,100730,100,98730,100,100846,100,98641,100,,,98598,100,,,98574,100
2019-06-28 10:02:50.000000000,99918,314,99904,214,99952,214,99898,214,100099,214,99895,214,100368,214,99887,214,100520,100,99886,100,100713,100,99785,100,100730,100,98730,100,100846,100,98641,100,,,98598,100,,,98574,100
2019-06-28 10:02:58.175963766,99918,314,99904,214,99952,214,99898,214,100099,214,99895,214,100368,214,99887,214,100520,100,99886,100,100713,100,99785,100,100730,100,98730,100,100846,100,98641,100,,,98598,100,,,98574,100
2019-06-28 10:02:58.557404556,99918,414,99904,214,99952,214,99898,214,100099,214,99895,214,100368,214,99887,214,100520,100,99886,100,100713,100,99785,100,100730,100,98730,100,100846,100,98641,100,,,98598,100,,,98574,100
2019-06-28 10:03:00.000000000,99918,528,99904,328,99952,328,99898,328,100099,100,99895,100,100368,100,99887,100,100520,100,99886,100,100713,100,99785,100,100730,100,98730,100,100846,100,98641,100,,,98598,100,,,98574,100
2019-06-28 10:03:05.646120959,99918,628,99904,328,99952,328,99898,328,100099,100,99895,100,100368,100,99887,100,100520,100,99886,100,100713,100,99785,100,100730,100,98730,100,100846,100,98641,100,,,98598,100,,,98574,100
2019-06-28 10:03:10.000000000,99918,555,99904,255,99952,250,99898,250,100099,250,99895,250,100368,100,99887,100,100520,100,99886,100,100713,100,99785,100,100730,100,98730,100,100846,100,98641,100,,,98598,100,,,98574,100
2019-06-28 10:03:19.984080078,99918,555,99904,155,99952,250,99898,250,100099,250,99895,250,100368,100,99887,100,100520,100,99886,100,100713,100,99785,100,100730,100,98730,100,100846,100,98641,100,,,98598,100,,,98574,100
2019-06-28 10:03:20.000000000,99918,555,99898,255,99952,250,99895,250,100099,250,99887,250,100368,100,99886,100,100520,100,99785,100,100713,100,98730,100,100730,100,98641,100,100846,100,98598,100,,,98574,100,,,98538,100
2019-06-28 10:03:23.851242904,99918,555,99898,155,99952,250,99895,250,100099,250,99887,150,100368,100,99886,100,100520,100,99785,100,100713,100,98730,100,100730,100,98641,100,100846,100,98598,100,,,98574,100,,,98538,100
2019-06-28 10:03:30.000000000,99918,628,99895,328,99952,328,99886,328,100099,100,99785,100,100368,100,98730,100,100520,100,98641,100,100713,100,98598,100,100730,100,98574,100,100846,100,98538,100,,,98452,100,,,98397,100
2019-06-28 10:03:40.000000000,99918,491,99895,191,99952,191,99886,191,100099,191,99785,191,100368,191,98730,191,100520,191,98641,191,100713,100,98598,100,100730,100,98574,100,100846,100,98538,100,,,98452,100,,,98397,100
2019-06-28 10:03:50.000000000,99918,514,99895,214,99952,214,99886,214,100099,214,99785,214,100368,214,98730,214,100520,100,98641,100,100713,100,98598,100,100730,100,98574,100,100846,100,98538,100,,,98452,100,,,98397,100
2019-06-28 10:04:00.000000000,99918,491,99895,191,99952,191,99886,191,100099,191,99785,191,100368,191,98730,191,100520,191,98641,191,100713,100,98598,100,100730,100,98574,100,100846,100,98538,100,,,98452,100,,,98397,100
2019-06-28 10:04:10.000000000,99918,856,99895,556,99952,100,99886,100,100099,100,99785,100,100368,100,98730,100,100520,100,98641,100,100713,100,98598,100,100730,100,98574,100,100846,100,98538,100,,,98452,100,,,98397,100
2019-06-28 10:04:20.000000000,99918,856,99895,556,99952,100,99886,100,100099,100,99785,100,100368,100,98730,100,100520,100,98641,100,100713,100,98598,100,100730,100,98574,100,100846,100,98538,100,,,98452,100,,,98397,100
2019-06-28 10:04:26.119728851,99904,100,99895,556,99918,856,99886,100,99952,100,99785,100,100099,100,98730,100,100368,100,98641,100,100520,100,98598,100,100713,100,98574,100,100730,100,98538,100,100846,100,98452,100,,,98397,100
2019-06-28 10:04:30.000000000,99904,214,99895,214,99918,514,99886,214,99952,214,99785,214,100099,214,98730,214,100368,100,98641,100,100520,100,98598,100,100713,100,98574,100,100730,100,98538,100,100846,100,98452,100,,,98397,100
2019-06-28 10:04:40.000000000,99904,556,99895,556,99918,400,99886,100,99952,100,99785,100,100099,100,98730,100,100368,100,98641,100,100520,100,98598,100,100713,100,98574,100,100730,100,98538,100,100846,100,98452,100,,,98397,100
2019-06-28 10:04:50.000000000,99904,556,99895,556,99918,400,99886,100,99952,100,99785,100,100099,100,98730,100,100368,100,98641,100,100520,100,98598,100,100713,100,98574,100,100730,100,98538,100,100846,100,98452,100,,,98397,100
2019-06-28 10:04:50.162147606,99904,556,99895,556,99918,400,99886,100,99952,100,99785,100,100099,100,99085,100,100368,100,98730,100,100520,100,98641,100,100713,100,98598,100,100730,100,98574,100,100846,100,98538,100,,,98452,100
2019-06-28 10:05:00.000000000,99904,214,99895,214,99918,514,99886,214,99952,214,99785,214,100099,214,99085,214,100368,100,98730,100,100520,100,98641,100,100713,100,98598,100,100730,100,98574,100,100846,100,98538,100,,,98452,100
2019-06-28 10:05:10.000000000,99904,191,99895,191,99918,491,99886,191,99952,191,99785,191,100099,191,99085,191,100368,191,98730,191,100520,100,98641,100,100713,100,98598,100,100730,100,98574,100,100846,100,98538,100,,,98452,100
2019-06-28 10:05:20.000000000,99904,191,99895,191,99918,491,99886,191,99952,191,99785,191,100099,191,99085,191,100368,191,98730,191,100520,100,98641,100,100713,100,98598,100,100730,100,98574,100,100846,100,98538,100,,,98452,100
2019-06-28 10:05:30.000000000,99904,328,99895,328,99918,628,99886,328,99952,100,99785,100,100099,100,99085,100,100368,100,98730,100,100520,100,98641,100,100713,100,98598,100,100730,100,98574,100,100846,100,98538,100,,,98452,100
2019-06-28 10:05:31.703500674,99904,328,99895,328,99918,628,99886,328,99952,100,99785,100,100099,100,99321,100,100368,100,99085,100,100520,100,98730,100,100713,100,98641,100,100730,100,98598,100,100846,100,98574,100,,,98538,100
2019-06-28 10:05:31.718582586,99904,428,99895,328,99918,628,99886,328,99952,100,99785,100,100099,100,99321,100,100368,100,99085,100,100713,100,98730,100,100730,100,98641,100,100846,100,98598,100,,,98574,100,,,98538,100
2019-06-28 10:05:40.000000000,99904,656,99895,556,99918,400,99886,100,99952,100,99785,100,100099,100,99321,100,100368,100,99085,100,100713,100,98730,100,100730,100,98641,100,100846,100,98598,100,,,98574,100,,,98538,100
2019-06-28 10:05:50.000000000,99904,314,99895,214,99918,514,99886,214,99952,214,99785,214,100099,214,99321,214,100368,100,99085,100,100713,100,98730,100,100730,100,98641,100,100846,100,98598,100,,,98574,100,,,98538,100
2019-06-28 10:06:00.000000000,99904,355,99895,255,99918,550,99886,250,99952,250,99785,250,100099,100,99321,100,100368,100,99085,100,100713,100,98730,100,100730,100,98641,100,100846,100,98598,100,,,98574,100,,,98538,100
2019-06-28 10:06:10.000000000,99904,355,99895,255,99918,550,99886,250,99952,250,99785,250,100099,100,99321,100,100368,100,99085,100,100713,100,98730,100,100730,100,98641,100,100846,100,98598,100,,,98574,100,,,98538,100
2019-06-28 10:06:15.264286085,99904,355,99895,155,99918,550,99886,250,99952,250,99785,250,100099,100,99321,100,100368,100,99085,100,100713,100,98730,100,100730,100,98641,100,100846,100,98598,100,,,98574,100,,,98452,100
2019-06-28 10:06:15.540602317,99904,255,99895,155,99918,550,99886,250,99952,250,99785,250,100099,100,99321,100,100368,100,99085,100,100713,100,98730,100,100730,100,98641,100,100846,100,98598,100,,,98574,100,,,98452,100
2019-06-28 10:06:20.000000000,99904,191,99886,191,99918,491,99785,191,99952,191,99321,191,100099,191,99085,191,100368,191,98730,191,100713,100,98641,100,100730,100,98598,100,100846,100,98574,100,,,98452,100,,,98397,100
2019-06-28 10:06:21.306219966,99898,100,99886,191,99904,191,99785,191,99918,491,99321,191,99952,191,99085,191,100099,191,98730,191,100368,191,98641,100,100713,100,98598,100,100730,100,98574,100,100846,100,98452,100,,,98397,100
2019-06-28 10:06:24.975330310,99898,200,99886,191,99904,191,99785,191,99918,491,99321,191,99952,191,99085,191,100099,191,98730,191,100368,191,98641,100,100713,100,98598,100,100730,100,98574,100,100846,100,98452,100,,,98397,100
2019-06-28 10:06:25.864639378,99898,200,99886,191,99904,191,99785,191,99918,491,99480,100,99952,191,99321,191,100099,191,99085,191,100368,191,98730,191,100713,100,98641,100,100730,100,98598,100,100846,100,98574,100,,,98452,100
2019-06-28 10:06:30.000000000,99898,428,99886,328,99904,328,99785,328,99918,400,99480,100,99952,100,99321,100,100099,100,99085,100,100368,100,98730,100,100713,100,98641,100,100730,100,98598,100,100846,100,98574,100,,,98452,100
2019-06-28 10:06:40.000000000,99898,656,99886,556,99904,100,99785,100,99918,400,99480,100,99952,100,99321,100,100099,100,99085,100,100368,100,98730,100,100713,100,98641,100,100730,100,98598,100,100846,100,98574,100,,,98452,100
2019-06-28 10:06:42.203106066,99898,756,99886,556,99904,100,99785,100,99918,400,99480,100,100099,100,99321,100,100368,100,99085,100,100713,100,98730,100,100730,100,98641,100,100846,100,98598,100,,,98574,100,,,98452,100
2019-06-28 10:06:50.000000000,99898,391,99886,191,99904,191,99785,191,99918,491,99480,191,100099,191,99321,191,100368,191,99085,191,100713,100,98730,100,100730,100,98641,100,100846,100,98598,100,,,98574,100,,,98452,100
2019-06-28 10:06:59.695605129,99898,391,99886,191,99904,191,99785,191,99918,491,99536,100,100099,191,99480,191,100368,191,99321,191,100713,100,99085,191,100730,100,98730,100,100846,100,98641,100,,,98598,100,,,98574,100
2019-06-28 10:07:00.000000000,99898,455,99886,255,99904,250,99785,250,99918,550,99536,250,100099,100,99480,100,100368,100,99321,100,100713,100,99085,100,100730,100,98730,100,100846,100,98641,100,,,98598,100,,,98574,100
2019-06-28 10:07:00.166003116,99898,455,99886,255,99904,250,99785,150,99918,550,99536,250,100099,100,99485,100,100368,100,99480,100,100713,100,99321,100,100730,100,99085,100,100846,100,98730,100,,,98641,100,,,98598,100
2019-06-28 10:07:07.038708345,99898,455,99886,255,99904,250,99785,150,99918,550,99558,100,100099,100,99536,250,100368,100,99485,100,100713,100,99480,100,100730,100,99321,100,100846,100,99085,100,,,98730,100,,,98641,100
2019-06-28 10:07:10.000000000,99898,391,99886,191,99904,191,99558,191,99918,491,99536,191,100099,191,99485,191,100368,191,99480,191,100713,100,99321,100,100730,100,99085,100,100846,100,98730,100,,,98641,100,,,98598,100
2019-06-28 10:07:11.445226065,99898,491,99886,191,99904,191,99558,191,99918,491,99536,191,100099,191,99485,191,100368,191,99480,191,100713,100,99321,100,100730,100,99085,100,100846,100,98730,100,,,98641,100,,,98598,100
2019-06-28 10:07:20.000000000,99898,628,99886,328,99904,328,99558,328,99918,400,99536,100,100099,100,99485,100,100368,100,99480,100,100713,100,99321,100,100730,100,99085,100,100846,100,98730,100,,,98641,100,,,98598,100
2019-06-28 10:07:27.781457161,99898,628,99886,328,99904,328,99558,328,99918,400,99536,100,99968,100,99485,100,100099,100,99480,100,100368,100,99321,100,100713,100,99085,100,100730,100,98730,100,100846,100,98641,100,,,98598,100
2019-06-28 10:07:30.000000000,99898,628,99886,328,99904,328,99558,328,99918,400,99536,100,99968,100,99485,100,100099,100,99480,100,100368,100,99321,100,100713,100,99085,100,100730,100,98730,100,100846,100,98641,100,,,98598,100
2019-06-28 10:07:31.572942579,99898,628,99886,328,99904,328,99885,100,99918,400,99558,328,99968,100,99536,100,100099,100,99485,100,100368,100,99480,100,100713,100,99321,100,100730,100,99085,100,100846,100,98730,100,,,98641,100
2019-06-28 10:07:40.000000000,99898,491,99886,191,99904,191,99885,191,99918,491,99558,191,99968,191,99536,191,100099,191,99485,191,100368,100,99480,100,100713,100,99321,100,100730,100,99085,100,100846,100,98730,100,,,98641,100
2019-06-28 10:07:50.000000000,99898,514,99886,214,99904,214,99885,214,99918,514,99558,214,99968,214,99536,214,100099,100,99485,100,100368,100,99480,100,100713,100,99321,100,100730,100,99085,100,100846,100,98730,100,,,98641,100
2019-06-28 10:08:00.000000000,99898,555,99886,255,99904,250,99885,250,99918,550,99558,250,99968,100,99536,100,100099,100,99485,100,100368,100,99480,100,100713,100,99321,100,100730,100,99085,100,100846,100,98730,100,,,98641,100
2019-06-28 10:08:10.000000000,99898,491,99886,191,99904,191,99885,191,99918,491,99558,191,99968,191,99536,191,100099,191,99485,191,100368,100,99480,100,100713,100,99321,100,100730,100,99085,100,100846,100,98730,100,,,98641,100
2019-06-28 10:08:20.000000000,99898,491,99886,191,99904,191,99885,191,99918,491,99558,191,99968,191,99536,191,100099,191,99485,191,100368,100,99480,100,100713,100,99321,100,100730,100,99085,100,100846,100,98730,100,,,98641,100
2019-06-28 10:08:30.000000000,99898,856,99886,556,99904,100,99885,100,99918,400,99558,100,99968,100,99536,100,100099,100,99485,100,100368,100,99480,100,100713,100,99321,100,100730,100,99085,100,100846,100,98730,100,,,98641,100
2019-06-28 10:08:38.869581220,99898,856,99886,456,99904,100,99885,100,99918,400,99558,100,99968,100,99536,100,100099,100,99485,100,100368,100,99480,100,100713,100,99321,100,100730,100,99085,100,,,98730,100,,,98641,100
2019-06-28 10:08:40.000000000,99898,856,99885,556,99904,100,99558,100,99918,400,99536,100,99968,100,99485,100,100099,100,99480,100,100368,100,99321,100,100713,100,99085,100,100730,100,98730,100,,,98641,100,,,98598,100
2019-06-28 10:08:45.719885564,99898,856,99885,456,99904,100,99558,100,99918,400,99536,100,99968,100,99485,100,100099,100,99480,100,100368,100,99321,100,100713,100,99085,100,100730,100,98730,100,,,98641,100,,,98598,100
2019-06-28 10:08:50.000000000,99898,555,99558,255,99904,250,99536,250,99918,550,99485,250,99968,100,99480,100,100099,100,99321,100,100368,100,99085,100,100713,100,98730,100,100730,100,98641,100,,,98598,100,,,98574,100
2019-06-28 10:09:00.000000000,99898,491,99558,191,99904,191,99536,191,99918,491,99485,191,99968,191,99480,191,100099,191,99321,191,100368,100,99085,100,100713,100,98730,100,100730,100,98641,100,,,98598,100,,,98574,100
2019-06-28 10:09:04.362335775,99578,100,99558,191,99898,491,99536,191,99904,191,99485,191,99918,491,99480,191,99968,191,99321,191,100099,191,98730,100,100368,100,98641,100,100713,100,98598,100,100730,100,98574,100,,,98452,100
2019-06-28 10:09:10.000000000,99578,214,99558,214,99898,514,99536,214,99904,214,99485,214,99918,514,99480,214,99968,100,99321,100,100099,100,98730,100,100368,100,98641,100,100713,100,98598,100,100730,100,98574,100,,,98452,100
2019-06-28 10:09:12.100678223,99578,214,99558,214,99898,514,99544,100,99904,214,99536,214,99918,514,99485,214,99968,100,99480,214,100099,100,99321,100,100368,100,98730,100,100713,100,98641,100,100730,100,98598,100,,,98574,100
