,ask_price_1,ask_size_1,bid_price_1,bid_size_1,ask_price_2,ask_size_2,bid_price_2,bid_size_2,ask_price_3,ask_size_3,bid_price_3,bid_size_3,ask_price_4,ask_size_4,bid_price_4,bid_size_4,ask_price_5,ask_size_5,bid_price_5,bid_size_5,ask_price_6,ask_size_6,bid_price_6,bid_size_6,ask_price_7,ask_size_7,bid_price_7,bid_size_7,ask_price_8,ask_size_8,bid_price_8,bid_size_8,ask_price_9,ask_size_9,bid_price_9,bid_size_9,ask_price_10,ask_size_10,bid_price_10,bid_size_10
2019-06-28 09:30:00.000000000,99976,100,,,100055,100,,,100109,100,,,,,,,,,,,,,,,,,,,,,,,,,,,,,,
2019-06-28 09:30:00.000000001,100055,100,,,100109,100,,,,,,,,,,,,,,,,,,,,,,,,,,,,,,,,,,
2019-06-28 09:30:00.000000003,100055,100,,,100102,100,,,100109,100,,,,,,,,,,,,,,,,,,,,,,,,,,,,,,
2019-06-28 09:30:00.000000005,100036,100,,,100055,100,,,100102,100,,,100109,100,,,,,,,,,,,,,,,,,,,,,,,,,,
2019-06-28 09:30:00.000000006,100036,100,99896,100,100055,100,99889,100,100102,100,,,100109,100,,,,,,,,,,,,,,,,,,,,,,,,,,
2019-06-28 09:30:00.000000010,100036,100,99952,100,100055,100,99896,100,100102,100,99889,100,100109,100,,,,,,,,,,,,,,,,,,,,,,,,,,
2019-06-28 09:30:00.000000012,100036,100,99952,100,100055,100,99896,100,100085,100,99889,100,100102,100,,,100109,100,,,,,,,,,,,,,,,,,,,,,,
2019-06-28 09:30:00.000000013,100055,100,99952,100,100085,100,99896,100,100102,100,99889,100,100109,100,,,,,,,,,,,,,,,,,,,,,,,,,,
2019-06-28 09:30:00.000000016,100055,100,100044,100,100085,100,99952,100,100102,100,99896,100,100109,100,99889,100,,,,,,,,,,,,,,,,,,,,,,,,
2019-06-28 09:30:00.000000017,100055,100,99952,100,100085,100,99896,100,100102,100,99889,100,100109,100,99879,100,,,,,,,,,,,,,,,,,,,,,,,,
2019-06-28 09:30:00.000000018,100055,100,99952,100,100085,100,99896,100,100102,100,99889,100,100109,100,99879,100,100116,100,,,,,,,,,,,,,,,,,,,,,,
2019-06-28 09:30:00.000000022,100055,100,99952,100,100085,100,99896,100,100102,100,99889,100,100109,100,99879,100,100116,100,99867,100,,,,,,,,,,,,,,,,,,,,
2019-06-28 09:30:00.000000029,100055,100,99952,100,100085,100,99896,100,100102,100,99889,100,100109,100,99879,100,100116,100,99869,100,,,99867,100,,,,,,,,,,,,,,,,
2019-06-28 09:30:00.000000030,100055,100,99952,100,100085,100,99896,100,100102,100,99889,100,100109,100,99879,100,100116,100,99869,100,100154,100,99867,100,,,,,,,,,,,,,,,,
2019-06-28 09:30:00.000000032,100055,100,99958,100,100085,100,99952,100,100102,100,99896,100,100109,100,99889,100,100116,100,99879,100,100154,100,99869,100,100284,100,99867,100,,,,,,,,,,,,
2019-06-28 09:30:00.000000035,100055,100,99958,100,100085,100,99952,100,100102,100,99896,100,100109,100,99889,100,100116,100,99879,100,100154,100,99875,100,100284,100,99869,100,,,99867,100,,,,,,,,
2019-06-28 09:30:00.000000037,100055,100,99958,100,100056,100,99952,100,100085,100,99896,100,100102,100,99889,100,100109,100,99879,100,100116,100,99875,100,100154,100,99869,100,100284,100,99867,100,,,,,,,,
2019-06-28 09:30:00.000000041,100055,100,99958,100,100056,200,99952,100,100085,100,99896,100,100102,100,99889,100,100109,100,99879,100,100116,100,99875,100,100154,100,99869,100,100284,100,99867,100,,,,,,,,
2019-06-28 09:30:00.000000042,100055,100,99977,100,100056,200,99958,100,100085,100,99952,100,100102,100,99896,100,100109,100,99889,100,100116,100,99879,100,100154,100,99875,100,100284,100,99869,100,,,99867,100,,,,
2019-06-28 09:30:00.000000043,100055,100,99977,100,100056,200,99958,100,100085,100,99952,100,100102,100,99896,100,100109,100,99889,100,100116,100,99879,100,100154,100,99875,100,100284,100,99869,100,,,99867,100,,,99859,100
2019-06-28 09:30:00.000000044,100055,100,100013,100,100056,200,99977,100,100085,100,99958,100,100102,100,99952,100,100109,100,99896,100,100116,100,99889,100,100119,100,99879,100,100154,100,99875,100,100284,100,99869,100,,,99867,100
2019-06-28 09:30:00.000000045,100044,100,100013,100,100055,100,99977,100,100056,200,99958,100,100085,100,99952,100,100102,100,99896,100,100109,100,99889,100,100116,100,99879,100,100119,100,99875,100,100125,100,99869,100,100154,100,99867,100
2019-06-28 09:30:00.000000047,100044,100,100013,100,100055,100,99977,100,100056,200,99958,100,100085,100,99952,100,100102,100,99896,100,100109,100,99889,100,100116,100,99879,100,100119,100,99875,100,100125,100,99869,100,100148,100,99867,100
2019-06-28 09:30:00.000000051,100044,100,100013,100,100055,100,99977,100,100056,200,99958,100,100085,100,99952,100,100102,100,99896,100,100109,100,99889,100,100116,100,99879,100,100119,100,99875,100,100125,100,99869,100,100148,100,99867,100
2019-06-28 09:30:00.000000052,100044,200,100013,100,100055,100,99977,100,100056,200,99958,100,100085,100,99952,100,100102,100,99896,100,100109,100,99889,100,100116,100,99879,100,100119,100,99875,100,100125,200,99869,100,100148,100,99867,100
2019-06-28 09:30:00.000000053,100044,200,100013,100,100055,100,99977,100,100056,200,99958,100,100085,100,99952,100,100102,100,99896,100,100109,100,99889,100,100116,100,99879,100,100119,100,99875,100,100125,200,99869,100,100127,100,99867,100
2019-06-28 09:30:00.000000055,100044,200,100013,100,100045,100,99977,100,100055,100,99958,100,100056,200,99952,100,100085,100,99913,100,100102,100,99896,100,100109,100,99889,100,100116,100,99879,100,100119,100,99875,100,100125,200,99869,100
2019-06-28 09:30:00.000000056,100044,200,100036,100,100045,100,100013,100,100055,100,99977,100,100056,200,99958,100,100085,100,99952,100,100102,100,99913,100,100109,100,99896,100,100116,100,99889,100,100119,100,99879,100,100125,200,99875,100
2019-06-28 09:30:00.000000058,100043,100,100013,100,100044,200,99977,100,100045,100,99958,100,100055,100,99952,100,100056,200,99913,100,100085,100,99896,100,100102,100,99889,100,100109,100,99879,100,100116,100,99875,100,100119,100,99869,100
2019-06-28 09:30:00.000000061,100043,100,100013,100,100044,200,99977,100,100045,100,99958,100,100055,100,99952,100,100056,200,99913,100,100085,100,99896,100,100102,100,99889,100,100109,100,99879,100,100116,100,99875,100,100119,100,99869,100
2019-06-28 09:30:00.000000062,100043,100,100013,100,100044,200,99977,100,100045,100,99958,100,100055,100,99952,100,100056,200,99913,100,100085,100,99896,100,100102,100,99889,100,100106,100,99879,100,100109,100,99875,100,100116,100,99869,100
2019-06-28 09:30:00.000000063,100038,100,100013,100,100043,100,99977,100,100044,200,99958,100,100045,100,99952,100,100055,100,99913,100,100056,200,99896,100,100085,100,99889,100,100102,100,99879,100,100106,100,99875,100,100109,100,99869,100
2019-06-28 09:30:00.000000066,100038,100,99977,100,100043,100,99963,100,100044,200,99958,100,100045,100,99952,100,100055,100,99913,100,100056,200,99896,100,100085,100,99889,100,100102,100,99879,100,100106,100,99875,100,100109,100,99869,100
2019-06-28 09:30:00.000000067,100036,100,99977,100,100038,100,99963,100,100043,100,99958,100,100044,200,99952,100,100045,100,99913,100,100055,100,99898,100,100056,200,99896,100,100085,100,99889,100,100102,100,99879,100,100106,100,99875,100
2019-06-28 09:30:00.000000076,100036,100,99977,100,100038,100,99963,100,100043,100,99958,100,100044,200,99952,100,100045,100,99913,100,100055,100,99898,100,100056,200,99896,100,100085,100,99889,100,100102,100,99879,100,100106,100,99875,100
2019-06-28 09:30:00.000000079,100036,100,99977,100,100038,100,99963,100,100043,100,99958,100,100044,200,99952,100,100045,100,99913,100,100055,100,99898,100,100056,200,99896,100,100073,100,99889,100,100085,100,99879,100,100102,100,99875,100
2019-06-28 09:30:00.000000080,100036,100,99977,100,100038,100,99963,100,100043,100,99958,100,100044,200,99952,100,100045,100,99927,100,100055,100,99913,100,100056,200,99898,100,100073,100,99896,100,100085,100,99889,100,100102,100,99879,100
2019-06-28 09:30:00.000000081,100029,100,99977,100,100036,100,99963,100,100038,100,99958,100,100043,100,99952,100,100044,200,99927,100,100045,100,99913,100,100055,100,99898,100,100056,200,99896,100,100073,100,99889,100,100085,100,99879,100
2019-06-28 09:30:00.000000082,100029,100,99977,100,100036,100,99963,100,100038,100,99958,100,100043,100,99952,100,100044,200,99941,100,100045,100,99927,100,100055,100,99913,100,100056,200,99898,100,100073,100,99896,100,100085,100,99889,100
2019-06-28 09:30:00.000000083,100001,100,99977,100,100029,100,99963,100,100036,100,99958,100,100038,100,99952,100,100043,100,99941,100,100044,200,99927,100,100045,100,99913,100,100055,100,99898,100,100056,200,99896,100,100073,100,99889,100
2019-06-28 09:30:00.000000084,100001,100,99977,100,100029,100,99965,100,100036,100,99963,100,100038,100,99958,100,100043,100,99952,100,100044,200,99941,100,100045,100,99927,100,100055,100,99913,100,100056,200,99898,100,100073,100,99896,100
2019-06-28 09:30:00.000000085,100001,100,99977,100,100029,100,99965,100,100036,100,99963,100,100038,100,99958,100,100043,100,99952,100,100044,200,99941,100,100045,100,99927,100,100047,100,99913,100,100055,100,99898,100,100056,200,99896,100
2019-06-28 09:30:00.000000087,100001,100,99977,100,100029,100,99965,100,100036,200,99963,100,100038,100,99958,100,100043,100,99952,100,100044,200,99941,100,100045,100,99932,100,100047,100,99927,100,100055,100,99913,100,100056,200,99898,100
2019-06-28 09:30:00.000000088,100001,100,99977,100,100029,100,99965,100,100036,300,99963,100,100038,100,99958,100,100043,100,99952,100,100044,200,99941,100,100045,100,99932,100,100047,100,99927,100,100055,100,99913,100,100056,200,99898,100
2019-06-28 09:30:00.000000094,100001,100,99977,100,100005,100,99965,100,100029,100,99963,100,100036,300,99958,100,100038,100,99952,100,100043,100,99941,100,100044,200,99932,100,100045,100,99927,100,100047,100,99913,100,100055,100,99898,100
2019-06-28 09:30:00.000000097,100001,100,99977,100,100005,100,99965,100,100029,100,99963,100,100036,300,99958,100,100038,100,99952,100,100043,100,99941,100,100044,200,99932,100,100045,100,99927,100,100047,100,99913,100,100055,100,99898,100
2019-06-28 09:30:00.000000098,100001,100,99984,100,100005,100,99977,100,100029,100,99965,100,100036,300,99963,100,100038,100,99958,100,100043,100,99952,100,100044,200,99941,100,100045,100,99932,100,100047,100,99927,100,100055,100,99913,100
2019-06-28 09:30:06.329444702,100001,100,99984,100,100005,100,99977,100,100029,100,99965,100,100036,300,99963,100,100038,100,99958,100,100043,100,99952,100,100044,200,99941,100,100045,100,99932,100,100047,100,99927,100,100055,100,99913,200
2019-06-28 09:30:09.755365512,100001,100,99984,100,100005,100,99977,100,100029,100,99965,100,100036,300,99963,100,100038,100,99958,100,100043,100,99952,100,100044,200,99941,100,100045,100,99932,100,100047,100,99927,100,100055,100,99913,200
2019-06-28 09:30:10.000000000,100001,169,99984,169,100005,169,99977,169,100029,169,99965,169,100036,369,99963,169,100038,169,99958,169,100043,100,99952,100,100044,200,99941,100,100045,100,99932,100,100047,100,99927,100,100055,100,99913,200
2019-06-28 09:30:20.000000000,100001,169,99984,169,100005,169,99977,169,100029,169,99965,169,100036,369,99963,169,100038,169,99958,169,100043,100,99952,100,100044,200,99941,100,100045,100,99932,100,100047,100,99927,100,100055,100,99913,200
2019-06-28 09:30:30.000000000,100001,169,99984,169,100005,169,99977,169,100029,169,99965,169,100036,369,99963,169,100038,169,99958,169,100043,100,99952,100,100044,200,99941,100,100045,100,99932,100,100047,100,99927,100,100055,100,99913,200
2019-06-28 09:30:40.000000000,100001,186,99984,186,100005,186,99977,186,100029,186,99965,186,100036,386,99963,186,100038,100,99958,100,100043,100,99952,100,100044,200,99941,100,100045,100,99932,100,100047,100,99927,100,100055,100,99913,200
2019-06-28 09:30:50.000000000,100001,218,99984,218,100005,214,99977,214,100029,214,99965,214,100036,300,99963,100,100038,100,99958,100,100043,100,99952,100,100044,200,99941,100,100045,100,99932,100,100047,100,99927,100,100055,100,99913,200
2019-06-28 09:31:00.000000000,100001,169,99984,169,100005,169,99977,169,100029,169,99965,169,100036,369,99963,169,100038,169,99958,169,100043,100,99952,100,100044,200,99941,100,100045,100,99932,100,100047,100,99927,100,100055,100,99913,200
2019-06-28 09:31:05.860607812,100001,169,99984,169,100005,169,99977,169,100029,169,99965,169,100036,369,99963,169,100038,169,99958,169,100043,100,99952,100,100044,200,99941,100,100045,100,99932,100,100047,100,99927,100,100055,100,99913,200
2019-06-28 09:31:10.000000000,100001,446,99984,446,100005,100,99977,100,100029,100,99965,100,100036,300,99963,100,100038,100,99958,100,100043,100,99952,100,100044,200,99941,100,100045,100,99932,100,100047,100,99927,100,100055,100,99913,200
2019-06-28 09:31:14.305124439,100001,446,99993,100,100005,100,99984,446,100029,100,99977,100,100036,300,99965,100,100038,100,99963,100,100043,100,99958,100,100044,200,99952,100,100045,100,99941,100,100047,100,99932,100,100055,100,99927,100
2019-06-28 09:31:20.000000000,100001,169,99993,169,100005,169,99984,169,100029,169,99977,169,100036,369,99965,169,100038,169,99963,169,100043,100,99958,100,100044,200,99952,100,100045,100,99941,100,100047,100,99932,100,100055,100,99927,100
2019-06-28 09:31:20.618128237,100001,169,99993,169,100005,169,99984,169,100029,169,99977,169,100036,369,99965,169,100038,169,99963,169,100043,100,99958,100,100044,200,99952,100,100045,100,99941,100,100047,100,99935,100,100055,100,99932,100
2019-06-28 09:31:30.000000000,100001,446,99993,446,100005,100,99984,100,100029,100,99977,100,100036,300,99965,100,100038,100,99963,100,100043,100,99958,100,100044,200,99952,100,100045,100,99941,100,100047,100,99935,100,100055,100,99932,100
2019-06-28 09:31:39.097279439,100001,446,99993,446,100005,100,99984,100,100029,100,99977,100,100036,400,99965,100,100038,100,99963,100,100043,100,99958,100,100044,200,99952,100,100045,100,99941,100,100047,100,99935,100,100055,100,99932,100
2019-06-28 09:31:40.000000000,100001,446,99993,446,100005,100,99984,100,100029,100,99977,100,100036,400,99965,100,100038,100,99963,100,100043,100,99958,100,100044,200,99952,100,100045,100,99941,100,100047,100,99935,100,100055,100,99932,100
2019-06-28 09:31:49.513890238,100001,446,99993,346,100005,100,99984,100,100029,100,99977,100,100036,400,99965,100,100038,100,99963,100,100043,100,99958,100,100044,200,99952,100,100045,100,99941,100,100047,100,99935,100,100055,100,99932,100
2019-06-28 09:31:50.000000000,100001,446,99984,446,100005,100,99977,100,100029,100,99965,100,100036,400,99963,100,100038,100,99958,100,100043,100,99952,100,100044,200,99941,100,100045,100,99935,100,100047,100,99932,100,100055,100,99927,100
2019-06-28 09:31:54.081375189,100001,446,99984,346,100005,100,99977,100,100029,100,99965,100,100036,400,99963,100,100038,100,99958,100,100043,100,99952,100,100044,200,99941,100,100045,100,99935,100,100047,100,99932,100,100055,100,99927,100
2019-06-28 09:31:58.422848081,100001,446,99984,346,100005,100,99977,100,100029,100,99965,100,100036,300,99963,100,100038,100,99958,100,100043,100,99952,100,100044,200,99941,100,100045,100,99935,100,100047,100,99932,100,100055,100,99927,100
2019-06-28 09:32:00.000000000,100001,273,99977,273,100005,273,99965,273,100029,100,99963,100,100036,300,99958,100,100038,100,99952,100,100043,100,99941,100,100044,200,99935,100,100045,100,99932,100,100047,100,99927,100,100055,100,99913,200
2019-06-28 09:32:10.000000000,100001,169,99977,169,100005,169,99965,169,100029,169,99963,169,100036,369,99958,169,100038,169,99952,169,100043,100,99941,100,100044,200,99935,100,100045,100,99932,100,100047,100,99927,100,100055,100,99913,200
2019-06-28 09:32:20.000000000,100001,169,99977,169,100005,169,99965,169,100029,169,99963,169,100036,369,99958,169,100038,169,99952,169,100043,100,99941,100,100044,200,99935,100,100045,100,99932,100,100047,100,99927,100,100055,100,99913,200
2019-06-28 09:32:24.867083417,100001,169,99977,169,100005,169,99965,169,100029,169,99963,169,100036,369,99958,169,100038,169,99952,69,100043,100,99941,100,100044,200,99935,100,100045,100,99932,100,100047,100,99927,100,100055,100,99913,200
2019-06-28 09:32:25.847134300,100001,169,99977,169,100005,169,99973,100,100029,169,99965,169,100036,369,99963,169,100038,169,99958,169,100043,100,99952,69,100044,200,99941,100,100045,100,99935,100,100047,100,99932,100,100055,100,99927,100
2019-06-28 09:32:28.964766125,100001,169,99994,100,100005,169,99977,169,100029,169,99973,100,100036,369,99965,169,100038,169,99963,169,100044,200,99958,169,100045,100,99952,69,100047,100,99941,100,100055,100,99935,100,100056,200,99932,100
2019-06-28 09:32:30.000000000,100001,169,99994,169,100005,169,99977,169,100029,169,99973,169,100036,369,99965,169,100038,169,99963,169,100044,200,99958,100,100045,100,99941,100,100047,100,99935,100,100055,100,99932,100,100056,200,99927,100
2019-06-28 09:32:40.000000000,100001,186,99994,186,100005,186,99977,186,100029,186,99973,186,100036,386,99965,186,100038,100,99963,100,100044,200,99958,100,100045,100,99941,100,100047,100,99935,100,100055,100,99932,100,100056,200,99927,100
2019-06-28 09:32:50.000000000,100001,169,99994,169,100005,169,99977,169,100029,169,99973,169,100036,369,99965,169,100038,169,99963,169,100044,200,99958,100,100045,100,99941,100,100047,100,99935,100,100055,100,99932,100,100056,200,99927,100
2019-06-28 09:33:00.000000000,100001,169,99994,169,100005,169,99977,169,100029,169,99973,169,100036,369,99965,169,100038,169,99963,169,100044,200,99958,100,100045,100,99941,100,100047,100,99935,100,100055,100,99932,100,100056,200,99927,100
2019-06-28 09:33:10.000000000,100001,446,99994,446,100005,100,99977,100,100029,100,99973,100,100036,300,99965,100,100038,100,99963,100,100044,200,99958,100,100045,100,99941,100,100047,100,99935,100,100055,100,99932,100,100056,200,99927,100
2019-06-28 09:33:20.000000000,100001,218,99994,218,100005,214,99977,214,100029,214,99973,214,100036,300,99965,100,100038,100,99963,100,100044,200,99958,100,100045,100,99941,100,100047,100,99935,100,100055,100,99932,100,100056,200,99927,100
2019-06-28 09:33:30.000000000,100001,186,99994,186,100005,186,99977,186,100029,186,99973,186,100036,386,99965,186,100038,100,99963,100,100044,200,99958,100,100045,100,99941,100,100047,100,99935,100,100055,100,99932,100,100056,200,99927,100
2019-06-28 09:33:40.000000000,100001,273,99994,273,100005,273,99977,273,100029,100,99973,100,100036,300,99965,100,100038,100,99963,100,100044,200,99958,100,100045,100,99941,100,100047,100,99935,100,100055,100,99932,100,100056,200,99927,100
2019-06-28 09:33:41.613151796,100001,173,99994,273,100005,273,99977,273,100029,100,99965,100,100036,300,99963,100,100038,100,99958,100,100044,200,99941,100,100045,100,99935,100,100047,100,99932,100,100055,100,99927,100,100056,200,99913,200
2019-06-28 09:33:43.503104802,100001,173,99994,273,100005,273,99977,273,100029,100,99965,100,100036,300,99963,100,100038,100,99958,100,100044,200,99941,100,100045,100,99935,100,100047,100,99932,100,100055,100,99927,100,100056,200,99913,200
2019-06-28 09:33:47.373889965,100001,73,99994,273,100005,273,99977,273,100029,100,99965,100,100036,300,99963,100,100038,100,99958,100,100044,200,99941,100,100045,100,99935,100,100047,100,99932,100,100055,100,99927,100,100056,200,99913,200
2019-06-28 09:33:50.000000000,100005,273,99994,273,100029,273,99977,273,100036,300,99965,100,100038,100,99963,100,100044,200,99958,100,100045,100,99941,100,100047,100,99935,100,100055,100,99932,100,100056,200,99927,100,100073,100,99913,200
2019-06-28 09:34:00.000000000,100005,186,99994,186,100029,186,99977,186,100036,386,99965,186,100038,186,99963,186,100044,200,99958,100,100045,100,99941,100,100047,100,99935,100,100055,100,99932,100,100056,200,99927,100,100073,100,99913,200
2019-06-28 09:34:10.000000000,100005,186,99994,186,100029,186,99977,186,100036,386,99965,186,100038,186,99963,186,100044,200,99958,100,100045,100,99941,100,100047,100,99935,100,100055,100,99932,100,100056,200,99927,100,100073,100,99913,200
2019-06-28 09:34:20.000000000,100005,169,99994,169,100029,169,99977,169,100036,369,99965,169,100038,169,99963,169,100044,269,99958,169,100045,100,99941,100,100047,100,99935,100,100055,100,99932,100,100056,200,99927,100,100073,100,99913,200
2019-06-28 09:34:30.000000000,100005,273,99994,273,100029,273,99977,273,100036,300,99965,100,100038,100,99963,100,100044,200,99958,100,100045,100,99941,100,100047,100,99935,100,100055,100,99932,100,100056,200,99927,100,100073,100,99913,200
2019-06-28 09:34:35.113304223,100005,273,100001,100,100029,273,99994,273,100036,300,99977,273,100038,100,99965,100,100044,200,99963,100,100045,100,99958,100,100047,100,99941,100,100055,100,99935,100,100056,200,99932,100,100073,100,99927,100
2019-06-28 09:34:40.000000000,100005,446,100001,446,100029,100,99994,100,100036,300,99977,100,100038,100,99965,100,100044,200,99963,100,100045,100,99958,100,100047,100,99941,100,100055,100,99935,100,100056,200,99932,100,100073,100,99927,100
2019-06-28 09:34:46.104570802,100005,446,100001,346,100029,100,99994,100,100036,300,99977,100,100038,100,99965,100,100044,200,99963,100,100045,100,99958,100,100047,100,99941,100,100055,100,99935,100,100056,200,99932,100,100073,100,99927,100
2019-06-28 09:34:50.000000000,100005,186,99994,186,100029,186,99977,186,100036,386,99965,186,100038,186,99963,186,100044,200,99958,100,100045,100,99941,100,100047,100,99935,100,100055,100,99932,100,100056,200,99927,100,100073,100,99913,200
2019-06-28 09:34:55.008385632,100005,186,99994,186,100029,186,99977,186,100036,386,99965,186,100038,186,99963,186,100044,200,99958,100,100045,100,99941,100,100047,100,99935,100,100055,100,99932,100,100056,200,99927,100,100073,100,99913,200
2019-06-28 09:35:00.000000000,100005,186,99994,186,100029,186,99977,186,100036,386,99965,186,100038,186,99963,186,100044,200,99958,100,100045,100,99941,100,100047,100,99935,100,100055,100,99932,100,100056,200,99927,100,100073,100,99913,200
2019-06-28 09:35:07.243451510,100005,186,100001,100,100029,186,99994,186,100036,386,99977,186,100038,186,99965,186,100044,200,99963,186,100045,100,99958,100,100047,100,99941,100,100055,100,99935,100,100056,200,99932,100,100073,100,99927,100
2019-06-28 09:35:10.000000000,100005,186,100001,186,100029,186,99994,186,100036,386,99977,186,100038,186,99965,186,100044,200,99963,100,100045,100,99958,100,100047,100,99941,100,100055,100,99935,100,100056,200,99932,100,100073,100,99927,100
2019-06-28 09:35:11.561235264,100005,86,100001,186,100029,186,99994,186,100036,386,99977,186,100038,186,99965,186,100044,200,99963,100,100045,100,99958,100,100047,100,99941,100,100055,100,99935,100,100056,200,99932,100,100073,100,99927,100
2019-06-28 09:35:12.220861850,100005,86,100001,186,100029,186,99994,186,100036,386,99977,186,100038,186,99965,186,100044,200,99963,100,100045,100,99958,100,100047,100,99941,100,100055,100,99935,100,100056,200,99932,100,100073,100,99927,100
2019-06-28 09:35:20.000000000,100029,446,100001,446,100036,300,99994,100,100038,100,99977,100,100044,200,99965,100,100045,100,99963,100,100047,100,99958,100,100055,100,99941,100,100056,200,99935,100,100073,100,99932,100,100085,100,99927,100
2019-06-28 09:35:29.605628571,100029,446,100001,346,100036,300,99994,100,100038,100,99977,100,100044,200,99965,100,100045,100,99963,100,100047,100,99958,100,100055,100,99941,100,100056,200,99935,100,100073,100,99932,100,100085,100,99927,100
2019-06-28 09:35:30.000000000,100029,169,99994,169,100036,369,99977,169,100038,169,99965,169,100044,269,99963,169,100045,169,99958,169,100047,100,99941,100,100055,100,99935,100,100056,200,99932,100,100073,100,99927,100,100085,100,99913,100
2019-06-28 09:35:40.000000000,100029,169,99994,169,100036,369,99977,169,100038,169,99965,169,100044,269,99963,169,100045,169,99958,169,100047,100,99941,100,100055,100,99935,100,100056,200,99932,100,100073,100,99927,100,100085,100,99913,100
2019-06-28 09:35:50.000000000,100029,273,99994,273,100036,473,99977,273,100038,100,99965,100,100044,200,99963,100,100045,100,99958,100,100047,100,99941,100,100055,100,99935,100,100056,200,99932,100,100073,100,99927,100,100085,100,99913,100
2019-06-28 09:35:58.391928691,100029,273,100002,100,100036,473,99994,273,100038,100,99977,273,100044,200,99965,100,100045,100,99963,100,100047,100,99958,100,100055,100,99941,100,100056,200,99935,100,100073,100,99932,100,100085,100,99927,100
2019-06-28 09:36:00.000000000,100029,218,100002,218,100036,414,99994,214,100038,214,99977,214,100044,200,99965,100,100045,100,99963,100,100047,100,99958,100,100055,100,99941,100,100056,200,99935,100,100073,100,99932,100,100085,100,99927,100
2019-06-28 09:36:10.000000000,100029,186,100002,186,100036,386,99994,186,100038,186,99977,186,100044,286,99965,186,100045,100,99963,100,100047,100,99958,100,100055,100,99941,100,100056,200,99935,100,100073,100,99932,100,100085,100,99927,100
2019-06-28 09:36:12.351756617,100029,186,100002,186,100036,386,99994,186,100038,186,99977,186,100044,286,99965,186,100045,100,99963,100,100047,100,99958,100,100055,100,99941,100,100056,200,99935,100,100073,100,99932,100,100085,100,99927,100
2019-06-28 09:36:20.000000000,100029,273,100002,273,100036,473,99994,273,100038,100,99977,100,100044,200,99965,100,100045,100,99963,100,100047,100,99958,100,100055,100,99941,100,100056,200,99935,100,100073,100,99932,100,100085,100,99927,100
2019-06-28 09:36:30.000000000,100029,169,100002,169,100036,369,99994,169,100038,169,99977,169,100044,269,99965,169,100045,169,99963,169,100047,100,99958,100,100055,100,99941,100,100056,200,99935,100,100073,100,99932,100,100085,100,99927,100
2019-06-28 09:36:40.000000000,100029,273,100002,273,100036,473,99994,273,100038,100,99977,100,100044,200,99965,100,100045,100,99963,100,100047,100,99958,100,100055,100,99941,100,100056,200,99935,100,100073,100,99932,100,100085,100,99927,100
2019-06-28 09:36:41.568319628,100029,273,100002,373,100036,473,99994,273,100038,100,99977,100,100044,200,99965,100,100045,100,99963,100,100047,100,99958,100,100055,100,99941,100,100056,200,99935,100,100073,100,99932,100,100085,100,99927,100
2019-06-28 09:36:48.876043817,100029,273,100002,373,100036,473,99994,273,100038,100,99977,100,100044,200,99965,100,100045,100,99963,100,100047,100,99958,100,100055,100,99941,100,100056,200,99935,100,100073,100,99927,100,100085,100,99913,100
2019-06-28 09:36:50.000000000,100029,218,100002,318,100036,414,99994,214,100038,214,99977,214,100044,200,99965,100,100045,100,99963,100,100047,100,99958,100,100055,100,99941,100,100056,200,99935,100,100073,100,99927,100,100085,100,99913,100
2019-06-28 09:36:52.162292172,100029,218,100002,318,100036,414,99994,214,100038,214,99977,214,100044,200,99965,100,100045,100,99963,100,100047,100,99958,100,100055,100,99941,100,100056,200,99935,100,100073,100,99927,100,100099,100,99913,100
2019-06-28 09:37:00.000000000,100029,446,100002,546,100036,300,99994,100,100038,100,99977,100,100044,200,99965,100,100045,100,99963,100,100047,100,99958,100,100055,100,99941,100,100056,200,99935,100,100073,100,99927,100,100099,100,99913,100
2019-06-28 09:37:10.000000000,100029,273,100002,373,100036,473,99994,273,100038,100,99977,100,100044,200,99965,100,100045,100,99963,100,100047,100,99958,100,100055,100,99941,100,100056,200,99935,100,100073,100,99927,100,100099,100,99913,100
2019-06-28 09:37:20.000000000,100029,273,100002,373,100036,473,99994,273,100038,100,99977,100,100044,200,99965,100,100045,100,99963,100,100047,100,99958,100,100055,100,99941,100,100056,200,99935,100,100073,100,99927,100,100099,100,99913,100
2019-06-28 09:37:30.000000000,100029,446,100002,546,100036,300,99994,100,100038,100,99977,100,100044,200,99965,100,100045,100,99963,100,100047,100,99958,100,100055,100,99941,100,100056,200,99935,100,100073,100,99927,100,100099,100,99913,100
2019-06-28 09:37:40.000000000,100029,446,100002,546,100036,300,99994,100,100038,100,99977,100,100044,200,99965,100,100045,100,99963,100,100047,100,99958,100,100055,100,99941,100,100056,200,99935,100,100073,100,99927,100,100099,100,99913,100
2019-06-28 09:37:46.733428595,100029,446,100002,446,100036,300,99994,100,100038,100,99977,100,100044,200,99965,100,100045,100,99963,100,100047,100,99958,100,100055,100,99941,100,100056,200,99935,100,100073,100,99927,100,100099,100,99913,100
2019-06-28 09:37:50.000000000,100029,218,100002,218,100036,414,99994,214,100038,214,99977,214,100044,200,99965,100,100045,100,99963,100,100047,100,99958,100,100055,100,99941,100,100056,200,99935,100,100073,100,99927,100,100099,100,99913,100
2019-06-28 09:38:00.000000000,100029,186,100002,186,100036,386,99994,186,100038,186,99977,186,100044,286,99965,186,100045,100,99963,100,100047,100,99958,100,100055,100,99941,100,100056,200,99935,100,100073,100,99927,100,100099,100,99913,100
2019-06-28 09:38:07.360222917,100029,186,100002,186,100036,386,99994,186,100038,186,99977,186,100044,286,99965,186,100045,100,99963,100,100047,100,99958,100,100055,100,99941,100,100056,200,99935,100,100073,100,99927,100,100099,100,99913,100
2019-06-28 09:38:10.000000000,100029,169,100002,169,100036,369,99994,169,100038,169,99977,169,100044,269,99965,169,100045,169,99963,169,100047,100,99958,100,100055,100,99941,100,100056,200,99935,100,100073,100,99927,100,100099,100,99913,100
2019-06-28 09:38:20.000000000,100029,186,100002,186,100036,386,99994,186,100038,186,99977,186,100044,286,99965,186,100045,100,99963,100,100047,100,99958,100,100055,100,99941,100,100056,200,99935,100,100073,100,99927,100,100099,100,99913,100
2019-06-28 09:38:21.176272247,100029,186,100002,186,100036,386,99994,186,100038,186,99977,186,100044,286,99965,186,100045,100,99963,100,100047,100,99958,100,100055,100,99941,100,100056,200,99935,100,100073,100,99927,100,100099,100,99913,100
2019-06-28 09:38:30.000000000,100029,186,100002,186,100036,386,99994,186,100038,186,99977,186,100044,286,99965,186,100045,100,99963,100,100047,100,99958,100,100055,100,99941,100,100056,200,99935,100,100073,100,99927,100,100099,100,99913,100
2019-06-28 09:38:40.000000000,100029,446,100002,446,100036,300,99994,100,100038,100,99977,100,100044,200,99965,100,100045,100,99963,100,100047,100,99958,100,100055,100,99941,100,100056,200,99935,100,100073,100,99927,100,100099,100,99913,100
2019-06-28 09:38:50.000000000,100029,446,100002,446,100036,300,99994,100,100038,100,99977,100,100044,200,99965,100,100045,100,99963,100,100047,100,99958,100,100055,100,99941,100,100056,200,99935,100,100073,100,99927,100,100099,100,99913,100
2019-06-28 09:38:56.463211455,100029,446,100002,346,100036,300,99994,100,100038,100,99977,100,100044,200,99965,100,100045,100,99963,100,100047,100,99958,100,100055,100,99941,100,100056,200,99935,100,100073,100,99927,100,100099,100,99913,100
2019-06-28 09:39:00.000000000,100029,169,99994,169,100036,369,99977,169,100038,169,99965,169,100044,269,99963,169,100045,169,99958,169,100047,100,99941,100,100055,100,99935,100,100056,200,99927,100,100073,100,99913,100,100099,100,99896,100
2019-06-28 09:39:10.000000000,100029,169,99994,169,100036,369,99977,169,100038,169,99965,169,100044,269,99963,169,100045,169,99958,169,100047,100,99941,100,100055,100,99935,100,100056,200,99927,100,100073,100,99913,100,100099,100,99896,100
2019-06-28 09:39:20.000000000,100029,218,99994,218,100036,414,99977,214,100038,214,99965,214,100044,200,99963,100,100045,100,99958,100,100047,100,99941,100,100055,100,99935,100,100056,200,99927,100,100073,100,99913,100,100099,100,99896,100
2019-06-28 09:39:22.525460383,100029,218,99994,218,100036,414,99977,214,100038,214,99965,214,100044,100,99963,100,100045,100,99958,100,100047,100,99941,100,100055,100,99935,100,100056,200,99927,100,100073,100,99913,100,100099,100,99896,100
2019-06-28 09:39:30.000000000,100029,446,99994,446,100036,300,99977,100,100038,100,99965,100,100044,100,99963,100,100045,100,99958,100,100047,100,99941,100,100055,100,99935,100,100056,200,99927,100,100073,100,99913,100,100099,100,99896,100
2019-06-28 09:39:36.012457381,100029,446,99994,346,100036,300,99977,100,100038,100,99965,100,100044,100,99963,100,100045,100,99958,100,100047,100,99941,100,100055,100,99935,100,100056,200,99927,100,100073,100,99913,100,100106,100,99896,100
2019-06-28 09:39:40.000000000,100029,446,99977,446,100036,300,99965,100,100038,100,99963,100,100044,100,99958,100,100045,100,99941,100,100047,100,99935,100,100055,100,99927,100,100056,200,99913,100,100073,100,99896,100,100106,100,99895,100
2019-06-28 09:39:50.000000000,100029,273,99977,273,100036,473,99965,273,100038,100,99963,100,100044,100,99958,100,100045,100,99941,100,100047,100,99935,100,100055,100,99927,100,100056,200,99913,100,100073,100,99896,100,100106,100,99895,100
2019-06-28 09:40:00.000000000,100029,446,99977,446,100036,300,99965,100,100038,100,99963,100,100044,100,99958,100,100045,100,99941,100,100047,100,99935,100,100055,100,99927,100,100056,200,99913,100,100073,100,99896,100,100106,100,99895,100
2019-06-28 09:40:07.230832663,100029,446,99977,446,100036,300,99965,100,100038,100,99963,100,100044,100,99958,100,100045,100,99941,100,100047,100,99935,100,100055,100,99927,100,100056,200,99913,100,100073,100,99896,100,100106,100,99895,100
2019-06-28 09:40:10.000000000,100029,169,99977,169,100036,369,99965,169,100038,169,99963,169,100044,169,99958,169,100045,169,99941,169,100047,100,99935,100,100055,100,99927,100,100056,200,99913,100,100073,100,99896,100,100106,100,99895,100
2019-06-28 09:40:19.612071023,100029,169,99977,69,100036,369,99965,169,100038,169,99963,169,100044,169,99958,169,100045,169,99941,169,100047,100,99935,100,100055,100,99927,100,100056,200,99913,100,100073,100,99896,100,100106,100,99895,100
2019-06-28 09:40:20.000000000,100029,446,99965,446,100036,300,99963,100,100038,100,99958,100,100044,100,99941,100,100045,100,99935,100,100047,100,99927,100,100055,100,99913,100,100056,200,99896,100,100073,100,99895,100,100106,100,99889,100
2019-06-28 09:40:27.561900832,100029,446,99965,346,100036,300,99963,100,100038,100,99941,100,100044,100,99935,100,100045,100,99927,100,100047,100,99913,100,100055,100,99896,100,100056,200,99895,100,100073,100,99889,100,100106,100,99879,100
2019-06-28 09:40:30.000000000,100029,273,99963,273,100036,473,99941,273,100038,100,99935,100,100044,100,99927,100,100045,100,99913,100,100047,100,99896,100,100055,100,99895,100,100056,200,99889,100,100073,100,99879,100,100106,100,99875,100
2019-06-28 09:40:30.303223118,100029,273,99963,273,100036,473,99941,273,100038,100,99935,100,100044,100,99927,100,100045,100,99913,100,100047,100,99896,100,100055,100,99895,100,100056,200,99889,100,100073,100,99879,100,100106,100,99875,100
2019-06-28 09:40:40.000000000,100029,273,99963,273,100036,473,99941,273,100038,100,99935,100,100044,100,99927,100,100045,100,99913,100,100047,100,99896,100,100055,100,99895,100,100056,200,99889,100,100073,100,99879,100,100106,100,99875,100
2019-06-28 09:40:42.895846716,100029,273,99963,173,100036,473,99941,273,100038,100,99927,100,100044,100,99913,100,100045,100,99896,100,100047,100,99895,100,100055,100,99889,100,100056,200,99879,100,100073,100,99875,100,100106,100,99869,100
2019-06-28 09:40:48.691353844,100029,273,99963,173,100036,473,99941,273,100038,100,99927,100,100044,100,99913,100,100045,100,99896,100,100047,100,99895,100,100055,100,99889,100,100056,200,99879,100,100073,100,99875,100,100106,100,99869,100
2019-06-28 09:40:50.000000000,100029,273,99941,273,100036,473,99927,273,100038,100,99913,100,100044,100,99896,100,100045,100,99895,100,100047,100,99889,100,100055,100,99879,100,100056,200,99875,100,100073,100,99869,100,100106,100,99842,100
2019-06-28 09:41:00.000000000,100029,169,99941,169,100036,369,99927,169,100038,169,99913,169,100044,169,99896,169,100045,169,99895,169,100047,100,99889,100,100055,100,99879,100,100056,200,99875,100,100073,100,99869,100,100106,100,99842,100
2019-06-28 09:41:05.349441251,99965,100,99941,169,100029,169,99927,169,100036,369,99913,169,100038,169,99896,169,100044,169,99895,169,100045,169,99889,100,100047,100,99879,100,100055,100,99875,100,100056,200,99869,100,100073,100,99842,100
2019-06-28 09:41:10.000000000,99965,186,99941,186,100029,186,99927,186,100036,386,99913,186,100038,186,99896,186,100044,100,99895,100,100045,100,99889,100,100047,100,99879,100,100055,100,99875,100,100056,200,99869,100,100073,100,99842,100
2019-06-28 09:41:13.198485594,99965,186,99941,186,100029,186,99927,186,100036,386,99913,186,100038,186,99896,186,100044,100,99895,100,100045,100,99889,100,100047,100,99879,100,100055,100,99875,100,100056,200,99869,100,100073,100,99842,100
2019-06-28 09:41:20.000000000,99965,169,99941,169,100029,169,99927,169,100036,369,99913,169,100038,169,99896,169,100044,169,99895,169,100045,100,99889,100,100047,100,99879,100,100055,100,99875,100,100056,200,99869,100,100073,100,99842,100
2019-06-28 09:41:30.000000000,99965,446,99941,446,100029,100,99927,100,100036,300,99913,100,100038,100,99896,100,100044,100,99895,100,100045,100,99889,100,100047,100,99879,100,100055,100,99875,100,100056,200,99869,100,100073,100,99842,100
2019-06-28 09:41:37.290425765,99965,446,99941,346,100029,100,99927,100,100036,300,99913,100,100038,100,99896,100,100044,100,99895,100,100045,100,99889,100,100047,100,99879,100,100055,100,99875,100,100056,200,99869,100,100073,100,99842,100
2019-06-28 09:41:40.000000000,99965,446,99927,446,100029,100,99913,100,100036,300,99896,100,100038,100,99895,100,100044,100,99889,100,100045,100,99879,100,100047,100,99875,100,100055,100,99869,100,100056,200,99842,100,100073,100,99331,100
2019-06-28 09:41:49.341225058,99965,446,99927,346,100036,300,99913,100,100038,100,99896,100,100044,100,99895,100,100045,100,99889,100,100047,100,99879,100,100055,100,99875,100,100056,200,99869,100,100073,100,99842,100,100106,100,99331,100
2019-06-28 09:41:50.000000000,99965,186,99913,186,100036,386,99896,186,100038,186,99895,186,100044,186,99889,186,100045,100,99879,100,100047,100,99875,100,100055,100,99869,100,100056,200,99842,100,100073,100,99331,100,100106,100,99168,100
2019-06-28 09:42:00.000000000,99965,446,99913,446,100036,300,99896,100,100038,100,99895,100,100044,100,99889,100,100045,100,99879,100,100047,100,99875,100,100055,100,99869,100,100056,200,99842,100,100073,100,99331,100,100106,100,99168,100
2019-06-28 09:42:04.427022916,99965,446,99913,346,100036,300,99896,100,100038,100,99895,100,100044,100,99889,100,100045,100,99879,100,100047,100,99875,100,100055,100,99869,100,100056,100,99842,100,100073,100,99331,100,100106,100,99168,100
2019-06-28 09:42:10.000000000,99965,446,99896,446,100036,300,99895,100,100038,100,99889,100,100044,100,99879,100,100045,100,99875,100,100047,100,99869,100,100055,100,99842,100,100056,100,99331,100,100073,100,99168,100,100106,100,99046,100
2019-06-28 09:42:20.000000000,99965,186,99896,186,100036,386,99895,186,100038,186,99889,186,100044,186,99879,186,100045,100,99875,100,100047,100,99869,100,100055,100,99842,100,100056,100,99331,100,100073,100,99168,100,100106,100,99046,100
2019-06-28 09:42:30.000000000,99965,273,99896,273,100036,473,99895,273,100038,100,99889,100,100044,100,99879,100,100045,100,99875,100,100047,100,99869,100,100055,100,99842,100,100056,100,99331,100,100073,100,99168,100,100106,100,99046,100
2019-06-28 09:42:40.000000000,99965,169,99896,169,100036,369,99895,169,100038,169,99889,169,100044,169,99879,169,100045,169,99875,169,100047,100,99869,100,100055,100,99842,100,100056,100,99331,100,100073,100,99168,100,100106,100,99046,100
2019-06-28 09:42:46.708827539,99965,169,99896,169,100036,369,99895,169,100038,169,99889,169,100044,169,99879,169,100045,169,99875,169,100047,100,99869,100,100055,100,99842,100,100056,100,99331,100,100073,100,99168,100,100106,100,99031,100
2019-06-28 09:42:50.000000000,99965,218,99896,218,100036,414,99895,214,100038,214,99889,214,100044,100,99879,100,100045,100,99875,100,100047,100,99869,100,100055,100,99842,100,100056,100,99331,100,100073,100,99168,100,100106,100,99031,100
2019-06-28 09:42:53.855219439,99965,218,99896,118,100036,414,99895,214,100038,214,99889,214,100044,100,99879,100,100045,100,99875,100,100047,100,99869,100,100055,100,99842,100,100056,100,99331,100,100073,100,99168,100,100106,100,99031,100
2019-06-28 09:43:00.000000000,99965,186,99895,186,100036,386,99889,186,100038,186,99879,186,100044,186,99875,186,100045,100,99869,100,100047,100,99842,100,100055,100,99331,100,100056,100,99168,100,100073,100,99031,100,100106,100,98582,100
2019-06-28 09:43:05.014640764,99965,186,99895,86,100036,386,99889,186,100038,186,99879,186,100044,186,99875,186,100045,100,99869,100,100047,100,99842,100,100055,100,99331,100,100056,100,99168,100,100106,100,99031,100,100109,100,98582,100
2019-06-28 09:43:10.000000000,99965,218,99889,218,100036,414,99879,214,100038,214,99875,214,100044,100,99869,100,100045,100,99842,100,100047,100,99331,100,100055,100,99168,100,100056,100,99031,100,100106,100,98582,100,100109,100,98517,100
2019-06-28 09:43:11.855343983,99965,218,99889,218,100036,414,99879,214,100038,214,99875,214,100044,100,99869,100,100045,100,99842,100,100047,100,99331,100,100055,100,99168,100,100056,100,99031,100,100106,100,98582,100,100109,100,98517,100
2019-06-28 09:43:15.836043363,99965,218,99889,218,100036,414,99879,214,100038,214,99875,214,100044,100,99869,100,100045,100,99842,100,100047,100,99331,100,100055,100,99168,100,100056,100,99031,100,100106,100,98582,100,100109,100,98517,100
2019-06-28 09:43:20.000000000,99965,186,99889,186,100036,386,99879,186,100038,186,99875,186,100044,186,99869,186,100045,100,99842,100,100047,100,99331,100,100055,100,99168,100,100056,100,99031,100,100106,100,98582,100,100109,100,98517,100
2019-06-28 09:43:30.000000000,99965,186,99889,186,100036,386,99879,186,100038,186,99875,186,100044,186,99869,186,100045,100,99842,100,100047,100,99331,100,100055,100,99168,100,100056,100,99031,100,100106,100,98582,100,100109,100,98517,100
2019-06-28 09:43:31.992619542,99965,186,99889,86,100036,386,99879,186,100038,186,99875,186,100044,186,99869,186,100045,100,99842,100,100047,100,99331,100,100055,100,99168,100,100056,100,98582,100,100106,100,98517,100,100109,100,98342,100
2019-06-28 09:43:40.000000000,99965,446,99879,446,100036,300,99875,100,100038,100,99869,100,100044,100,99842,100,100045,100,99331,100,100047,100,99168,100,100055,100,98582,100,100056,100,98517,100,100106,100,98342,100,100109,100,98025,100
2019-06-28 09:43:43.859644632,99965,446,99879,346,100036,300,99875,100,100038,100,99869,100,100044,100,99842,100,100045,100,99331,100,100047,100,99168,100,100055,100,98582,100,100056,100,98517,100,100106,100,98342,100,100109,100,98025,100
2019-06-28 09:43:50.000000000,99965,186,99875,186,100036,386,99869,186,100038,186,99842,186,100044,186,99331,186,100045,100,99168,100,100047,100,98582,100,100055,100,98517,100,100056,100,98342,100,100106,100,98025,100,100109,100,97857,100
2019-06-28 09:43:58.281513689,99889,100,99875,186,99965,186,99869,186,100036,386,99842,186,100038,186,99331,186,100044,186,99168,100,100045,100,98582,100,100047,100,98517,100,100055,100,98342,100,100056,100,98025,100,100106,100,97857,100
2019-06-28 09:43:58.802603740,99889,100,99875,186,99965,186,99869,186,100036,386,99842,186,100038,186,99331,186,100044,186,99168,100,100045,100,98582,100,100047,100,98517,100,100055,100,98342,100,100056,100,98231,100,100106,100,98025,100
2019-06-28 09:44:00.000000000,99889,273,99875,273,99965,273,99869,273,100036,300,99842,100,100038,100,99331,100,100044,100,99168,100,100045,100,98582,100,100047,100,98517,100,100055,100,98342,100,100056,100,98231,100,100106,100,98025,100
2019-06-28 09:44:04.648278589,99889,373,99875,273,99965,173,99869,273,100036,300,99842,100,100038,100,99331,100,100044,100,99168,100,100045,100,98582,100,100047,100,98517,100,100055,100,98342,100,100056,100,98231,100,100106,100,98025,100
2019-06-28 09:44:10.000000000,99889,318,99875,218,100036,414,99869,214,100038,214,99842,214,100044,100,99331,100,100045,100,99168,100,100047,100,98582,100,100055,100,98517,100,100056,100,98342,100,100106,100,98231,100,100109,100,98025,100
2019-06-28 09:44:10.047581999,99889,318,99875,118,100036,414,99869,214,100038,214,99842,214,100044,100,99331,100,100045,100,99168,100,100047,100,98582,100,100055,100,98517,100,100056,100,98342,100,100106,100,98231,100,100109,100,98025,100
2019-06-28 09:44:20.000000000,99889,546,99869,446,100036,300,99842,100,100038,100,99331,100,100044,100,99168,100,100045,100,98582,100,100047,100,98517,100,100055,100,98342,100,100056,100,98231,100,100106,100,98025,100,100109,100,97857,100
2019-06-28 09:44:27.700877055,99889,546,99869,346,100036,300,99842,100,100038,100,99331,100,100044,100,99168,100,100045,100,98582,100,100047,100,98517,100,100055,100,98342,100,100056,100,98231,100,100106,100,97857,100,100109,100,,
2019-06-28 09:44:30.000000000,99889,546,99842,446,100036,300,99331,100,100038,100,99168,100,100044,100,98582,100,100045,100,98517,100,100047,100,98342,100,100055,100,98231,100,100056,100,97857,100,100106,100,,,100109,100,,
2019-06-28 09:44:40.000000000,99889,373,99842,273,100036,473,99331,273,100038,100,99168,100,100044,100,98582,100,100045,100,98517,100,100047,100,98342,100,100055,100,98231,100,100056,100,97857,100,100106,100,,,100109,100,,
2019-06-28 09:44:46.446483163,99889,373,99842,273,100036,473,99331,273,100038,100,99168,100,100044,100,98582,100,100045,100,98517,100,100047,100,98342,100,100055,100,98231,100,100056,100,97949,100,100106,100,97857,100,100109,100,,
2019-06-28 09:44:50.000000000,99889,269,99842,169,100036,369,99331,169,100038,169,99168,169,100044,169,98582,169,100045,169,98517,169,100047,100,98342,100,100055,100,98231,100,100056,100,97949,100,100106,100,97857,100,100109,100,,
2019-06-28 09:45:00.000000000,99889,546,99842,446,100036,300,99331,100,100038,100,99168,100,100044,100,98582,100,100045,100,98517,100,100047,100,98342,100,100055,100,98231,100,100056,100,97949,100,100106,100,97857,100,100109,100,,
2019-06-28 09:45:10.000000000,99889,286,99842,186,100036,386,99331,186,100038,186,99168,186,100044,186,98582,186,100045,100,98517,100,100047,100,98342,100,100055,100,98231,100,100056,100,97949,100,100106,100,97857,100,100109,100,,
2019-06-28 09:45:20.000000000,99889,286,99842,186,100036,386,99331,186,100038,186,99168,186,100044,186,98582,186,100045,100,98517,100,100047,100,98342,100,100055,100,98231,100,100056,100,97949,100,100106,100,97857,100,100109,100,,
2019-06-28 09:45:29.952036623,99889,286,99842,186,100036,386,99331,186,100038,186,99168,186,100044,186,98582,186,100045,100,98517,100,100047,100,98342,100,100055,100,98210,100,100056,100,97949,100,100106,100,97857,100,100109,100,,
2019-06-28 09:45:30.000000000,99889,286,99842,186,100036,386,99331,186,100038,186,99168,186,100044,186,98582,186,100045,100,98517,100,100047,100,98342,100,100055,100,98210,100,100056,100,97949,100,100106,100,97857,100,100109,100,,
2019-06-28 09:45:40.000000000,99889,373,99842,273,100036,473,99331,273,100038,100,99168,100,100044,100,98582,100,100045,100,98517,100,100047,100,98342,100,100055,100,98210,100,100056,100,97949,100,100106,100,97857,100,100109,100,,
2019-06-28 09:45:42.193781935,99889,373,99842,273,100036,473,99331,273,100038,100,99168,100,100044,100,98582,100,100045,100,98517,100,100055,100,98342,100,100056,100,98210,100,100106,100,97949,100,100109,100,97864,100,100119,100,97857,100
2019-06-28 09:45:50.000000000,99889,286,99842,186,100036,386,99331,186,100038,186,99168,186,100044,186,98582,186,100045,100,98517,100,100055,100,98342,100,100056,100,98210,100,100106,100,97949,100,100109,100,97864,100,100119,100,97857,100
2019-06-28 09:46:00.000000000,99889,269,99842,169,100036,369,99331,169,100038,169,99168,169,100044,169,98582,169,100045,169,98517,169,100055,100,98342,100,100056,100,98210,100,100106,100,97949,100,100109,100,97864,100,100119,100,97857,100
2019-06-28 09:46:05.505147320,99842,31,99331,169,99889,269,99168,169,100036,369,98582,169,100038,169,98517,169,100044,169,98342,100,100045,169,98210,100,100055,100,97949,100,100056,100,97864,100,100106,100,97857,100,100109,100,,
2019-06-28 09:46:10.000000000,99842,204,99331,273,99889,373,99168,273,100036,300,98582,100,100038,100,98517,100,100044,100,98342,100,100045,100,98210,100,100055,100,97949,100,100056,100,97864,100,100106,100,97857,100,100109,100,,
2019-06-28 09:46:18.793231767,99842,204,99331,173,99889,373,99168,173,100036,300,98582,100,100038,100,98517,100,100044,100,98342,100,100045,100,98210,100,100055,100,97949,100,100056,100,97864,100,100106,100,97857,100,100109,100,,
2019-06-28 09:46:20.000000000,99842,377,98582,446,99889,200,98517,100,100036,300,98342,100,100038,100,98210,100,100044,100,97949,100,100045,100,97864,100,100055,100,97857,100,100056,100,,,100106,100,,,100109,100,,
2019-06-28 09:46:30.000000000,99842,117,98582,186,99889,286,98517,186,100036,386,98342,186,100038,186,98210,186,100044,100,97949,100,100045,100,97864,100,100055,100,97857,100,100056,100,,,100106,100,,,100109,100,,
2019-06-28 09:46:35.540632398,99841,100,98582,186,99842,117,98517,186,99889,286,98342,186,100036,386,98210,186,100038,186,97949,100,100044,100,97864,100,100045,100,97857,100,100055,100,,,100056,100,,,100106,100,,
2019-06-28 09:46:40.000000000,99841,218,98582,218,99842,145,98517,214,99889,314,98342,214,100036,300,98210,100,100038,100,97949,100,100044,100,97864,100,100045,100,97857,100,100055,100,,,100056,100,,,100106,100,,
2019-06-28 09:46:50.000000000,99841,446,98582,446,99842,31,98517,100,99889,200,98342,100,100036,300,98210,100,100038,100,97949,100,100044,100,97864,100,100045,100,97857,100,100055,100,,,100056,100,,,100106,100,,
2019-06-28 09:46:53.823994984,99841,446,98582,446,99842,31,98517,100,99889,200,98342,100,100036,300,98210,100,100038,100,97949,100,100044,100,97864,100,100045,100,97857,100,100055,100,97477,100,100056,100,,,100106,100,,
2019-06-28 09:47:00.000000000,99841,218,98582,218,99842,145,98517,214,99889,314,98342,214,100036,300,98210,100,100038,100,97949,100,100044,100,97864,100,100045,100,97857,100,100055,100,97477,100,100056,100,,,100106,100,,
2019-06-28 09:47:06.924815015,99841,218,98582,218,99842,145,98517,214,99889,214,98342,214,100036,300,98210,100,100038,100,97949,100,100044,100,97864,100,100045,100,97857,100,100055,100,97477,100,100056,100,,,100106,100,,
2019-06-28 09:47:10.000000000,99841,446,98582,446,99842,31,98517,100,99889,100,98342,100,100036,300,98210,100,100038,100,97949,100,100044,100,97864,100,100045,100,97857,100,100055,100,97477,100,100056,100,,,100106,100,,
2019-06-28 09:47:20.000000000,99841,169,98582,169,99842,100,98517,169,99889,169,98342,169,100036,369,98210,169,100038,169,97949,169,100044,100,97864,100,100045,100,97857,100,100055,100,97477,100,100056,100,,,100106,100,,
2019-06-28 09:47:23.966320001,99841,269,98582,169,99842,100,98517,169,99889,169,98342,169,100036,369,98210,169,100038,169,97949,169,100045,100,97864,100,100055,100,97857,100,100056,100,97477,100,100106,100,,,100109,100,,
2019-06-28 09:47:28.221734815,99841,269,98582,69,99842,100,98517,169,99889,169,98342,169,100036,369,98210,169,100038,169,97949,169,100045,100,97864,100,100055,100,97857,100,100056,100,97477,100,100106,100,,,100109,100,,
2019-06-28 09:47:30.000000000,99841,318,98517,218,99842,145,98342,214,99889,214,98210,214,100036,300,97949,100,100038,100,97864,100,100045,100,97857,100,100055,100,97477,100,100056,100,,,100106,100,,,100109,100,,
2019-06-28 09:47:31.119923039,99841,318,98517,218,99842,145,98451,100,99889,214,98342,214,100036,300,98210,214,100038,100,97949,100,100045,100,97864,100,100055,100,97857,100,100056,100,97477,100,100106,100,,,100109,100,,
2019-06-28 09:47:34.493211050,99841,318,98517,118,99842,114,98451,100,99889,214,98342,214,100036,300,98210,214,100038,100,97949,100,100045,100,97864,100,100055,100,97857,100,100056,100,97477,100,100106,100,,,100109,100,,
2019-06-28 09:47:40.000000000,99841,373,98451,273,99889,273,98342,273,100036,300,98210,100,100038,100,97949,100,100045,100,97864,100,100055,100,97857,100,100056,100,97477,100,100106,100,,,100109,100,,,100119,100,,
2019-06-28 09:47:50.000000000,99841,546,98451,446,99889,100,98342,100,100036,300,98210,100,100038,100,97949,100,100045,100,97864,100,100055,100,97857,100,100056,100,97477,100,100106,100,,,100109,100,,,100119,100,,
2019-06-28 09:47:50.962935610,99841,546,98451,446,99889,100,98342,100,100036,300,98217,100,100038,100,98210,100,100045,100,97949,100,100055,100,97864,100,100056,100,97857,100,100106,100,97477,100,100109,100,,,100119,100,,
2019-06-28 09:48:00.000000000,99841,286,98451,186,99889,186,98342,186,100036,386,98217,186,100038,186,98210,186,100045,100,97949,100,100055,100,97864,100,100056,100,97857,100,100106,100,97477,100,100109,100,,,100119,100,,
2019-06-28 09:48:10.000000000,99841,546,98451,446,99889,100,98342,100,100036,300,98217,100,100038,100,98210,100,100045,100,97949,100,100055,100,97864,100,100056,100,97857,100,100106,100,97477,100,100109,100,,,100119,100,,
2019-06-28 09:48:20.000000000,99841,318,98451,218,99889,214,98342,214,100036,414,98217,214,100038,100,98210,100,100045,100,97949,100,100055,100,97864,100,100056,100,97857,100,100106,100,97477,100,100109,100,,,100119,100,,
2019-06-28 09:48:30.000000000,99841,286,98451,186,99889,186,98342,186,100036,386,98217,186,100038,186,98210,186,100045,100,97949,100,100055,100,97864,100,100056,100,97857,100,100106,100,97477,100,100109,100,,,100119,100,,
2019-06-28 09:48:33.721447958,99841,286,98451,86,99889,186,98342,186,100036,386,98217,186,100038,186,98210,186,100045,100,97949,100,100055,100,97864,100,100056,100,97857,100,100106,100,,,100109,100,,,100119,100,,
2019-06-28 09:48:40.000000000,99841,546,98342,446,99889,100,98217,100,100036,300,98210,100,100038,100,97949,100,100045,100,97864,100,100055,100,97857,100,100056,100,,,100106,100,,,100109,100,,,100119,100,,
2019-06-28 09:48:44.279847658,99841,546,98342,246,99889,100,98217,100,100036,300,98210,100,100038,100,97949,100,100045,100,97864,100,100055,100,97857,100,100056,100,,,100106,100,,,100109,100,,,100119,100,,
2019-06-28 09:48:50.000000000,99841,546,98217,446,99889,100,98210,100,100036,300,97949,100,100038,100,97864,100,100045,100,97857,100,100055,100,,,100056,100,,,100106,100,,,100109,100,,,100119,100,,
2019-06-28 09:49:00.000000000,99841,373,98217,273,99889,273,98210,273,100036,300,97949,100,100038,100,97864,100,100045,100,97857,100,100055,100,,,100056,100,,,100106,100,,,100109,100,,,100119,100,,
2019-06-28 09:49:10.000000000,99841,318,98217,218,99889,214,98210,214,100036,414,97949,214,100038,100,97864,100,100045,100,97857,100,100055,100,,,100056,100,,,100106,100,,,100109,100,,,100119,100,,
2019-06-28 09:49:20.000000000,99841,318,98217,218,99889,214,98210,214,100036,414,97949,214,100038,100,97864,100,100045,100,97857,100,100055,100,,,100056,100,,,100106,100,,,100109,100,,,100119,100,,
2019-06-28 09:49:30.000000000,99841,318,98217,218,99889,214,98210,214,100036,414,97949,214,100038,100,97864,100,100045,100,97857,100,100055,100,,,100056,100,,,100106,100,,,100109,100,,,100119,100,,
2019-06-28 09:49:30.035235059,98414,100,98217,218,99841,318,98210,214,99889,214,97949,214,100036,414,97864,100,100038,100,97857,100,100045,100,,,100055,100,,,100056,100,,,100106,100,,,100109,100,,
2019-06-28 09:49:40.000000000,98414,218,98217,218,99841,314,98210,214,99889,214,97949,214,100036,300,97864,100,100038,100,97857,100,100045,100,,,100055,100,,,100056,100,,,100106,100,,,100109,100,,
2019-06-28 09:49:50.000000000,98414,273,98217,273,99841,373,98210,273,99889,100,97949,100,100036,300,97864,100,100038,100,97857,100,100045,100,,,100055,100,,,100056,100,,,100106,100,,,100109,100,,
2019-06-28 09:50:00.000000000,98414,273,98217,273,99841,373,98210,273,99889,100,97949,100,100036,300,97864,100,100038,100,97857,100,100045,100,,,100055,100,,,100056,100,,,100106,100,,,100109,100,,
2019-06-28 09:50:10.000000000,98414,273,98217,273,99841,373,98210,273,99889,100,97949,100,100036,300,97864,100,100038,100,97857,100,100045,100,,,100055,100,,,100056,100,,,100106,100,,,100109,100,,
2019-06-28 09:50:20.000000000,98414,273,98217,273,99841,373,98210,273,99889,100,97949,100,100036,300,97864,100,100038,100,97857,100,100045,100,,,100055,100,,,100056,100,,,100106,100,,,100109,100,,
2019-06-28 09:50:30.000000000,98414,273,98217,273,99841,373,98210,273,99889,100,97949,100,100036,300,97864,100,100038,100,97857,100,100045,100,,,100055,100,,,100056,100,,,100106,100,,,100109,100,,
2019-06-28 09:50:40.000000000,98414,446,98217,446,99841,200,98210,100,99889,100,97949,100,100036,300,97864,100,100038,100,97857,100,100045,100,,,100055,100,,,100056,100,,,100106,100,,,100109,100,,
2019-06-28 09:50:42.794102369,98414,446,98217,446,99841,200,98210,100,99889,100,97949,100,100036,200,97864,100,100038,100,97857,100,100045,100,,,100055,100,,,100056,100,,,100106,100,,,100109,100,,
2019-06-28 09:50:50.000000000,98414,446,98217,446,99841,200,98210,100,99889,100,97949,100,100036,200,97864,100,100038,100,97857,100,100045,100,,,100055,100,,,100056,100,,,100106,100,,,100109,100,,
2019-06-28 09:51:00.000000000,98414,169,98217,169,99841,269,98210,169,99889,169,97949,169,100036,269,97864,169,100038,169,97857,169,100045,100,,,100055,100,,,100056,100,,,100106,100,,,100109,100,,
2019-06-28 09:51:00.249938741,98414,169,98217,169,98451,100,98210,169,99841,269,97949,169,99889,169,97864,169,100036,269,97857,169,100038,169,,,100045,100,,,100055,100,,,100056,100,,,100106,100,,
2019-06-28 09:51:10.000000000,98414,218,98217,218,98451,214,98210,214,99841,314,97949,214,99889,100,97864,100,100036,200,97857,100,100038,100,,,100045,100,,,100055,100,,,100056,100,,,100106,100,,
2019-06-28 09:51:20.000000000,98414,273,98217,273,98451,273,98210,273,99841,200,97949,100,99889,100,97864,100,100036,200,97857,100,100038,100,,,100045,100,,,100055,100,,,100056,100,,,100106,100,,
2019-06-28 09:51:30.000000000,98414,218,98217,218,98451,214,98210,214,99841,314,97949,214,99889,100,97864,100,100036,200,97857,100,100038,100,,,100045,100,,,100055,100,,,100056,100,,,100106,100,,
2019-06-28 09:51:31.716057671,98414,218,98217,218,98451,214,98210,214,99841,314,98105,100,99889,100,97949,214,100036,200,97864,100,100038,100,97857,100,100045,100,,,100055,100,,,100056,100,,,100106,100,,
2019-06-28 09:51:40.000000000,98414,446,98217,446,98451,100,98210,100,99841,200,98105,100,99889,100,97949,100,100036,200,97864,100,100038,100,97857,100,100045,100,,,100055,100,,,100056,100,,,100106,100,,
2019-06-28 09:51:50.000000000,98414,186,98217,186,98451,186,98210,186,99841,286,98105,186,99889,186,97949,186,100036,200,97864,100,100038,100,97857,100,100045,100,,,100055,100,,,100056,100,,,100106,100,,
2019-06-28 09:52:00.000000000,98414,169,98217,169,98451,169,98210,169,99841,269,98105,169,99889,169,97949,169,100036,269,97864,169,100038,100,97857,100,100045,100,,,100055,100,,,100056,100,,,100106,100,,
2019-06-28 09:52:05.869252383,98414,169,98217,169,98451,169,98210,169,99841,269,98105,169,99889,169,97949,169,100036,269,97864,169,100038,100,97857,100,100045,100,97522,100,100055,100,,,100056,100,,,100106,100,,
2019-06-28 09:52:10.000000000,98414,273,98217,273,98451,273,98210,273,99841,200,98105,100,99889,100,97949,100,100036,200,97864,100,100038,100,97857,100,100045,100,97522,100,100055,100,,,100056,100,,,100106,100,,
2019-06-28 09:52:10.536380530,98414,273,98217,273,98451,273,98210,273,99841,200,98105,100,99889,100,97949,100,100036,200,97864,100,100045,100,97857,100,100055,100,97522,100,100056,100,97439,100,100106,100,,,100109,100,,
2019-06-28 09:52:20.000000000,98414,169,98217,169,98451,169,98210,169,99841,269,98105,169,99889,169,97949,169,100036,269,97864,169,100045,100,97857,100,100055,100,97522,100,100056,100,97439,100,100106,100,,,100109,100,,
2019-06-28 09:52:30.000000000,98414,273,98217,273,98451,273,98210,273,99841,200,98105,100,99889,100,97949,100,100036,200,97864,100,100045,100,97857,100,100055,100,97522,100,100056,100,97439,100,100106,100,,,100109,100,,
2019-06-28 09:52:40.000000000,98414,273,98217,273,98451,273,98210,273,99841,200,98105,100,99889,100,97949,100,100036,200,97864,100,100045,100,97857,100,100055,100,97522,100,100056,100,97439,100,100106,100,,,100109,100,,
2019-06-28 09:52:41.598639925,98414,273,98217,273,98451,273,98210,273,99841,200,98105,100,99889,100,97949,100,100036,200,97864,100,100045,100,97857,100,100055,100,97522,100,100056,100,97439,100,100106,100,97430,100,100109,100,,
2019-06-28 09:52:50.000000000,98414,273,98217,273,98451,273,98210,273,99841,200,98105,100,99889,100,97949,100,100036,200,97864,100,100045,100,97857,100,100055,100,97522,100,100056,100,97439,100,100106,100,97430,100,100109,100,,
2019-06-28 09:52:56.704134314,98414,273,98217,173,98451,273,98210,273,99841,200,98105,100,99889,100,97949,100,100036,200,97864,100,100045,100,97857,100,100055,100,97522,100,100056,100,97439,100,100106,100,97430,100,100109,100,,
2019-06-28 09:53:00.000000000,98414,186,98210,186,98451,186,98105,186,99841,286,97949,186,99889,186,97864,186,100036,200,97857,100,100045,100,97522,100,100055,100,97439,100,100056,100,97430,100,100106,100,,,100109,100,,
2019-06-28 09:53:10.000000000,98414,169,98210,169,98451,169,98105,169,99841,269,97949,169,99889,169,97864,169,100036,269,97857,169,100045,100,97522,100,100055,100,97439,100,100056,100,97430,100,100106,100,,,100109,100,,
2019-06-28 09:53:20.000000000,98414,446,98210,446,98451,100,98105,100,99841,200,97949,100,99889,100,97864,100,100036,200,97857,100,100045,100,97522,100,100055,100,97439,100,100056,100,97430,100,100106,100,,,100109,100,,
2019-06-28 09:53:20.302089650,98414,446,98210,446,98451,100,98105,100,99841,100,97949,100,99889,100,97864,100,100036,200,97857,100,100045,100,97522,100,100055,100,97439,100,100056,100,97430,100,100106,100,,,100109,100,,
2019-06-28 09:53:23.246479029,98414,446,98210,446,98451,100,98105,100,99841,100,97949,100,99889,100,97864,100,100036,200,97857,100,100045,100,97522,100,100055,100,97439,100,100056,100,97430,100,100106,100,97313,100,100109,100,,
2019-06-28 09:53:30.000000000,98414,186,98210,186,98451,186,98105,186,99841,186,97949,186,99889,186,97864,186,100036,200,97857,100,100045,100,97522,100,100055,100,97439,100,100056,100,97430,100,100106,100,97313,100,100109,100,,
2019-06-28 09:53:40.000000000,98414,169,98210,169,98451,169,98105,169,99841,169,97949,169,99889,169,97864,169,100036,269,97857,169,100045,100,97522,100,100055,100,97439,100,100056,100,97430,100,100106,100,97313,100,100109,100,,
2019-06-28 09:53:47.699641875,98414,169,98210,169,98451,169,98105,169,99841,169,97949,169,99889,169,97864,169,100036,269,97857,169,100045,100,97439,100,100055,100,97430,100,100056,100,97320,100,100106,100,97313,100,100109,100,,
2019-06-28 09:53:50.000000000,98414,446,98210,446,98451,100,98105,100,99841,100,97949,100,99889,100,97864,100,100036,200,97857,100,100045,100,97439,100,100055,100,97430,100,100056,100,97320,100,100106,100,97313,100,100109,100,,
2019-06-28 09:53:59.289352628,98414,446,98210,346,98451,100,98105,100,99841,100,97949,100,99889,100,97864,100,100036,200,97857,100,100045,100,97439,100,100055,100,97430,100,100056,100,97320,100,100106,100,97313,100,100109,100,,
2019-06-28 09:54:00.000000000,98414,273,98105,273,98451,273,97949,273,99841,100,97864,100,99889,100,97857,100,100036,200,97439,100,100045,100,97430,100,100055,100,97320,100,100056,100,97313,100,100106,100,,,100109,100,,
2019-06-28 09:54:10.000000000,98414,186,98105,186,98451,186,97949,186,99841,186,97864,186,99889,186,97857,186,100036,200,97439,100,100045,100,97430,100,100055,100,97320,100,100056,100,97313,100,100106,100,,,100109,100,,
2019-06-28 09:54:20.000000000,98414,169,98105,169,98451,169,97949,169,99841,169,97864,169,99889,169,97857,169,100036,269,97439,169,100045,100,97430,100,100055,100,97320,100,100056,100,97313,100,100106,100,,,100109,100,,
2019-06-28 09:54:23.442133975,98414,169,98105,169,98451,169,97949,169,99841,169,97864,169,99889,169,97857,169,100036,169,97439,169,100045,100,97430,100,100055,100,97320,100,100056,100,97313,100,100106,100,,,100109,100,,
2019-06-28 09:54:30.000000000,98414,169,98105,169,98451,169,97949,169,99841,169,97864,169,99889,169,97857,169,100036,169,97439,169,100045,100,97430,100,100055,100,97320,100,100056,100,97313,100,100106,100,,,100109,100,,
2019-06-28 09:54:36.124337764,98217,100,98105,169,98414,169,97949,169,98451,169,97864,169,99841,169,97857,169,99889,169,97439,169,100036,169,97430,100,100045,100,97320,100,100055,100,97313,100,100056,100,,,100106,100,,
2019-06-28 09:54:37.689782450,98217,100,98105,69,98414,169,97949,169,98451,169,97864,169,99841,169,97857,169,99889,169,97439,169,100036,169,97430,100,100045,100,97320,100,100055,100,97313,100,100056,100,,,100106,100,,
2019-06-28 09:54:40.000000000,98217,169,97949,169,98414,169,97864,169,98451,169,97857,169,99841,169,97439,169,99889,169,97430,169,100036,100,97320,100,100045,100,97313,100,100055,100,,,100056,100,,,100106,100,,
2019-06-28 09:54:42.768161342,98210,100,97949,169,98217,169,97864,169,98414,169,97857,169,98451,169,97439,169,99841,169,97430,169,99889,169,97320,100,100036,100,97313,100,100045,100,,,100055,100,,,100056,100,,
2019-06-28 09:54:50.000000000,98210,446,97949,446,98217,100,97864,100,98414,100,97857,100,98451,100,97439,100,99841,100,97430,100,99889,100,97320,100,100036,100,97313,100,100045,100,,,100055,100,,,100056,100,,
2019-06-28 09:55:00.000000000,98210,273,97949,273,98217,273,97864,273,98414,100,97857,100,98451,100,97439,100,99841,100,97430,100,99889,100,97320,100,100036,100,97313,100,100045,100,,,100055,100,,,100056,100,,
2019-06-28 09:55:10.000000000,98210,446,97949,446,98217,100,97864,100,98414,100,97857,100,98451,100,97439,100,99841,100,97430,100,99889,100,97320,100,100036,100,97313,100,100045,100,,,100055,100,,,100056,100,,
2019-06-28 09:55:20.000000000,98210,446,97949,446,98217,100,97864,100,98414,100,97857,100,98451,100,97439,100,99841,100,97430,100,99889,100,97320,100,100036,100,97313,100,100045,100,,,100055,100,,,100056,100,,
2019-06-28 09:55:26.069799853,98210,446,97949,346,98217,100,97864,100,98414,100,97857,100,98451,100,97439,100,99841,100,97430,100,99889,100,97320,100,100036,100,97313,100,100045,100,,,100055,100,,,100056,100,,
2019-06-28 09:55:30.000000000,98210,186,97864,186,98217,186,97857,186,98414,186,97439,186,98451,186,97430,186,99841,100,97320,100,99889,100,97313,100,100036,100,,,100045,100,,,100055,100,,,100056,100,,
2019-06-28 09:55:40.000000000,98210,446,97864,446,98217,100,97857,100,98414,100,97439,100,98451,100,97430,100,99841,100,97320,100,99889,100,97313,100,100036,100,,,100045,100,,,100055,100,,,100056,100,,
2019-06-28 09:55:43.762350486,98210,446,97864,446,98217,100,97857,100,98414,100,97439,100,98451,100,97430,100,99841,100,97320,100,100036,100,97313,100,100045,100,,,100055,100,,,100056,100,,,100106,100,,
2019-06-28 09:55:50.000000000,98210,273,97864,273,98217,273,97857,273,98414,100,97439,100,98451,100,97430,100,99841,100,97320,100,100036,100,97313,100,100045,100,,,100055,100,,,100056,100,,,100106,100,,
2019-06-28 09:55:54.618535682,98210,273,97864,273,98217,273,97857,273,98414,100,97439,100,98451,100,97430,100,99841,100,97320,100,100036,100,97313,100,100045,100,97311,100,100055,100,,,100056,100,,,100106,100,,
2019-06-28 09:55:54.810251667,98210,273,97864,273,98217,273,97857,273,98414,100,97439,100,98451,100,97430,100,99841,100,97364,100,100036,100,97320,100,100045,100,97313,100,100055,100,97311,100,100056,100,,,100106,100,,
2019-06-28 09:56:00.000000000,98210,218,97864,218,98217,214,97857,214,98414,214,97439,214,98451,100,97430,100,99841,100,97364,100,100036,100,97320,100,100045,100,97313,100,100055,100,97311,100,100056,100,,,100106,100,,
2019-06-28 09:56:03.983733470,98210,218,97864,218,98217,214,97857,214,98414,214,97439,114,98451,100,97430,100,99841,100,97417,100,100036,100,97364,100,100045,100,97320,100,100055,100,97313,100,100056,100,97311,100,100106,100,,
2019-06-28 09:56:10.000000000,98210,218,97864,218,98217,214,97857,214,98414,214,97430,214,98451,100,97417,100,99841,100,97364,100,100036,100,97320,100,100045,100,97313,100,100055,100,97311,100,100056,100,,,100106,100,,
2019-06-28 09:56:12.859311766,98105,100,97864,218,98210,218,97857,214,98217,214,97430,214,98414,214,97417,100,98451,100,97364,100,99841,100,97320,100,100036,100,97313,100,100045,100,97311,100,100055,100,,,100056,100,,
2019-06-28 09:56:19.187778497,98105,200,97864,218,98210,218,97857,214,98217,214,97430,214,98414,214,97417,100,98451,100,97364,100,99841,100,97320,100,100045,100,97313,100,100055,100,97311,100,100056,100,,,100106,100,,
2019-06-28 09:56:20.000000000,98105,286,97864,186,98210,186,97857,186,98217,186,97430,186,98414,186,97417,186,98451,100,97364,100,99841,100,97320,100,100045,100,97313,100,100055,100,97311,100,100056,100,,,100106,100,,
2019-06-28 09:56:27.375970727,98105,286,97864,186,98210,186,97857,186,98217,186,97430,186,98414,186,97417,186,98451,100,97378,100,99841,100,97364,100,100045,100,97320,100,100055,100,97313,100,100056,100,97311,100,100106,100,,
2019-06-28 09:56:30.000000000,98105,546,97864,446,98210,100,97857,100,98217,100,97430,100,98414,100,97417,100,98451,100,97378,100,99841,100,97364,100,100045,100,97320,100,100055,100,97313,100,100056,100,97311,100,100106,100,,
2019-06-28 09:56:40.000000000,98105,269,97864,169,98210,169,97857,169,98217,169,97430,169,98414,169,97417,169,98451,169,97378,169,99841,100,97364,100,100045,100,97320,100,100055,100,97313,100,100056,100,97311,100,100106,100,,
2019-06-28 09:56:50.000000000,98105,318,97864,218,98210,214,97857,214,98217,214,97430,214,98414,100,97417,100,98451,100,97378,100,99841,100,97364,100,100045,100,97320,100,100055,100,97313,100,100056,100,97311,100,100106,100,,
2019-06-28 09:57:00.000000000,98105,286,97864,186,98210,186,97857,186,98217,186,97430,186,98414,186,97417,186,98451,100,97378,100,99841,100,97364,100,100045,100,97320,100,100055,100,97313,100,100056,100,97311,100,100106,100,,
2019-06-28 09:57:02.496226780,98105,286,97864,86,98210,186,97857,186,98217,186,97430,186,98414,186,97417,186,98451,100,97378,100,99841,100,97364,100,100045,100,97320,100,100055,100,97313,100,100056,100,97311,100,100106,100,,
2019-06-28 09:57:07.881725859,97864,14,97857,186,98105,286,97430,186,98210,186,97417,186,98217,186,97378,100,98414,186,97364,100,98451,100,97320,100,99841,100,97313,100,100045,100,97311,100,100055,100,,,100056,100,,
2019-06-28 09:57:10.000000000,97864,132,97857,218,98105,314,97430,214,98210,214,97417,214,98217,100,97378,100,98414,100,97364,100,98451,100,97320,100,99841,100,97313,100,100045,100,97311,100,100055,100,,,100056,100,,
2019-06-28 09:57:20.000000000,97864,83,97857,169,98105,269,97430,169,98210,169,97417,169,98217,169,97378,169,98414,169,97364,169,98451,100,97320,100,99841,100,97313,100,100045,100,97311,100,100055,100,,,100056,100,,
2019-06-28 09:57:29.694742040,98105,269,97865,17,98210,169,97857,169,98217,169,97430,169,98414,169,97417,169,98451,100,97378,169,99841,100,97364,169,100045,100,97320,100,100055,100,97313,100,100056,100,97311,100,100106,100,,
2019-06-28 09:57:30.000000000,98105,546,97865,363,98210,100,97857,100,98217,100,97430,100,98414,100,97417,100,98451,100,97378,100,99841,100,97364,100,100045,100,97320,100,100055,100,97313,100,100056,100,97311,100,100106,100,,
2019-06-28 09:57:40.000000000,98105,373,97865,190,98210,273,97857,273,98217,100,97430,100,98414,100,97417,100,98451,100,97378,100,99841,100,97364,100,100045,100,97320,100,100055,100,97313,100,100056,100,97311,100,100106,100,,
2019-06-28 09:57:45.219046845,98105,373,97865,190,98210,273,97864,100,98217,100,97857,273,98414,100,97430,100,98451,100,97417,100,99841,100,97378,100,100045,100,97364,100,100055,100,97320,100,100056,100,97313,100,100106,100,97311,100
2019-06-28 09:57:50.000000000,98105,269,97865,86,98210,169,97864,169,98217,169,97857,169,98414,169,97430,169,98451,169,97417,169,99841,100,97378,100,100045,100,97364,100,100055,100,97320,100,100056,100,97313,100,100106,100,97311,100
2019-06-28 09:58:00.000000000,98105,286,97865,103,98210,186,97864,186,98217,186,97857,186,98414,186,97430,186,98451,100,97417,100,99841,100,97378,100,100045,100,97364,100,100055,100,97320,100,100056,100,97313,100,100106,100,97311,100
2019-06-28 09:58:02.248373431,98023,100,97865,103,98105,286,97864,186,98210,186,97857,186,98217,186,97430,186,98414,186,97417,100,98451,100,97378,100,99841,100,97364,100,100045,100,97320,100,100055,100,97313,100,100056,100,97311,100
2019-06-28 09:58:03.957953721,98105,286,97865,103,98167,100,97864,186,98210,186,97857,186,98217,186,97430,186,98414,186,97417,100,98451,100,97378,100,99841,100,97364,100,100045,100,97320,100,100055,100,97313,100,100056,100,97311,100
2019-06-28 09:58:09.951021021,98105,186,97865,103,98167,100,97864,186,98210,186,97857,186,98217,186,97430,186,98414,186,97378,100,98451,100,97364,100,99841,100,97320,100,100045,100,97313,100,100055,100,97311,100,100056,100,,
2019-06-28 09:58:10.000000000,98105,273,97865,190,98167,273,97864,273,98210,100,97857,100,98217,100,97430,100,98414,100,97378,100,98451,100,97364,100,99841,100,97320,100,100045,100,97313,100,100055,100,97311,100,100056,100,,
2019-06-28 09:58:19.784497018,98105,173,97865,190,98167,273,97864,273,98210,100,97857,100,98217,100,97430,100,98414,100,97378,100,98451,100,97364,100,99841,100,97320,100,100045,100,97313,100,100055,100,97311,100,100056,100,,
2019-06-28 09:58:20.000000000,98167,273,97865,190,98210,273,97864,273,98217,100,97857,100,98414,100,97430,100,98451,100,97378,100,99841,100,97364,100,100045,100,97320,100,100055,100,97313,100,100056,100,97311,100,100106,100,,
2019-06-28 09:58:30.000000000,98167,218,97865,135,98210,214,97864,214,98217,214,97857,214,98414,100,97430,100,98451,100,97378,100,99841,100,97364,100,100045,100,97320,100,100055,100,97313,100,100056,100,97311,100,100106,100,,
2019-06-28 09:58:38.107259145,98167,118,97865,135,98210,214,97864,214,98217,214,97857,214,98414,100,97430,100,98451,100,97378,100,99841,100,97364,100,100045,100,97320,100,100055,100,97313,100,100056,100,,,100106,100,,
2019-06-28 09:58:40.000000000,98210,446,97865,363,98217,100,97864,100,98414,100,97857,100,98451,100,97430,100,99841,100,97378,100,100045,100,97364,100,100055,100,97320,100,100056,100,97313,100,100106,100,,,100109,100,,
2019-06-28 09:58:50.000000000,98210,169,97865,86,98217,169,97864,169,98414,169,97857,169,98451,169,97430,169,99841,169,97378,169,100045,100,97364,100,100055,100,97320,100,100056,100,97313,100,100106,100,,,100109,100,,
2019-06-28 09:58:56.938193008,98210,169,98115,100,98217,169,97865,86,98414,169,97864,169,98451,169,97857,169,99841,169,97430,169,100045,100,97378,169,100055,100,97364,100,100056,100,97320,100,100106,100,97313,100,100109,100,,
2019-06-28 09:59:00.000000000,98210,169,98115,169,98217,169,97865,86,98414,169,97864,169,98451,169,97857,169,99841,169,97430,169,100045,100,97378,100,100055,100,97364,100,100056,100,97320,100,100106,100,97313,100,100109,100,,
2019-06-28 09:59:10.000000000,98210,446,98115,446,98217,100,97865,17,98414,100,97864,100,98451,100,97857,100,99841,100,97430,100,100045,100,97378,100,100055,100,97364,100,100056,100,97320,100,100106,100,97313,100,100109,100,,
2019-06-28 09:59:20.000000000,98210,446,98115,446,98217,100,97865,17,98414,100,97864,100,98451,100,97857,100,99841,100,97430,100,100045,100,97378,100,100055,100,97364,100,100056,100,97320,100,100106,100,97313,100,100109,100,,
2019-06-28 09:59:30.000000000,98210,169,98115,169,98217,169,97865,86,98414,169,97864,169,98451,169,97857,169,99841,169,97430,169,100045,100,97378,100,100055,100,97364,100,100056,100,97320,100,100106,100,97313,100,100109,100,,
2019-06-28 09:59:39.676067487,98210,169,98115,169,98217,169,97865,86,98414,169,97864,169,98451,169,97857,169,99087,100,97430,169,99841,169,97378,100,100045,100,97364,100,100055,100,97320,100,100056,100,97313,100,100106,100,,
2019-06-28 09:59:40.000000000,98210,446,98115,446,98217,100,97865,17,98414,100,97864,100,98451,100,97857,100,99087,100,97430,100,99841,100,97378,100,100045,100,97364,100,100055,100,97320,100,100056,100,97313,100,100106,100,,
2019-06-28 09:59:49.553323875,98210,446,98115,446,98217,100,97865,17,98414,100,97864,100,98451,100,97857,100,99087,100,97430,100,99239,100,97378,100,99841,100,97364,100,100045,100,97320,100,100055,100,97313,100,100056,100,,
2019-06-28 09:59:50.000000000,98210,186,98115,186,98217,186,97865,103,98414,186,97864,186,98451,186,97857,186,99087,100,97430,100,99239,100,97378,100,99841,100,97364,100,100045,100,97320,100,100055,100,97313,100,100056,100,,
2019-06-28 09:59:58.529078858,98210,86,98115,186,98217,186,97865,103,98414,186,97864,186,98451,186,97857,186,99087,100,97430,100,99239,100,97378,100,99841,100,97364,100,100045,100,97320,100,100056,100,97313,100,100106,100,,
2019-06-28 10:00:00.000000000,98217,273,98115,273,98414,273,97865,190,98451,100,97864,100,99087,100,97857,100,99239,100,97430,100,99841,100,97378,100,100045,100,97364,100,100056,100,97320,100,100106,100,97313,100,100109,100,,
2019-06-28 10:00:10.000000000,98217,218,98115,218,98414,214,97865,131,98451,214,97864,214,99087,100,97857,100,99239,100,97430,100,99841,100,97378,100,100045,100,97364,100,100056,100,97320,100,100106,100,97313,100,100109,100,,
2019-06-28 10:00:18.567728809,98217,118,98115,218,98414,214,97865,131,98451,214,97864,214,99087,100,97857,100,99239,100,97430,100,99841,100,97378,100,100045,100,97364,100,100056,100,97320,100,100106,100,97313,100,100109,100,,
2019-06-28 10:00:18.753091944,98217,118,98210,100,98414,214,98115,218,98451,214,97865,131,99087,100,97864,214,99239,100,97857,100,99841,100,97430,100,100045,100,97378,100,100056,100,97364,100,100106,100,97320,100,100109,100,97313,100
2019-06-28 10:00:20.000000000,98414,273,98210,273,98451,273,98115,273,99087,100,97865,17,99239,100,97864,100,99841,100,97857,100,100045,100,97430,100,100056,100,97378,100,100106,100,97364,100,100109,100,97320,100,100125,100,97313,100
2019-06-28 10:00:30.000000000,98414,218,98210,218,98451,214,98115,214,99087,214,97865,131,99239,100,97864,100,99841,100,97857,100,100045,100,97430,100,100056,100,97378,100,100106,100,97364,100,100109,100,97320,100,100125,100,97313,100
2019-06-28 10:00:40.000000000,98414,273,98210,273,98451,273,98115,273,99087,100,97865,17,99239,100,97864,100,99841,100,97857,100,100045,100,97430,100,100056,100,97378,100,100106,100,97364,100,100109,100,97320,100,100125,100,97313,100
2019-06-28 10:00:50.000000000,98414,446,98210,446,98451,100,98115,100,99087,100,97865,17,99239,100,97864,100,99841,100,97857,100,100045,100,97430,100,100056,100,97378,100,100106,100,97364,100,100109,100,97320,100,100125,100,97313,100
2019-06-28 10:00:52.127489479,98414,446,98210,446,98451,100,98115,100,98931,100,97865,17,99087,100,97864,100,99239,100,97857,100,99841,100,97430,100,100045,100,97378,100,100056,100,97364,100,100106,100,97320,100,100109,100,97313,100
2019-06-28 10:01:00.000000000,98414,446,98210,446,98451,100,98115,100,98931,100,97865,17,99087,100,97864,100,99239,100,97857,100,99841,100,97430,100,100045,100,97378,100,100056,100,97364,100,100106,100,97320,100,100109,100,97313,100
2019-06-28 10:01:04.594432746,98414,446,98210,446,98451,100,98115,100,98931,100,97865,17,99087,100,97864,100,99145,100,97857,100,99239,100,97430,100,99841,100,97378,100,100045,100,97364,100,100056,100,97320,100,100106,100,97313,100
2019-06-28 10:01:05.527088201,98414,446,98210,446,98451,100,97865,17,98931,100,97864,100,99052,100,97857,100,99087,100,97430,100,99145,100,97378,100,99239,100,97364,100,99841,100,97320,100,100045,100,97313,100,100056,100,,
2019-06-28 10:01:10.000000000,98414,273,98210,273,98451,273,97865,190,98931,100,97864,100,99052,100,97857,100,99087,100,97430,100,99145,100,97378,100,99239,100,97364,100,99841,100,97320,100,100045,100,97313,100,100056,100,,
2019-06-28 10:01:18.042635925,98414,273,98210,273,98451,273,97865,190,98931,100,97864,100,99022,100,97857,100,99052,100,97430,100,99087,100,97378,100,99145,100,97364,100,99239,100,97320,100,99841,100,97313,100,100045,100,,
2019-06-28 10:01:20.000000000,98414,218,98210,218,98451,214,97865,131,98931,214,97864,214,99022,100,97857,100,99052,100,97430,100,99087,100,97378,100,99145,100,97364,100,99239,100,97320,100,99841,100,97313,100,100045,100,,
2019-06-28 10:01:23.651908482,98414,218,98210,218,98451,214,97865,131,98931,214,97864,214,99022,100,97857,100,99052,100,97430,100,99087,100,97378,100,99145,100,97320,100,99239,100,97313,100,99269,100,,,99841,100,,
2019-06-28 10:01:30.000000000,98414,446,98210,446,98451,100,97865,17,98931,100,97864,100,99022,100,97857,100,99052,100,97430,100,99087,100,97378,100,99145,100,97320,100,99239,100,97313,100,99269,100,,,99841,100,,
2019-06-28 10:01:40.000000000,98414,169,98210,169,98451,169,97865,86,98931,169,97864,169,99022,169,97857,169,99052,169,97430,169,99087,100,97378,100,99145,100,97320,100,99239,100,97313,100,99269,100,,,99841,100,,
2019-06-28 10:01:50.000000000,98414,186,98210,186,98451,186,97865,103,98931,186,97864,186,99022,186,97857,186,99052,100,97430,100,99087,100,97378,100,99145,100,97320,100,99239,100,97313,100,99269,100,,,99841,100,,
2019-06-28 10:01:52.322566653,98414,186,98210,186,98451,186,97865,103,98541,100,97864,186,98931,186,97857,186,99022,186,97430,100,99052,100,97378,100,99087,100,97320,100,99145,100,97313,100,99239,100,,,99269,100,,
2019-06-28 10:02:00.000000000,98414,273,98210,273,98451,273,97865,190,98541,100,97864,100,98931,100,97857,100,99022,100,97430,100,99052,100,97378,100,99087,100,97320,100,99145,100,97313,100,99239,100,,,99269,100,,
2019-06-28 10:02:05.893842298,98414,273,98210,373,98451,273,97865,190,98541,100,97864,100,98931,100,97857,100,99022,100,97430,100,99052,100,97378,100,99087,100,97320,100,99145,100,97313,100,99239,100,,,99269,100,,
2019-06-28 10:02:10.000000000,98414,218,98210,318,98451,214,97865,131,98541,214,97864,214,98931,100,97857,100,99022,100,97430,100,99052,100,97378,100,99087,100,97320,100,99145,100,97313,100,99239,100,,,99269,100,,
2019-06-28 10:02:20.000000000,98414,218,98210,318,98451,214,97865,131,98541,214,97864,214,98931,100,97857,100,99022,100,97430,100,99052,100,97378,100,99087,100,97320,100,99145,100,97313,100,99239,100,,,99269,100,,
2019-06-28 10:02:30.000000000,98414,446,98210,546,98451,100,97865,17,98541,100,97864,100,98931,100,97857,100,99022,100,97430,100,99052,100,97378,100,99087,100,97320,100,99145,100,97313,100,99239,100,,,99269,100,,
2019-06-28 10:02:34.191395236,98414,446,98210,546,98451,100,97865,17,98541,100,97864,100,98743,100,97857,100,98931,100,97430,100,99022,100,97378,100,99052,100,97320,100,99087,100,97313,100,99145,100,,,99239,100,,
2019-06-28 10:02:40.000000000,98414,446,98210,546,98451,100,97865,17,98541,100,97864,100,98743,100,97857,100,98931,100,97430,100,99022,100,97378,100,99052,100,97320,100,99087,100,97313,100,99145,100,,,99239,100,,
2019-06-28 10:02:45.366655321,98414,446,98210,546,98451,100,97865,17,98541,100,97864,100,98743,100,97857,100,98788,100,97430,100,98931,100,97378,100,99022,100,97320,100,99052,100,97313,100,99087,100,,,99145,100,,
2019-06-28 10:02:50.000000000,98414,273,98210,373,98451,273,97865,190,98541,100,97864,100,98743,100,97857,100,98788,100,97430,100,98931,100,97378,100,99022,100,97320,100,99052,100,97313,100,99087,100,,,99145,100,,
2019-06-28 10:02:57.280722514,98414,273,98210,373,98451,273,97865,190,98541,100,97864,100,98743,100,97857,100,98788,100,97430,100,98821,100,97378,100,98931,100,97320,100,99022,100,97313,100,99052,100,,,99087,100,,
2019-06-28 10:03:00.000000000,98414,218,98210,318,98451,214,97865,131,98541,214,97864,214,98743,100,97857,100,98788,100,97430,100,98821,100,97378,100,98931,100,97320,100,99022,100,97313,100,99052,100,,,99087,100,,
2019-06-28 10:03:07.942579726,98414,218,98210,418,98451,214,97865,131,98541,214,97864,214,98743,100,97857,100,98788,100,97430,100,98821,100,97378,100,98931,100,97320,100,99022,100,97313,100,99052,100,,,99087,100,,
2019-06-28 10:03:10.000000000,98414,446,98210,646,98451,100,97865,17,98541,100,97864,100,98743,100,97857,100,98788,100,97430,100,98821,100,97378,100,98931,100,97320,100,99022,100,97313,100,99052,100,,,99087,100,,
2019-06-28 10:03:19.442514120,98414,446,98265,100,98451,100,98210,646,98541,100,97865,17,98743,100,97864,100,98788,100,97857,100,98821,100,97430,100,98931,100,97378,100,99022,100,97320,100,99052,100,97313,100,99087,100,,
2019-06-28 10:03:20.000000000,98414,446,98265,446,98451,100,98210,300,98541,100,97865,17,98743,100,97864,100,98788,100,97857,100,98821,100,97430,100,98931,100,97378,100,99022,100,97320,100,99052,100,97313,100,99087,100,,
2019-06-28 10:03:23.170315533,98414,446,98265,446,98451,100,98210,400,98541,100,97865,17,98743,100,97864,100,98788,100,97857,100,98821,100,97430,100,98931,100,97378,100,99022,100,97320,100,99052,100,97313,100,99087,100,,
2019-06-28 10:03:25.005676508,98414,446,98265,446,98451,100,98210,400,98541,100,97865,17,98565,100,97864,100,98743,100,97857,100,98788,100,97430,100,98821,100,97378,100,98931,100,97320,100,99052,100,97313,100,99087,100,,
2019-06-28 10:03:25.900500505,98414,446,98265,446,98451,100,98210,400,98528,100,97865,17,98541,100,97864,100,98565,100,97857,100,98743,100,97430,100,98788,100,97378,100,98821,100,97320,100,98931,100,97313,100,99052,100,,
2019-06-28 10:03:30.000000000,98414,169,98265,169,98451,169,98210,469,98528,169,97865,86,98541,169,97864,169,98565,169,97857,169,98743,100,97430,100,98788,100,97378,100,98821,100,97320,100,98931,100,97313,100,99052,100,,
2019-06-28 10:03:30.121413066,98414,169,98265,169,98451,169,98210,469,98487,100,97865,86,98528,169,97864,169,98541,169,97857,169,98565,169,97430,100,98743,100,97378,100,98788,100,97320,100,98821,100,97313,100,98931,100,,
2019-06-28 10:03:40.000000000,98414,186,98265,186,98451,186,98210,486,98487,186,97865,103,98528,186,97864,186,98541,100,97857,100,98565,100,97430,100,98743,100,97378,100,98788,100,97320,100,98821,100,97313,100,98931,100,,
2019-06-28 10:03:50.000000000,98414,273,98265,273,98451,273,98210,573,98487,100,97865,17,98528,100,97864,100,98541,100,97857,100,98565,100,97430,100,98743,100,97378,100,98788,100,97320,100,98821,100,97313,100,98931,100,,
2019-06-28 10:04:00.000000000,98414,273,98265,273,98451,273,98210,573,98487,100,97865,17,98528,100,97864,100,98541,100,97857,100,98565,100,97430,100,98743,100,97378,100,98788,100,97320,100,98821,100,97313,100,98931,100,,
2019-06-28 10:04:06.208949914,98414,273,98287,100,98451,273,98265,273,98487,100,98210,573,98528,100,97865,17,98541,100,97864,100,98565,100,97857,100,98743,100,97430,100,98788,100,97378,100,98821,100,97320,100,98931,100,97313,100
2019-06-28 10:04:10.000000000,98414,273,98287,273,98451,273,98265,273,98487,100,98210,400,98528,100,97865,17,98541,100,97864,100,98565,100,97857,100,98743,100,97430,100,98788,100,97378,100,98821,100,97320,100,98931,100,97313,100
2019-06-28 10:04:11.287466916,98414,273,98287,273,98451,273,98265,273,98487,100,98210,400,98528,100,97865,17,98541,100,97864,100,98565,100,97857,100,98651,100,97430,100,98743,100,97378,100,98788,100,97320,100,98821,100,97313,100
2019-06-28 10:04:20.000000000,98414,446,98287,446,98451,100,98265,100,98487,100,98210,400,98528,100,97865,17,98541,100,97864,100,98565,100,97857,100,98651,100,97430,100,98743,100,97378,100,98788,100,97320,100,98821,100,97313,100
2019-06-28 10:04:30.000000000,98414,218,98287,218,98451,214,98265,214,98487,214,98210,514,98528,100,97865,17,98541,100,97864,100,98565,100,97857,100,98651,100,97430,100,98743,100,97378,100,98788,100,97320,100,98821,100,97313,100
2019-06-28 10:04:40.000000000,98414,273,98287,273,98451,273,98265,273,98487,100,98210,400,98528,100,97865,17,98541,100,97864,100,98565,100,97857,100,98651,100,97430,100,98743,100,97378,100,98788,100,97320,100,98821,100,97313,100
2019-06-28 10:04:50.000000000,98414,218,98287,218,98451,214,98265,214,98487,214,98210,514,98528,100,97865,17,98541,100,97864,100,98565,100,97857,100,98651,100,97430,100,98743,100,97378,100,98788,100,97320,100,98821,100,97313,100
2019-06-28 10:05:00.000000000,98414,446,98287,446,98451,100,98265,100,98487,100,98210,400,98528,100,97865,17,98541,100,97864,100,98565,100,97857,100,98651,100,97430,100,98743,100,97378,100,98788,100,97320,100,98821,100,97313,100
2019-06-28 10:05:10.000000000,98414,273,98287,273,98451,273,98265,273,98487,100,98210,400,98528,100,97865,17,98541,100,97864,100,98565,100,97857,100,98651,100,97430,100,98743,100,97378,100,98788,100,97320,100,98821,100,97313,100
2019-06-28 10:05:16.129912810,98414,273,98287,273,98451,273,98265,273,98487,100,98210,400,98528,100,97865,17,98541,100,97864,100,98565,100,97857,100,98651,100,97430,100,98743,100,97378,100,98788,100,97320,100,98821,100,97313,100
2019-06-28 10:05:20.000000000,98414,186,98287,186,98451,186,98265,186,98487,186,98210,486,98528,186,97865,103,98541,100,97864,100,98565,100,97857,100,98651,100,97430,100,98743,100,97378,100,98788,100,97320,100,98821,100,97313,100
2019-06-28 10:05:30.000000000,98414,446,98287,446,98451,100,98265,100,98487,100,98210,400,98528,100,97865,17,98541,100,97864,100,98565,100,97857,100,98651,100,97430,100,98743,100,97378,100,98788,100,97320,100,98821,100,97313,100
2019-06-28 10:05:32.051325355,98414,446,98287,446,98451,100,98265,100,98487,100,98210,400,98528,100,97865,17,98541,100,97864,100,98565,100,97430,100,98642,100,97378,100,98651,100,97320,100,98743,100,97313,100,98788,100,,
2019-06-28 10:05:34.416232913,98414,346,98287,446,98451,100,98265,100,98487,100,98210,400,98528,100,97865,17,98541,100,97864,100,98565,100,97430,100,98642,100,97378,100,98651,100,97320,100,98743,100,97313,100,98788,100,,
2019-06-28 10:05:34.948497759,98414,346,98288,100,98451,100,98287,446,98487,100,98265,100,98528,100,98210,400,98541,100,97865,17,98565,100,97864,100,98642,100,97430,100,98651,100,97378,100,98743,100,97320,100,98788,100,97313,100
2019-06-28 10:05:39.117600702,98414,346,98288,100,98451,100,98287,446,98487,100,98265,100,98528,100,98210,400,98541,100,97865,17,98565,100,97864,100,98642,100,97430,100,98651,100,97378,100,98743,100,97320,100,98763,100,97313,100
2019-06-28 10:05:40.000000000,98451,169,98288,169,98487,169,98287,169,98528,169,98265,169,98541,169,98210,469,98565,169,97865,86,98642,100,97864,100,98651,100,97430,100,98743,100,97378,100,98763,100,97320,100,98788,100,97313,100
2019-06-28 10:05:50.000000000,98451,186,98288,186,98487,186,98287,186,98528,186,98265,186,98541,186,98210,486,98565,100,97865,17,98642,100,97864,100,98651,100,97430,100,98743,100,97378,100,98763,100,97320,100,98788,100,97313,100
2019-06-28 10:06:00.000000000,98451,218,98288,218,98487,214,98287,214,98528,214,98265,214,98541,100,98210,400,98565,100,97865,17,98642,100,97864,100,98651,100,97430,100,98743,100,97378,100,98763,100,97320,100,98788,100,97313,100
2019-06-28 10:06:07.516620562,98451,218,98288,318,98487,214,98287,214,98528,214,98265,214,98541,100,98210,400,98565,100,97865,17,98642,100,97864,100,98651,100,97430,100,98743,100,97378,100,98763,100,97320,100,98788,100,97313,100
2019-06-28 10:06:10.000000000,98451,218,98288,318,98487,214,98287,214,98528,214,98265,214,98541,100,98210,400,98565,100,97865,17,98642,100,97864,100,98651,100,97430,100,98743,100,97378,100,98763,100,97320,100,98788,100,97313,100
2019-06-28 10:06:20.000000000,98451,446,98288,546,98487,100,98287,100,98528,100,98265,100,98541,100,98210,400,98565,100,97865,17,98642,100,97864,100,98651,100,97430,100,98743,100,97378,100,98763,100,97320,100,98788,100,97313,100
2019-06-28 10:06:30.000000000,98451,169,98288,269,98487,169,98287,169,98528,169,98265,169,98541,169,98210,469,98565,169,97865,86,98642,100,97864,100,98651,100,97430,100,98743,100,97378,100,98763,100,97320,100,98788,100,97313,100
2019-06-28 10:06:40.000000000,98451,186,98288,286,98487,186,98287,186,98528,186,98265,186,98541,186,98210,486,98565,100,97865,17,98642,100,97864,100,98651,100,97430,100,98743,100,97378,100,98763,100,97320,100,98788,100,97313,100
2019-06-28 10:06:40.917571016,98451,86,98288,286,98487,186,98287,186,98528,186,98265,186,98541,186,98210,486,98565,100,97865,17,98642,100,97864,100,98651,100,97430,100,98743,100,97378,100,98763,100,97320,100,98788,100,97313,100
2019-06-28 10:06:50.000000000,98487,169,98288,269,98528,169,98287,169,98541,169,98265,169,98565,169,98210,469,98642,169,97865,86,98651,100,97864,100,98743,100,97430,100,98763,100,97378,100,98788,100,97320,100,98821,100,97313,100
2019-06-28 10:07:00.000000000,98487,169,98288,269,98528,169,98287,169,98541,169,98265,169,98565,169,98210,469,98642,169,97865,86,98651,100,97864,100,98743,100,97430,100,98763,100,97378,100,98788,100,97320,100,98821,100,97313,100
2019-06-28 10:07:10.000000000,98487,446,98288,546,98528,100,98287,100,98541,100,98265,100,98565,100,98210,400,98642,100,97865,17,98651,100,97864,100,98743,100,97430,100,98763,100,97378,100,98788,100,97320,100,98821,100,97313,100
2019-06-28 10:07:20.000000000,98487,186,98288,286,98528,186,98287,186,98541,186,98265,186,98565,186,98210,486,98642,100,97865,17,98651,100,97864,100,98743,100,97430,100,98763,100,97378,100,98788,100,97320,100,98821,100,97313,100
2019-06-28 10:07:25.103068479,98487,186,98409,100,98528,186,98288,286,98541,186,98287,186,98565,186,98265,186,98642,100,98210,486,98651,100,97865,17,98743,100,97864,100,98788,100,97430,100,98821,100,97378,100,98931,100,97320,100
2019-06-28 10:07:30.000000000,98487,169,98409,169,98528,169,98288,269,98541,169,98287,169,98565,169,98265,169,98642,169,98210,469,98651,100,97865,17,98743,100,97864,100,98788,100,97430,100,98821,100,97378,100,98931,100,97320,100
2019-06-28 10:07:30.638986709,98487,169,98409,169,98528,169,98288,269,98541,169,98287,169,98565,169,98284,100,98642,169,98265,169,98651,100,98210,469,98743,100,97865,17,98788,100,97864,100,98821,100,97430,100,98931,100,97378,100
2019-06-28 10:07:38.635704388,98487,169,98409,169,98528,169,98288,269,98541,169,98287,169,98553,100,98284,100,98565,169,98265,169,98642,169,98210,469,98651,100,97865,17,98743,100,97864,100,98788,100,97430,100,98821,100,97378,100
2019-06-28 10:07:40.000000000,98487,273,98409,273,98528,273,98288,373,98541,100,98287,100,98553,100,98284,100,98565,100,98265,100,98642,100,98210,400,98651,100,97865,17,98743,100,97864,100,98788,100,97430,100,98821,100,97378,100
2019-06-28 10:07:50.000000000,98487,169,98409,169,98528,169,98288,269,98541,169,98287,169,98553,169,98284,169,98565,169,98265,169,98642,100,98210,400,98651,100,97865,17,98743,100,97864,100,98788,100,97430,100,98821,100,97378,100
2019-06-28 10:08:00.000000000,98487,218,98409,218,98528,214,98288,314,98541,214,98287,214,98553,100,98284,100,98565,100,98265,100,98642,100,98210,400,98651,100,97865,17,98743,100,97864,100,98788,100,97430,100,98821,100,97378,100
2019-06-28 10:08:10.000000000,98487,169,98409,169,98528,169,98288,269,98541,169,98287,169,98553,169,98284,169,98565,169,98265,169,98642,100,98210,400,98651,100,97865,17,98743,100,97864,100,98788,100,97430,100,98821,100,97378,100
2019-06-28 10:08:13.494755203,98487,169,98409,169,98528,169,98288,269,98541,169,98287,169,98553,169,98284,169,98554,100,98265,169,98565,69,98210,400,98642,100,97865,17,98651,100,97864,100,98743,100,97430,100,98788,100,97378,100
2019-06-28 10:08:13.755070865,98487,169,98427,100,98528,169,98409,169,98541,169,98288,269,98553,169,98287,169,98554,100,98284,169,98565,69,98265,169,98642,100,98210,400,98651,100,97865,17,98743,100,97864,100,98788,100,97430,100
2019-06-28 10:08:20.000000000,98487,446,98427,446,98528,100,98409,100,98541,100,98288,200,98553,100,98287,100,98554,100,98284,100,98642,100,98265,100,98651,100,98210,400,98743,100,97865,17,98788,100,97864,100,98821,100,97430,100
2019-06-28 10:08:21.744316763,98487,446,98427,446,98528,100,98414,100,98541,100,98409,100,98553,100,98288,200,98554,100,98287,100,98642,100,98284,100,98651,100,98265,100,98743,100,98210,400,98788,100,97865,17,98821,100,97864,100
2019-06-28 10:08:30.000000000,98487,218,98427,218,98528,214,98414,214,98541,214,98409,214,98553,100,98288,200,98554,100,98287,100,98642,100,98284,100,98651,100,98265,100,98743,100,98210,400,98788,100,97865,17,98821,100,97864,100
2019-06-28 10:08:38.867529770,98487,218,98427,218,98528,214,98414,214,98541,214,98409,214,98553,100,98288,200,98554,100,98287,100,98619,100,98284,100,98642,100,98265,100,98651,100,98210,400,98743,100,97865,17,98788,100,97864,100
2019-06-28 10:08:40.000000000,98487,218,98427,218,98528,214,98414,214,98541,214,98409,214,98553,100,98288,200,98554,100,98287,100,98619,100,98284,100,98642,100,98265,100,98651,100,98210,400,98743,100,97865,17,98788,100,97864,100
2019-06-28 10:08:42.240787547,98487,218,98470,100,98528,214,98427,218,98541,214,98414,214,98553,100,98409,214,98554,100,98288,200,98619,100,98287,100,98642,100,98284,100,98651,100,98265,100,98743,100,98210,400,98788,100,97865,17
2019-06-28 10:08:50.000000000,98487,186,98470,186,98528,186,98427,186,98541,186,98414,186,98553,186,98409,186,98554,100,98288,200,98619,100,98287,100,98642,100,98284,100,98651,100,98265,100,98743,100,98210,400,98788,100,97865,17
2019-06-28 10:09:00.000000000,98487,169,98470,169,98528,169,98427,169,98541,169,98414,169,98553,169,98409,169,98554,169,98288,269,98619,100,98287,100,98642,100,98284,100,98651,100,98265,100,98743,100,98210,400,98788,100,97865,17
2019-06-28 10:09:07.929555406,98487,169,98470,169,98528,169,98427,169,98541,169,98414,269,98553,169,98409,169,98554,169,98288,269,98619,100,98287,100,98642,100,98284,100,98651,100,98265,100,98743,100,98210,400,98788,100,97865,17
2019-06-28 10:09:10.000000000,98487,186,98470,186,98528,186,98427,186,98541,186,98414,286,98553,186,98409,186,98554,100,98288,200,98619,100,98287,100,98642,100,98284,100,98651,100,98265,100,98743,100,98210,400,98788,100,97865,17
2019-06-28 10:09:20.000000000,98487,218,98470,218,98528,214,98427,214,98541,214,98414,314,98553,100,98409,100,98554,100,98288,200,98619,100,98287,100,98642,100,98284,100,98651,100,98265,100,98743,100,98210,400,98788,100,97865,17
2019-06-28 10:09:25.748388309,98487,218,98470,218,98508,100,98427,214,98528,214,98414,314,98541,214,98409,100,98553,100,98288,200,98554,100,98287,100,98619,100,98284,100,98642,100,98265,100,98743,100,98210,400,98788,100,97865,17
2019-06-28 10:09:30.000000000,98487,218,98470,218,98508,214,98427,214,98528,214,98414,314,98541,100,98409,100,98553,100,98288,200,98554,100,98287,100,98619,100,98284,100,98642,100,98265,100,98743,100,98210,400,98788,100,97865,17
2019-06-28 10:09:34.484498227,98487,218,98470,218,98508,214,98427,214,98528,214,98414,314,98541,100,98409,100,98553,100,98381,100,98554,100,98288,200,98619,100,98287,100,98642,100,98284,100,98743,100,98265,100,98788,100,98210,400
2019-06-28 10:09:40.000000000,98487,169,98470,169,98508,169,98427,169,98528,169,98414,269,98541,169,98409,169,98553,169,98381,169,98554,100,98288,200,98619,100,98287,100,98642,100,98284,100,98743,100,98265,100,98788,100,98210,400
2019-06-28 10:09:40.963460179,98487,169,98470,169,98508,169,98427,169,98528,169,98414,269,98541,169,98409,169,98553,169,98381,169,98554,100,98288,200,98559,100,98287,100,98619,100,98284,100,98642,100,98265,100,98743,100,98210,400
2019-06-28 10:09:50.000000000,98487,273,98470,273,98508,273,98427,273,98528,100,98414,200,98541,100,98409,100,98553,100,98381,100,98554,100,98288,200,98559,100,98287,100,98619,100,98284,100,98642,100,98265,100,98743,100,98210,400
2019-06-28 10:10:00.000000000,98487,186,98470,186,98508,186,98427,186,98528,186,98414,286,98541,186,98409,186,98553,100,98381,100,98554,100,98288,200,98559,100,98287,100,98619,100,98284,100,98642,100,98265,100,98743,100,98210,400
2019-06-28 10:10:10.000000000,98487,273,98470,273,98508,273,98427,273,98528,100,98414,200,98541,100,98409,100,98553,100,98381,100,98554,100,98288,200,98559,100,98287,100,98619,100,98284,100,98642,100,98265,100,98743,100,98210,400
2019-06-28 10:10:14.733478626,98487,173,98470,273,98508,273,98427,273,98528,100,98414,200,98541,100,98409,100,98553,100,98381,100,98554,100,98288,200,98559,100,98287,100,98619,100,98284,100,98642,100,98265,100,98788,100,98210,400
2019-06-28 10:10:20.000000000,98508,218,98470,218,98528,214,98427,214,98541,214,98414,314,98553,100,98409,100,98554,100,98381,100,98559,100,98288,200,98619,100,98287,100,98642,100,98284,100,98788,100,98265,100,98821,100,98210,400
2019-06-28 10:10:26.839299908,98508,218,98470,218,98528,214,98427,214,98541,214,98414,314,98553,100,98409,100,98554,100,98381,100,98559,100,98288,200,98619,100,98287,100,98642,100,98284,100,98663,100,98265,100,98788,100,98210,400
2019-06-28 10:10:30.000000000,98508,186,98470,186,98528,186,98427,186,98541,186,98414,286,98553,186,98409,186,98554,100,98381,100,98559,100,98288,200,98619,100,98287,100,98642,100,98284,100,98663,100,98265,100,98788,100,98210,400
2019-06-28 10:10:34.928061129,98508,86,98470,186,98528,186,98427,186,98541,186,98414,286,98553,186,98409,186,98554,100,98381,100,98559,100,98288,200,98619,100,98287,100,98642,100,98284,100,98663,100,98265,100,98788,100,98210,400
2019-06-28 10:10:40.000000000,98528,218,98470,218,98541,214,98427,214,98553,214,98414,314,98554,100,98409,100,98559,100,98381,100,98619,100,98288,200,98642,100,98287,100,98663,100,98284,100,98788,100,98265,100,98821,100,98210,400
