,ask_price_1,ask_size_1,bid_price_1,bid_size_1,ask_price_2,ask_size_2,bid_price_2,bid_size_2,ask_price_3,ask_size_3,bid_price_3,bid_size_3,ask_price_4,ask_size_4,bid_price_4,bid_size_4,ask_price_5,ask_size_5,bid_price_5,bid_size_5,ask_price_6,ask_size_6,bid_price_6,bid_size_6,ask_price_7,ask_size_7,bid_price_7,bid_size_7,ask_price_8,ask_size_8,bid_price_8,bid_size_8,ask_price_9,ask_size_9,bid_price_9,bid_size_9,ask_price_10,ask_size_10,bid_price_10,bid_size_10
2019-06-28 09:30:00.000000000,100193,100,,,,,,,,,,,,,,,,,,,,,,,,,,,,,,,,,,,,,,
2019-06-28 09:30:00.000000001,100039,100,,,100149,100,,,100193,100,,,,,,,,,,,,,,,,,,,,,,,,,,,,,,
2019-06-28 09:30:00.000000003,100039,100,99954,100,100149,100,,,100193,100,,,,,,,,,,,,,,,,,,,,,,,,,,,,,,
2019-06-28 09:30:00.000000007,100039,100,99954,100,100123,100,,,100149,100,,,100193,100,,,,,,,,,,,,,,,,,,,,,,,,,,
2019-06-28 09:30:00.000000009,100039,100,99954,100,100123,100,99794,100,100149,100,,,100193,100,,,,,,,,,,,,,,,,,,,,,,,,,,
2019-06-28 09:30:00.000000014,100000,100,99954,100,100039,100,99794,100,100123,100,,,100149,100,,,100193,100,,,,,,,,,,,,,,,,,,,,,,
2019-06-28 09:30:00.000000016,100039,100,99954,100,100123,100,99794,100,100149,100,,,100193,100,,,,,,,,,,,,,,,,,,,,,,,,,,
2019-06-28 09:30:00.000000019,100039,100,99954,100,100123,100,99879,100,100149,100,99794,100,100193,100,,,,,,,,,,,,,,,,,,,,,,,,,,
2019-06-28 09:30:00.000000022,100039,100,99954,100,100123,100,99883,100,100149,100,99879,100,100193,100,99794,100,,,,,,,,,,,,,,,,,,,,,,,,
2019-06-28 09:30:00.000000024,100039,100,99954,100,100123,100,99927,100,100149,100,99883,100,100193,100,99879,100,,,99794,100,,,,,,,,,,,,,,,,,,,,
2019-06-28 09:30:00.000000025,100039,100,99954,100,100123,100,99927,100,100149,100,99921,100,100193,100,99883,100,,,99879,100,,,99794,100,,,,,,,,,,,,,,,,
2019-06-28 09:30:00.000000026,100039,100,99954,100,100123,100,99927,100,100149,100,99921,100,100193,100,99883,100,,,99879,100,,,99852,100,,,99794,100,,,,,,,,,,,,
2019-06-28 09:30:00.000000027,99995,100,99970,100,100039,100,99954,100,100109,100,99927,100,100123,100,99921,100,100149,100,99912,100,100193,100,99883,100,,,99879,100,,,99852,100,,,99794,100,,,,
2019-06-28 09:30:00.000000029,99995,100,99970,100,100039,100,99969,100,100109,100,99954,100,100123,100,99927,100,100149,100,99921,100,100193,100,99912,100,,,99883,100,,,99879,100,,,99852,100,,,99794,100
2019-06-28 09:30:00.000000030,99995,100,99970,100,100026,100,99969,100,100039,100,99954,100,100052,100,99927,100,100056,100,99921,100,100109,100,99912,100,100123,100,99883,100,100149,100,99879,100,100193,100,99852,100,,,99794,100
2019-06-28 09:30:00.000000032,99995,100,99970,100,99999,100,99969,100,100026,100,99954,100,100039,100,99927,100,100052,100,99921,100,100056,100,99912,100,100109,100,99883,100,100123,100,99879,100,100149,100,99852,100,100193,100,99794,100
2019-06-28 09:30:00.000000033,99995,100,99970,100,99999,100,99969,100,100026,100,99954,100,100039,100,99927,100,100052,100,99921,100,100056,100,99917,100,100109,100,99912,100,100123,100,99883,100,100149,100,99879,100,100193,100,99852,100
2019-06-28 09:30:00.000000035,99995,100,99970,100,99999,100,99969,100,100025,100,99954,100,100026,100,99927,100,100039,100,99921,100,100052,100,99917,100,100056,100,99912,100,100109,100,99883,100,100123,100,99879,100,100149,100,99852,100
2019-06-28 09:30:00.000000038,99995,100,99969,100,99999,100,99954,100,100025,100,99927,100,100026,100,99921,100,100039,100,99917,100,100052,100,99912,100,100056,100,99883,100,100109,100,99879,100,100123,100,99852,100,100149,100,99794,100
2019-06-28 09:30:00.000000040,99995,100,99985,100,99999,100,99969,100,100025,100,99954,100,100026,100,99927,100,100039,100,99921,100,100052,100,99917,100,100056,100,99912,100,100062,100,99883,100,100109,100,99879,100,100123,100,99852,100
2019-06-28 09:30:00.000000041,99995,100,99985,100,99999,100,99969,100,100025,100,99954,100,100026,100,99927,100,100039,100,99921,100,100052,100,99917,100,100056,100,99912,100,100062,100,99910,100,100109,100,99883,100,100123,100,99879,100
2019-06-28 09:30:00.000000043,99995,100,99985,100,99999,100,99969,100,100025,100,99954,100,100026,100,99927,100,100039,100,99921,100,100052,100,99917,100,100056,100,99912,100,100062,100,99910,100,100109,100,99883,100,100123,100,99879,100
2019-06-28 09:30:00.000000044,99995,100,99985,100,99999,100,99970,100,100025,100,99969,100,100026,100,99954,100,100030,100,99927,100,100039,100,99921,100,100052,100,99917,100,100056,100,99912,100,100062,100,99910,100,100109,100,99883,100
2019-06-28 09:30:00.000000048,99995,100,99985,100,99999,100,99970,200,100025,100,99969,100,100026,100,99954,100,100030,100,99927,100,100039,100,99921,100,100052,100,99917,100,100056,100,99912,100,100062,100,99910,100,100109,100,99883,100
2019-06-28 09:30:00.000000049,99995,100,99970,200,99999,100,99969,100,100025,100,99954,100,100026,100,99927,100,100030,100,99921,100,100039,100,99917,100,100052,100,99912,100,100056,100,99910,100,100062,100,99883,100,100109,100,99879,100
2019-06-28 09:30:00.000000051,99995,100,99971,100,99999,100,99970,200,100025,100,99969,100,100026,100,99954,100,100030,100,99927,100,100039,100,99921,100,100052,100,99917,100,100056,100,99912,100,100062,100,99910,100,100109,100,99883,100
2019-06-28 09:30:00.000000052,99995,100,99971,100,99999,100,99970,200,100025,100,99969,100,100026,100,99954,100,100030,100,99927,100,100039,100,99921,100,100052,100,99917,100,100056,100,99912,100,100062,100,99910,100,100109,100,99883,100
2019-06-28 09:30:00.000000053,99975,100,99971,200,99995,100,99970,200,99999,100,99969,100,100025,100,99954,100,100026,100,99927,100,100030,100,99921,100,100039,100,99917,100,100052,100,99912,100,100056,100,99910,100,100062,100,99883,100
2019-06-28 09:30:00.000000054,99975,100,99971,200,99995,100,99970,200,99999,100,99969,100,100025,100,99954,100,100026,100,99927,100,100030,100,99921,100,100039,100,99917,100,100052,100,99912,100,100056,100,99910,100,100062,100,99883,100
2019-06-28 09:30:00.000000056,99973,100,99971,200,99975,100,99970,200,99995,100,99969,100,99999,100,99954,100,100025,100,99927,100,100026,100,99921,100,100030,100,99917,100,100039,100,99912,100,100052,100,99910,100,100056,100,99883,100
2019-06-28 09:30:00.000000057,99973,100,99971,200,99975,100,99970,200,99995,100,99969,100,99999,100,99954,100,100025,100,99927,100,100026,100,99921,100,100030,100,99917,100,100039,100,99916,100,100052,100,99912,100,100056,100,99910,100
2019-06-28 09:30:00.000000058,99973,100,99971,100,99975,100,99970,200,99995,100,99969,100,99999,100,99954,100,100025,100,99927,100,100026,100,99921,100,100030,100,99917,100,100039,100,99916,100,100052,100,99912,100,100056,100,99910,100
2019-06-28 09:30:00.000000060,99975,100,99971,100,99995,100,99970,200,99999,100,99969,100,100025,100,99954,100,100026,100,99927,100,100030,100,99921,100,100039,100,99917,100,100052,100,99916,100,100056,100,99912,100,100062,100,99910,100
2019-06-28 09:30:00.000000061,99975,100,99972,100,99995,100,99971,100,99999,100,99970,200,100025,100,99969,100,100026,100,99954,100,100030,100,99927,100,100039,100,99921,100,100052,100,99917,100,100056,100,99916,100,100062,100,99912,100
2019-06-28 09:30:00.000000062,99973,100,99972,100,99975,100,99971,100,99995,100,99970,200,99999,100,99969,100,100025,100,99954,100,100026,100,99927,100,100030,100,99921,100,100039,100,99917,100,100052,100,99916,100,100056,100,99912,100
2019-06-28 09:30:00.000000063,99973,100,99972,200,99975,100,99971,100,99995,100,99970,200,99999,100,99969,100,100025,100,99954,100,100026,100,99927,100,100030,100,99921,100,100039,100,99917,100,100052,100,99916,100,100056,100,99912,100
2019-06-28 09:30:00.000000066,99973,100,99972,200,99975,100,99971,100,99995,100,99970,200,99999,100,99969,100,100025,100,99954,100,100026,100,99927,100,100030,100,99921,100,100039,100,99917,100,100052,100,99916,100,100056,100,99912,100
2019-06-28 09:30:00.000000067,99973,200,99972,200,99975,100,99971,100,99995,100,99970,200,99999,100,99969,100,100025,100,99954,100,100026,100,99929,100,100030,100,99927,100,100039,100,99921,100,100052,100,99917,100,100056,100,99916,100
2019-06-28 09:30:00.000000072,99973,200,99972,200,99975,100,99971,100,99976,100,99970,200,99995,100,99969,100,99999,100,99954,100,100025,100,99929,100,100026,100,99927,100,100030,100,99921,100,100039,100,99917,100,100052,100,99916,100
2019-06-28 09:30:00.000000073,99973,200,99972,200,99975,100,99971,100,99976,100,99970,200,99995,100,99969,100,99999,100,99954,100,100025,100,99929,100,100026,100,99927,100,100030,100,99921,100,100039,100,99917,100,100052,100,99916,100
2019-06-28 09:30:00.000000075,99973,200,99972,100,99975,100,99971,100,99976,100,99970,200,99995,100,99969,100,99999,100,99954,100,100025,100,99929,100,100026,100,99927,100,100030,100,99921,100,100039,100,99917,100,100052,100,99916,100
2019-06-28 09:30:00.000000076,99973,100,99972,100,99975,100,99971,100,99976,100,99970,200,99995,100,99969,100,99999,100,99954,100,100025,100,99929,100,100026,100,99927,100,100030,100,99921,100,100039,100,99917,100,100052,100,99916,100
2019-06-28 09:30:00.000000078,99973,100,99972,100,99975,100,99971,100,99976,100,99970,200,99995,100,99969,100,99999,100,99954,100,100025,100,99929,100,100026,100,99927,100,100030,100,99921,100,100039,100,99917,100,100052,100,99916,100
2019-06-28 09:30:00.000000079,99973,100,99972,100,99975,100,99971,100,99976,100,99970,200,99995,100,99969,100,99999,100,99954,100,100025,100,99929,100,100026,100,99927,100,100030,100,99921,100,100039,100,99917,100,100044,100,99916,100
2019-06-28 09:30:00.000000080,99973,100,99972,100,99975,100,99971,100,99976,100,99970,200,99995,100,99969,100,99999,100,99954,100,100025,100,99932,100,100026,100,99929,100,100030,100,99927,100,100039,100,99921,100,100044,100,99917,100
2019-06-28 09:30:00.000000081,99975,100,99972,100,99976,100,99971,100,99995,100,99970,200,99999,100,99969,100,100025,100,99954,100,100026,100,99932,100,100030,100,99929,100,100039,100,99927,100,100044,100,99921,100,100052,100,99917,100
2019-06-28 09:30:00.000000085,99975,100,99972,100,99976,100,99971,100,99995,100,99970,200,99999,100,99969,100,100025,100,99954,100,100026,100,99932,100,100030,100,99929,100,100039,100,99927,100,100044,100,99921,100,100052,100,99917,100
2019-06-28 09:30:00.000000087,99975,100,99971,100,99976,100,99970,200,99995,100,99969,100,99999,100,99954,100,100025,100,99932,100,100026,100,99929,100,100030,100,99927,100,100039,100,99921,100,100044,100,99917,100,100052,100,99916,100
2019-06-28 09:30:00.000000090,99975,100,99971,100,99976,100,99970,200,99995,100,99969,100,99999,100,99954,100,100025,100,99932,100,100026,100,99929,100,100030,100,99927,100,100039,100,99921,100,100042,100,99917,100,100044,100,99916,100
2019-06-28 09:30:00.000000092,99976,100,99971,100,99995,100,99970,200,99999,100,99969,100,100025,100,99954,100,100026,100,99932,100,100030,100,99929,100,100039,100,99927,100,100042,100,99921,100,100044,100,99917,100,100052,100,99916,100
2019-06-28 09:30:00.000000096,99976,100,99971,100,99995,100,99970,200,99999,100,99969,100,100025,100,99954,100,100026,100,99932,100,100030,100,99929,100,100039,100,99927,100,100042,100,99921,100,100044,100,99917,100,100052,100,99916,100
2019-06-28 09:30:00.000000098,99976,100,99972,100,99995,100,99971,100,99999,100,99970,200,100025,100,99969,100,100026,100,99954,100,100030,100,99932,100,100039,100,99929,100,100042,100,99927,100,100044,100,99921,100,100052,100,99917,100
2019-06-28 09:30:10.000000000,99976,172,99972,172,99995,172,99971,172,99999,172,99970,272,100025,172,99969,172,100026,172,99954,172,100030,100,99932,100,100039,100,99929,100,100042,100,99927,100,100044,100,99921,100,100052,100,99917,100
2019-06-28 09:30:17.078867754,99976,172,99972,172,99995,172,99971,272,99999,172,99970,272,100025,172,99969,172,100026,172,99954,172,100030,100,99932,100,100039,100,99929,100,100042,100,99927,100,100044,100,99921,100,100052,100,99917,100
2019-06-28 09:30:18.053235707,99976,172,99972,172,99995,172,99971,272,99999,172,99970,272,100025,172,99969,172,100026,172,99954,172,100030,100,99932,100,100039,100,99929,100,100042,100,99927,100,100044,100,99921,100,100052,100,99917,100
2019-06-28 09:30:20.000000000,99976,281,99972,281,99995,281,99971,381,99999,100,99970,200,100025,100,99969,100,100026,100,99954,100,100030,100,99932,100,100039,100,99929,100,100042,100,99927,100,100044,100,99921,100,100052,100,99917,100
2019-06-28 09:30:24.527964849,99976,281,99972,281,99995,281,99971,381,99999,100,99970,200,100025,100,99969,100,100026,100,99954,100,100030,100,99932,100,100039,100,99929,100,100042,100,99927,100,100044,100,99921,100,100052,100,99917,100
2019-06-28 09:30:27.287071124,99976,281,99972,281,99995,281,99971,381,99999,100,99970,200,100025,100,99969,100,100026,100,99954,100,100030,100,99932,100,100039,100,99929,100,100042,100,99927,100,100044,100,99921,100,100052,100,99917,100
2019-06-28 09:30:30.000000000,99976,172,99972,172,99995,172,99971,272,99999,172,99970,272,100025,172,99969,172,100026,172,99954,172,100030,100,99932,100,100039,100,99929,100,100042,100,99927,100,100044,100,99921,100,100052,100,99917,100
2019-06-28 09:30:40.000000000,99976,462,99972,462,99995,100,99971,200,99999,100,99970,200,100025,100,99969,100,100026,100,99954,100,100030,100,99932,100,100039,100,99929,100,100042,100,99927,100,100044,100,99921,100,100052,100,99917,100
2019-06-28 09:30:44.178026424,99976,462,99972,462,99995,100,99971,200,99999,100,99970,200,100025,100,99969,100,100026,100,99954,100,100030,100,99932,100,100039,100,99929,100,100042,100,99927,100,100044,100,99921,100,100052,100,99917,100
2019-06-28 09:30:50.000000000,99976,462,99972,462,99995,100,99971,200,99999,100,99970,200,100025,100,99969,100,100026,100,99954,100,100030,100,99932,100,100039,100,99929,100,100042,100,99927,100,100044,100,99921,100,100052,100,99917,100
2019-06-28 09:31:00.000000000,99976,223,99972,223,99995,219,99971,319,99999,219,99970,319,100025,100,99969,100,100026,100,99954,100,100030,100,99932,100,100039,100,99929,100,100042,100,99927,100,100044,100,99921,100,100052,100,99917,100
2019-06-28 09:31:09.694945126,99976,223,99972,223,99995,219,99971,319,99999,219,99970,319,100025,100,99954,100,100026,100,99932,100,100030,100,99929,100,100039,100,99927,100,100042,100,99921,100,100044,100,99917,100,100052,100,99916,100
2019-06-28 09:31:10.000000000,99976,462,99972,462,99995,100,99971,200,99999,100,99970,200,100025,100,99954,100,100026,100,99932,100,100030,100,99929,100,100039,100,99927,100,100042,100,99921,100,100044,100,99917,100,100052,100,99916,100
2019-06-28 09:31:15.532459213,99976,362,99972,462,99995,100,99971,200,99999,100,99970,200,100025,100,99954,100,100026,100,99932,100,100030,100,99929,100,100039,100,99927,100,100042,100,99921,100,100044,100,99917,100,100052,100,99916,100
2019-06-28 09:31:20.000000000,99995,281,99972,281,99999,281,99971,381,100025,100,99970,200,100026,100,99954,100,100030,100,99932,100,100039,100,99929,100,100042,100,99927,100,100044,100,99921,100,100052,100,99917,100,100056,100,99916,100
2019-06-28 09:31:24.023474115,99995,281,99975,100,99999,281,99972,281,100025,100,99971,381,100026,100,99970,200,100030,100,99954,100,100039,100,99932,100,100042,100,99929,100,100044,100,99927,100,100052,100,99921,100,100056,100,99917,100
2019-06-28 09:31:30.000000000,99995,172,99975,172,99999,172,99972,172,100025,172,99971,272,100026,172,99970,272,100030,172,99954,172,100039,100,99932,100,100042,100,99929,100,100044,100,99927,100,100052,100,99921,100,100056,100,99917,100
2019-06-28 09:31:40.000000000,99995,190,99975,190,99999,190,99972,190,100025,190,99971,290,100026,190,99970,290,100030,100,99954,100,100039,100,99932,100,100042,100,99929,100,100044,100,99927,100,100052,100,99921,100,100056,100,99917,100
2019-06-28 09:31:42.819189842,99995,190,99975,190,99999,190,99972,190,100025,190,99971,290,100026,190,99970,290,100030,100,99954,100,100039,100,99932,100,100042,100,99929,100,100044,100,99927,100,100052,100,99921,100,100056,100,99917,100
2019-06-28 09:31:50.000000000,99995,172,99975,172,99999,172,99972,172,100025,172,99971,272,100026,172,99970,272,100030,172,99954,172,100039,100,99932,100,100042,100,99929,100,100044,100,99927,100,100052,100,99921,100,100056,100,99917,100
2019-06-28 09:31:50.174066605,99995,172,99975,172,99999,172,99972,172,100025,172,99971,272,100026,172,99970,272,100030,172,99954,172,100039,100,99932,100,100042,100,99929,100,100044,100,99927,100,100052,100,99921,100,100062,100,99917,100
2019-06-28 09:32:00.000000000,99995,281,99975,281,99999,281,99972,281,100025,100,99971,200,100026,100,99970,200,100030,100,99954,100,100039,100,99932,100,100042,100,99929,100,100044,100,99927,100,100052,100,99921,100,100062,100,99917,100
2019-06-28 09:32:01.746097066,99995,281,99975,281,99999,281,99972,281,100025,100,99971,200,100026,100,99970,200,100030,100,99954,100,100039,100,99932,100,100042,100,99929,100,100044,100,99927,100,100052,100,99921,100,100062,100,99917,100
2019-06-28 09:32:08.151201065,99995,181,99975,281,99999,281,99972,281,100025,100,99971,200,100026,100,99970,200,100030,100,99954,100,100039,100,99932,100,100042,100,99929,100,100044,100,99927,100,100052,100,99921,100,100062,100,99917,100
2019-06-28 09:32:10.000000000,99999,172,99975,172,100025,172,99972,172,100026,172,99971,272,100030,172,99970,272,100039,172,99954,172,100042,100,99932,100,100044,100,99929,100,100052,100,99927,100,100062,100,99921,100,100082,100,99917,100
2019-06-28 09:32:20.000000000,99999,223,99975,223,100025,219,99972,219,100026,219,99971,319,100030,100,99970,200,100039,100,99954,100,100042,100,99932,100,100044,100,99929,100,100052,100,99927,100,100062,100,99921,100,100082,100,99917,100
2019-06-28 09:32:27.761354984,99999,223,99975,223,100025,219,99972,219,100026,119,99971,319,100030,100,99970,200,100039,100,99954,100,100042,100,99932,100,100044,100,99929,100,100052,100,99927,100,100062,100,99921,100,100082,100,99917,100
2019-06-28 09:32:28.779971097,99999,123,99975,223,100025,219,99972,219,100026,119,99971,319,100030,100,99970,200,100039,100,99954,100,100042,100,99932,100,100044,100,99929,100,100052,100,99927,100,100062,100,99921,100,100082,100,99917,100
2019-06-28 09:32:30.000000000,100025,190,99975,190,100030,190,99972,190,100039,190,99971,290,100042,190,99970,290,100044,100,99954,100,100052,100,99932,100,100062,100,99929,100,100082,100,99927,100,100101,100,99921,100,100109,200,99917,100
2019-06-28 09:32:30.723112318,100025,90,99975,190,100030,190,99972,190,100039,190,99971,290,100042,190,99970,290,100044,100,99954,100,100052,100,99932,100,100062,100,99929,100,100082,100,99927,100,100101,100,99921,100,100109,200,99917,100
2019-06-28 09:32:40.000000000,100030,223,99975,223,100039,219,99972,219,100042,219,99971,319,100044,100,99970,200,100052,100,99954,100,100062,100,99932,100,100082,100,99929,100,100101,100,99927,100,100109,200,99921,100,100143,100,99917,100
2019-06-28 09:32:50.000000000,100030,172,99975,172,100039,172,99972,172,100042,172,99971,272,100044,172,99970,272,100052,172,99954,172,100062,100,99932,100,100082,100,99929,100,100101,100,99927,100,100109,200,99921,100,100143,100,99917,100
2019-06-28 09:33:00.000000000,100030,190,99975,190,100039,190,99972,190,100042,190,99971,290,100044,190,99970,290,100052,100,99954,100,100062,100,99932,100,100082,100,99929,100,100101,100,99927,100,100109,200,99921,100,100143,100,99917,100
2019-06-28 09:33:02.736296071,100030,90,99975,190,100039,190,99972,190,100042,190,99971,290,100044,190,99970,290,100052,100,99954,100,100062,100,99932,100,100082,100,99929,100,100101,100,99927,100,100109,200,99921,100,100143,100,99917,100
2019-06-28 09:33:07.141356440,100030,90,99975,190,100039,190,99972,190,100042,190,99971,290,100044,190,99970,290,100052,100,99954,100,100062,100,99932,100,100082,100,99929,100,100101,100,99927,100,100109,200,99921,100,100143,100,99917,100
2019-06-28 09:33:10.000000000,100039,172,99975,172,100042,172,99972,172,100044,172,99971,272,100052,172,99970,272,100062,172,99954,172,100082,100,99932,100,100101,100,99929,100,100109,200,99927,100,100143,100,99921,100,100158,100,99917,100
2019-06-28 09:33:16.135484812,100039,172,99975,172,100042,172,99972,172,100044,172,99971,272,100052,172,99970,272,100062,172,99954,172,100082,100,99932,100,100101,100,99929,100,100109,200,99927,100,100143,100,99921,100,100158,100,99917,100
2019-06-28 09:33:20.000000000,100039,462,99975,462,100042,100,99972,100,100044,100,99971,200,100052,100,99970,200,100062,100,99954,100,100082,100,99932,100,100101,100,99929,100,100109,200,99927,100,100143,100,99921,100,100158,100,99917,100
2019-06-28 09:33:28.767266873,100039,462,100025,100,100042,100,99975,462,100044,100,99972,100,100052,100,99971,200,100062,100,99970,200,100082,100,99954,100,100101,100,99932,100,100109,200,99929,100,100143,100,99927,100,100158,100,99921,100
2019-06-28 09:33:30.000000000,100039,281,100025,281,100042,281,99975,281,100044,100,99972,100,100052,100,99971,200,100062,100,99970,200,100082,100,99954,100,100101,100,99932,100,100109,200,99929,100,100143,100,99927,100,100158,100,99921,100
2019-06-28 09:33:35.288712406,100039,281,100025,281,100042,281,99975,281,100044,100,99972,100,100052,100,99971,200,100062,100,99970,200,100082,100,99954,100,100101,100,99932,100,100109,200,99929,100,100143,100,99927,100,100158,100,99921,100
2019-06-28 09:33:35.521990523,100039,281,100025,281,100042,281,99975,281,100044,100,99972,100,100052,100,99971,200,100062,100,99970,200,100082,100,99954,100,100101,100,99932,100,100109,200,99929,100,100143,100,99927,100,100158,100,99921,100
2019-06-28 09:33:40.000000000,100039,190,100025,190,100042,190,99975,190,100044,190,99972,190,100052,190,99971,290,100062,100,99970,200,100082,100,99954,100,100101,100,99932,100,100109,200,99929,100,100143,100,99927,100,100158,100,99921,100
2019-06-28 09:33:42.120040916,100039,190,100025,290,100042,190,99975,190,100044,190,99972,190,100052,190,99971,290,100062,100,99970,200,100082,100,99954,100,100101,100,99932,100,100109,200,99929,100,100143,100,99927,100,100158,100,99921,100
2019-06-28 09:33:50.000000000,100039,223,100025,323,100042,219,99975,219,100044,219,99972,219,100052,100,99971,200,100062,100,99970,200,100082,100,99954,100,100101,100,99932,100,100109,200,99929,100,100143,100,99927,100,100158,100,99921,100
2019-06-28 09:34:00.000000000,100039,223,100025,323,100042,219,99975,219,100044,219,99972,219,100052,100,99971,200,100062,100,99970,200,100082,100,99954,100,100101,100,99932,100,100109,200,99929,100,100143,100,99927,100,100158,100,99921,100
2019-06-28 09:34:10.000000000,100039,281,100025,381,100042,281,99975,281,100044,100,99972,100,100052,100,99971,200,100062,100,99970,200,100082,100,99954,100,100101,100,99932,100,100109,200,99929,100,100143,100,99927,100,100158,100,99921,100
2019-06-28 09:34:14.945675455,100039,181,100025,381,100042,281,99975,281,100044,100,99972,100,100052,100,99971,200,100062,100,99970,200,100082,100,99954,100,100109,200,99932,100,100143,100,99929,100,100158,100,99927,100,100173,100,99921,100
2019-06-28 09:34:17.991447995,100039,181,100025,381,100042,281,99975,281,100044,100,99972,100,100052,100,99971,200,100062,100,99970,200,100082,100,99954,100,100109,200,99932,100,100143,100,99929,100,100158,100,99927,100,100173,100,99921,100
2019-06-28 09:34:20.000000000,100042,190,100025,290,100044,190,99975,190,100052,190,99972,190,100062,190,99971,290,100082,100,99970,200,100109,200,99954,100,100143,100,99932,100,100158,100,99929,100,100173,100,99927,100,100193,100,99921,100
2019-06-28 09:34:29.094515279,100042,190,100025,290,100044,190,99975,190,100052,190,99972,190,100062,190,99971,290,100082,100,99970,100,100109,200,99954,100,100143,100,99932,100,100158,100,99929,100,100173,100,99927,100,100193,100,99921,100
2019-06-28 09:34:30.000000000,100042,462,100025,562,100044,100,99975,100,100052,100,99972,100,100062,100,99971,200,100082,100,99970,100,100109,200,99954,100,100143,100,99932,100,100158,100,99929,100,100173,100,99927,100,100193,100,99921,100
2019-06-28 09:34:32.727241518,100042,462,100025,562,100044,100,99975,100,100052,100,99972,100,100062,100,99971,200,100082,100,99970,100,100109,200,99954,100,100143,100,99932,100,100158,100,99929,100,100173,100,99927,100,100193,100,99921,100
2019-06-28 09:34:40.000000000,100042,190,100025,290,100044,190,99975,190,100052,190,99972,190,100062,190,99971,290,100082,100,99970,100,100109,200,99954,100,100143,100,99932,100,100158,100,99929,100,100173,100,99927,100,100193,100,99921,100
2019-06-28 09:34:40.691349013,100042,190,100030,100,100044,190,100025,290,100052,190,99975,190,100062,190,99972,190,100082,100,99971,290,100109,200,99970,100,100143,100,99954,100,100158,100,99932,100,100173,100,99929,100,100193,100,99927,100
2019-06-28 09:34:50.000000000,100042,190,100030,190,100044,190,100025,290,100052,190,99975,190,100062,190,99972,190,100082,100,99971,200,100109,200,99970,100,100143,100,99954,100,100158,100,99932,100,100173,100,99929,100,100193,100,99927,100
2019-06-28 09:35:00.000000000,100042,281,100030,281,100044,281,100025,381,100052,100,99975,100,100062,100,99972,100,100082,100,99971,200,100109,200,99970,100,100143,100,99954,100,100158,100,99932,100,100173,100,99929,100,100193,100,99927,100
2019-06-28 09:35:10.000000000,100042,223,100030,223,100044,219,100025,319,100052,219,99975,219,100062,100,99972,100,100082,100,99971,200,100109,200,99970,100,100143,100,99954,100,100158,100,99932,100,100173,100,99929,100,100193,100,99927,100
2019-06-28 09:35:17.410834037,100042,123,100030,223,100044,219,100025,319,100052,219,99975,219,100062,100,99972,100,100082,100,99971,200,100109,200,99970,100,100143,100,99954,100,100158,100,99932,100,100173,100,99929,100,100193,100,99927,100
2019-06-28 09:35:20.000000000,100044,190,100030,190,100052,190,100025,290,100062,190,99975,190,100082,190,99972,190,100109,200,99971,200,100143,100,99970,100,100158,100,99954,100,100173,100,99932,100,100193,100,99929,100,100331,100,99927,100
2019-06-28 09:35:21.246471646,100044,190,100030,190,100052,190,100025,290,100062,190,99975,190,100082,190,99972,190,100109,200,99971,200,100143,100,99970,100,100158,100,99954,100,100173,100,99932,100,100193,100,99929,100,100331,100,99927,100
2019-06-28 09:35:30.000000000,100044,462,100030,462,100052,100,100025,200,100062,100,99975,100,100082,100,99972,100,100109,200,99971,200,100143,100,99970,100,100158,100,99954,100,100173,100,99932,100,100193,100,99929,100,100331,100,99927,100
2019-06-28 09:35:40.000000000,100044,190,100030,190,100052,190,100025,290,100062,190,99975,190,100082,190,99972,190,100109,200,99971,200,100143,100,99970,100,100158,100,99954,100,100173,100,99932,100,100193,100,99929,100,100331,100,99927,100
2019-06-28 09:35:45.827981369,100044,90,100030,190,100052,190,100025,290,100062,190,99975,190,100082,190,99972,190,100109,200,99971,200,100143,100,99970,100,100158,100,99954,100,100173,100,99932,100,100193,100,99929,100,100331,100,99927,100
2019-06-28 09:35:50.000000000,100052,462,100030,462,100062,100,100025,200,100082,100,99975,100,100109,200,99972,100,100143,100,99971,200,100158,100,99970,100,100173,100,99954,100,100193,100,99932,100,100331,100,99929,100,100336,100,99927,100
2019-06-28 09:35:53.569075851,100052,262,100030,462,100062,100,100025,200,100082,100,99975,100,100109,200,99972,100,100143,100,99971,200,100158,100,99970,100,100173,100,99954,100,100193,100,99932,100,100331,100,99929,100,100336,100,99927,100
2019-06-28 09:35:57.077384402,100052,262,100044,100,100062,100,100030,462,100082,100,100025,200,100109,200,99975,100,100143,100,99971,200,100158,100,99970,100,100173,100,99954,100,100193,100,99932,100,100331,100,99929,100,100336,100,99927,100
2019-06-28 09:36:00.000000000,100062,190,100044,190,100082,190,100030,190,100109,290,100025,290,100143,190,99975,190,100158,100,99971,200,100173,100,99970,100,100193,100,99954,100,100331,100,99932,100,100336,100,99929,100,100356,100,99927,100
2019-06-28 09:36:10.000000000,100062,190,100044,190,100082,190,100030,190,100109,290,100025,290,100143,190,99975,190,100158,100,99971,200,100173,100,99970,100,100193,100,99954,100,100331,100,99932,100,100336,100,99929,100,100356,100,99927,100
2019-06-28 09:36:10.727904462,100062,90,100044,190,100082,190,100030,190,100109,290,100025,290,100143,190,99975,190,100158,100,99971,200,100173,100,99970,100,100193,100,99954,100,100331,100,99932,100,100336,100,99929,100,100356,100,99927,100
2019-06-28 09:36:20.000000000,100082,281,100044,281,100109,381,100030,281,100143,100,100025,200,100158,100,99975,100,100173,100,99971,200,100193,100,99970,100,100331,100,99954,100,100336,100,99932,100,100356,100,99929,100,100431,100,99927,100
2019-06-28 09:36:30.000000000,100082,172,100044,172,100109,272,100030,172,100143,172,100025,272,100158,172,99975,172,100173,172,99971,272,100193,100,99970,100,100331,100,99954,100,100336,100,99932,100,100356,100,99929,100,100431,100,99927,100
2019-06-28 09:36:40.000000000,100082,190,100044,190,100109,290,100030,190,100143,190,100025,290,100158,190,99975,190,100173,100,99971,200,100193,100,99970,100,100331,100,99954,100,100336,100,99932,100,100356,100,99929,100,100431,100,99927,100
2019-06-28 09:36:50.000000000,100082,172,100044,172,100109,272,100030,172,100143,172,100025,272,100158,172,99975,172,100173,172,99971,272,100193,100,99970,100,100331,100,99954,100,100336,100,99932,100,100356,100,99929,100,100431,100,99927,100
2019-06-28 09:36:57.026206437,100082,72,100044,172,100109,272,100030,172,100143,172,100025,272,100158,172,99975,172,100173,172,99971,272,100193,100,99970,100,100331,100,99954,100,100336,100,99932,100,100356,100,99929,100,100431,100,99927,100
2019-06-28 09:37:00.000000000,100109,290,100044,190,100143,190,100030,190,100158,190,100025,290,100173,190,99975,190,100193,100,99971,200,100331,100,99970,100,100336,100,99954,100,100356,100,99932,100,100431,100,99929,100,100545,100,99927,100
2019-06-28 09:37:10.000000000,100109,323,100044,223,100143,219,100030,219,100158,219,100025,319,100173,100,99975,100,100193,100,99971,200,100331,100,99970,100,100336,100,99954,100,100356,100,99932,100,100431,100,99929,100,100545,100,99927,100
2019-06-28 09:37:14.620099975,100109,223,100044,223,100143,219,100030,219,100158,219,100025,319,100173,100,99975,100,100193,100,99971,200,100331,100,99970,100,100336,100,99954,100,100356,100,99932,100,100431,100,99929,100,100545,100,99927,100
2019-06-28 09:37:20.000000000,100109,223,100044,223,100143,219,100030,219,100158,219,100025,319,100173,100,99975,100,100193,100,99971,200,100331,100,99970,100,100336,100,99954,100,100356,100,99932,100,100431,100,99929,100,100545,100,99927,100
2019-06-28 09:37:30.000000000,100109,462,100044,462,100143,100,100030,100,100158,100,100025,200,100173,100,99975,100,100193,100,99971,200,100331,100,99970,100,100336,100,99954,100,100356,100,99932,100,100431,100,99929,100,100545,100,99927,100
2019-06-28 09:37:40.000000000,100109,190,100044,190,100143,190,100030,190,100158,190,100025,290,100173,190,99975,190,100193,100,99971,200,100331,100,99970,100,100336,100,99954,100,100356,100,99932,100,100431,100,99929,100,100545,100,99927,100
2019-06-28 09:37:50.000000000,100109,223,100044,223,100143,219,100030,219,100158,219,100025,319,100173,100,99975,100,100193,100,99971,200,100331,100,99970,100,100336,100,99954,100,100356,100,99932,100,100431,100,99929,100,100545,100,99927,100
2019-06-28 09:38:00.000000000,100109,281,100044,281,100143,281,100030,281,100158,100,100025,200,100173,100,99975,100,100193,100,99971,200,100331,100,99970,100,100336,100,99954,100,100356,100,99932,100,100431,100,99929,100,100545,100,99927,100
2019-06-28 09:38:10.000000000,100109,190,100044,190,100143,190,100030,190,100158,190,100025,290,100173,190,99975,190,100193,100,99971,200,100331,100,99970,100,100336,100,99954,100,100356,100,99932,100,100431,100,99929,100,100545,100,99927,100
2019-06-28 09:38:14.977267415,100109,190,100062,100,100143,190,100044,190,100158,190,100030,190,100173,190,100025,290,100193,100,99975,190,100331,100,99971,200,100336,100,99970,100,100356,100,99954,100,100431,100,99932,100,100545,100,99929,100
2019-06-28 09:38:20.000000000,100109,462,100062,462,100143,100,100044,100,100158,100,100030,100,100173,100,100025,200,100193,100,99975,100,100331,100,99971,200,100336,100,99970,100,100356,100,99954,100,100431,100,99932,100,100545,100,99929,100
2019-06-28 09:38:22.120910526,100109,362,100062,462,100143,100,100044,100,100158,100,100030,100,100173,100,100025,200,100331,100,99975,100,100336,100,99971,200,100356,100,99970,100,100431,100,99954,100,100545,100,99932,100,100559,100,99929,100
2019-06-28 09:38:30.000000000,100143,172,100062,172,100158,172,100044,172,100173,172,100030,172,100331,172,100025,272,100336,172,99975,172,100356,100,99971,200,100431,100,99970,100,100545,100,99954,100,100559,100,99932,100,100594,100,99929,100
2019-06-28 09:38:40.000000000,100143,223,100062,223,100158,219,100044,219,100173,219,100030,219,100331,100,100025,200,100336,100,99975,100,100356,100,99971,200,100431,100,99970,100,100545,100,99954,100,100559,100,99932,100,100594,100,99929,100
2019-06-28 09:38:50.000000000,100143,190,100062,190,100158,190,100044,190,100173,190,100030,190,100331,190,100025,290,100336,100,99975,100,100356,100,99971,200,100431,100,99970,100,100545,100,99954,100,100559,100,99932,100,100594,100,99929,100
2019-06-28 09:38:53.371373438,100143,190,100062,190,100158,190,100044,190,100173,190,100030,190,100331,190,100025,290,100336,100,99975,100,100356,100,99971,200,100406,100,99970,100,100431,100,99954,100,100545,100,99932,100,100559,100,99929,100
2019-06-28 09:39:00.000000000,100143,281,100062,281,100158,281,100044,281,100173,100,100030,100,100331,100,100025,200,100336,100,99975,100,100356,100,99971,200,100406,100,99970,100,100431,100,99954,100,100545,100,99932,100,100559,100,99929,100
2019-06-28 09:39:10.000000000,100143,462,100062,462,100158,100,100044,100,100173,100,100030,100,100331,100,100025,200,100336,100,99975,100,100356,100,99971,200,100406,100,99970,100,100431,100,99954,100,100545,100,99932,100,100559,100,99929,100
2019-06-28 09:39:14.801564987,100143,362,100062,462,100158,100,100044,100,100173,100,100030,100,100331,100,100025,200,100336,100,99975,100,100356,100,99971,200,100406,100,99970,100,100431,100,99954,100,100545,100,99932,100,100559,100,99929,100
2019-06-28 09:39:20.000000000,100158,172,100062,172,100173,172,100044,172,100331,172,100030,172,100336,172,100025,272,100356,172,99975,172,100406,100,99971,200,100431,100,99970,100,100545,100,99954,100,100559,100,99932,100,100594,100,99929,100
2019-06-28 09:39:28.018174740,100158,172,100109,100,100173,172,100062,172,100331,172,100044,72,100336,172,100030,172,100356,172,100025,272,100406,100,99975,172,100431,100,99971,200,100545,100,99970,100,100559,100,99954,100,100594,100,99932,100
2019-06-28 09:39:30.000000000,100158,462,100109,462,100173,100,100062,100,100331,100,100030,100,100336,100,100025,200,100356,100,99975,100,100406,100,99971,200,100431,100,99970,100,100545,100,99954,100,100559,100,99932,100,100594,100,99929,100
2019-06-28 09:39:40.000000000,100158,223,100109,223,100173,219,100062,219,100331,219,100030,219,100336,100,100025,200,100356,100,99975,100,100406,100,99971,200,100431,100,99970,100,100545,100,99954,100,100559,100,99932,100,100594,100,99929,100
2019-06-28 09:39:45.031761114,100158,223,100109,323,100173,219,100062,219,100331,219,100030,219,100336,100,100025,200,100356,100,99975,100,100406,100,99971,200,100431,100,99970,100,100545,100,99954,100,100559,100,99932,100,100594,100,99929,100
2019-06-28 09:39:49.298328280,100158,123,100109,323,100173,219,100062,219,100331,219,100030,219,100336,100,100025,200,100356,100,99975,100,100406,100,99971,200,100431,100,99970,100,100545,100,99954,100,100559,100,99932,100,100594,100,99929,100
2019-06-28 09:39:50.000000000,100173,462,100109,562,100331,100,100062,100,100336,100,100030,100,100356,100,100025,200,100406,100,99975,100,100431,100,99971,200,100545,100,99970,100,100559,100,99954,100,100594,100,99932,100,100647,100,99929,100
2019-06-28 09:40:00.000000000,100173,190,100109,290,100331,190,100062,190,100336,190,100030,190,100356,190,100025,290,100406,100,99975,100,100431,100,99971,200,100545,100,99970,100,100559,100,99954,100,100594,100,99932,100,100647,100,99929,100
2019-06-28 09:40:04.571270857,100173,190,100109,290,100331,190,100062,190,100336,190,100030,190,100356,190,100025,290,100406,100,99975,100,100431,100,99971,200,100545,100,99970,100,100559,100,99954,100,100594,100,99932,100,100647,100,99929,100
2019-06-28 09:40:10.000000000,100173,223,100109,323,100331,219,100062,219,100336,219,100030,219,100356,100,100025,200,100406,100,99975,100,100431,100,99971,200,100545,100,99970,100,100559,100,99954,100,100594,100,99932,100,100647,100,99929,100
2019-06-28 09:40:20.000000000,100173,172,100109,272,100331,172,100062,172,100336,172,100030,172,100356,172,100025,272,100406,172,99975,172,100431,100,99971,200,100545,100,99970,100,100559,100,99954,100,100594,100,99932,100,100647,100,99929,100
2019-06-28 09:40:30.000000000,100173,462,100109,562,100331,100,100062,100,100336,100,100030,100,100356,100,100025,200,100406,100,99975,100,100431,100,99971,200,100545,100,99970,100,100559,100,99954,100,100594,100,99932,100,100647,100,99929,100
2019-06-28 09:40:31.042444469,100173,462,100109,462,100331,100,100062,100,100336,100,100030,100,100356,100,100025,200,100406,100,99975,100,100431,100,99971,200,100545,100,99970,100,100559,100,99954,100,100594,100,99932,100,100647,100,99929,100
2019-06-28 09:40:34.080099654,100173,462,100109,462,100331,100,100062,100,100336,100,100030,100,100356,100,100025,200,100406,100,99975,100,100431,100,99971,200,100545,100,99970,100,100559,100,99954,100,100594,100,99932,100,100647,100,99929,100
2019-06-28 09:40:40.000000000,100173,172,100109,172,100331,172,100062,172,100336,172,100030,172,100356,172,100025,272,100406,172,99975,172,100431,100,99971,200,100545,100,99970,100,100559,100,99954,100,100594,100,99932,100,100647,100,99929,100
2019-06-28 09:40:50.000000000,100173,223,100109,223,100331,219,100062,219,100336,219,100030,219,100356,100,100025,200,100406,100,99975,100,100431,100,99971,200,100545,100,99970,100,100559,100,99954,100,100594,100,99932,100,100647,100,99929,100
2019-06-28 09:40:54.351164672,100173,123,100109,223,100331,219,100062,219,100336,219,100030,219,100356,100,100025,200,100406,100,99975,100,100431,100,99971,200,100545,100,99970,100,100559,100,99954,100,100594,100,99932,100,100647,100,99929,100
2019-06-28 09:41:00.000000000,100331,172,100109,172,100336,172,100062,172,100356,172,100030,172,100406,172,100025,272,100431,172,99975,172,100545,100,99971,200,100559,100,99970,100,100594,100,99954,100,100647,100,99932,100,100678,100,99929,100
2019-06-28 09:41:03.890703081,100331,172,100109,172,100336,172,100062,172,100356,172,100030,172,100406,172,100025,272,100431,172,99975,172,100545,100,99971,200,100559,100,99970,100,100594,100,99954,100,100647,100,99932,100,100678,100,99929,100
2019-06-28 09:41:10.000000000,100331,190,100109,190,100336,190,100062,190,100356,190,100030,190,100406,190,100025,290,100431,100,99975,100,100545,100,99971,200,100559,100,99970,100,100594,100,99954,100,100647,100,99932,100,100678,100,99929,100
2019-06-28 09:41:13.379913025,100331,190,100158,100,100336,190,100109,190,100356,190,100062,190,100406,190,100030,190,100431,100,100025,290,100545,100,99975,100,100559,100,99971,200,100594,100,99970,100,100647,100,99954,100,100678,100,99932,100
2019-06-28 09:41:20.000000000,100331,281,100158,281,100336,281,100109,281,100356,100,100062,100,100406,100,100030,100,100431,100,100025,200,100545,100,99975,100,100559,100,99971,200,100594,100,99970,100,100647,100,99954,100,100678,100,99932,100
2019-06-28 09:41:30.000000000,100331,462,100158,462,100336,100,100109,100,100356,100,100062,100,100406,100,100030,100,100431,100,100025,200,100545,100,99975,100,100559,100,99971,200,100594,100,99970,100,100647,100,99954,100,100678,100,99932,100
2019-06-28 09:41:39.397646819,100331,462,100158,562,100336,100,100109,100,100356,100,100062,100,100406,100,100030,100,100431,100,100025,200,100545,100,99975,100,100559,100,99971,200,100594,100,99970,100,100647,100,99932,100,100678,100,99929,100
2019-06-28 09:41:40.000000000,100331,462,100158,562,100336,100,100109,100,100356,100,100062,100,100406,100,100030,100,100431,100,100025,200,100545,100,99975,100,100559,100,99971,200,100594,100,99970,100,100647,100,99932,100,100678,100,99929,100
2019-06-28 09:41:50.000000000,100331,462,100158,562,100336,100,100109,100,100356,100,100062,100,100406,100,100030,100,100431,100,100025,200,100545,100,99975,100,100559,100,99971,200,100594,100,99970,100,100647,100,99932,100,100678,100,99929,100
2019-06-28 09:41:55.935912018,100331,362,100158,562,100336,100,100109,100,100356,100,100062,100,100406,100,100030,100,100431,100,100025,200,100545,100,99975,100,100559,100,99971,200,100594,100,99970,100,100647,100,99932,100,100678,100,99929,100
2019-06-28 09:41:56.958187093,100331,262,100158,562,100336,100,100109,100,100356,100,100062,100,100406,100,100030,100,100431,100,100025,200,100545,100,99975,100,100559,100,99971,200,100594,100,99970,100,100647,100,99929,100,100678,100,99927,100
2019-06-28 09:42:00.000000000,100336,462,100158,562,100356,100,100109,100,100406,100,100062,100,100431,100,100030,100,100545,100,100025,200,100559,100,99975,100,100594,100,99971,200,100647,100,99970,100,100678,100,99929,100,100729,100,99927,100
2019-06-28 09:42:00.625538428,100336,462,100158,562,100356,100,100109,100,100406,100,100062,100,100431,100,100030,100,100545,100,100025,200,100559,100,99975,100,100594,100,99971,200,100647,100,99970,100,100665,100,99929,100,100678,100,99927,100
2019-06-28 09:42:06.374040327,100336,362,100158,562,100356,100,100109,100,100406,100,100062,100,100431,100,100030,100,100545,100,100025,200,100559,100,99975,100,100594,100,99971,200,100647,100,99970,100,100665,100,99929,100,100678,100,99910,100
2019-06-28 09:42:08.000342712,100336,362,100158,562,100356,100,100109,100,100406,100,100062,100,100431,100,100030,100,100545,100,100025,200,100559,100,99975,100,100594,100,99971,200,100647,100,99970,100,100665,100,99929,100,100678,100,99910,100
2019-06-28 09:42:10.000000000,100356,281,100158,381,100406,281,100109,281,100431,100,100062,100,100545,100,100030,100,100559,100,100025,200,100594,100,99975,100,100647,100,99971,200,100665,100,99970,100,100678,100,99929,100,100729,100,99910,100
2019-06-28 09:42:10.978759014,100356,181,100158,381,100406,281,100109,281,100431,100,100062,100,100545,100,100030,100,100559,100,100025,200,100594,100,99975,100,100647,100,99971,200,100665,100,99970,100,100678,100,99929,100,100729,100,99910,100
2019-06-28 09:42:18.338270423,100356,181,100336,100,100406,281,100158,381,100431,100,100109,281,100545,100,100062,100,100559,100,100030,100,100594,100,100025,200,100647,100,99975,100,100665,100,99971,200,100678,100,99970,100,100729,100,99929,100
2019-06-28 09:42:20.000000000,100406,462,100336,462,100431,100,100158,200,100545,100,100109,100,100559,100,100062,100,100594,100,100030,100,100647,100,100025,200,100665,100,99975,100,100678,100,99971,200,100729,100,99970,100,100790,100,99929,100
2019-06-28 09:42:30.000000000,100406,172,100336,172,100431,172,100158,272,100545,172,100109,172,100559,172,100062,172,100594,172,100030,172,100647,100,100025,200,100665,100,99975,100,100678,100,99971,200,100729,100,99970,100,100790,100,99929,100
2019-06-28 09:42:40.000000000,100406,190,100336,190,100431,190,100158,290,100545,190,100109,190,100559,190,100062,190,100594,100,100030,100,100647,100,100025,200,100665,100,99975,100,100678,100,99971,200,100729,100,99970,100,100790,100,99929,100
2019-06-28 09:42:43.316280884,100406,190,100336,90,100431,190,100158,290,100545,190,100109,190,100559,190,100062,190,100594,100,100030,100,100647,100,100025,200,100665,100,99975,100,100678,100,99971,200,100729,100,99970,100,100790,100,99929,100
2019-06-28 09:42:50.000000000,100406,462,100158,562,100431,100,100109,100,100545,100,100062,100,100559,100,100030,100,100594,100,100025,200,100647,100,99975,100,100665,100,99971,200,100678,100,99970,100,100729,100,99929,100,100790,100,99910,100
2019-06-28 09:42:52.184020880,100406,462,100158,462,100431,100,100109,100,100545,100,100062,100,100559,100,100030,100,100594,100,100025,200,100647,100,99975,100,100665,100,99971,200,100678,100,99970,100,100729,100,99929,100,100790,100,99910,100
2019-06-28 09:43:00.000000000,100406,462,100158,462,100431,100,100109,100,100545,100,100062,100,100559,100,100030,100,100594,100,100025,200,100647,100,99975,100,100665,100,99971,200,100678,100,99970,100,100729,100,99929,100,100790,100,99910,100
2019-06-28 09:43:03.707812361,100406,462,100158,462,100431,100,100109,100,100545,100,100062,100,100559,100,100030,100,100594,100,100025,200,100647,100,99975,100,100665,100,99971,200,100678,100,99970,100,100790,100,99929,100,100804,100,99910,100
2019-06-28 09:43:10.000000000,100406,223,100158,223,100431,219,100109,219,100545,219,100062,219,100559,100,100030,100,100594,100,100025,200,100647,100,99975,100,100665,100,99971,200,100678,100,99970,100,100790,100,99929,100,100804,100,99910,100
2019-06-28 09:43:13.744654473,100406,223,100158,223,100431,119,100109,219,100545,219,100062,219,100559,100,100047,100,100594,100,100030,100,100647,100,100025,200,100665,100,99975,100,100678,100,99971,200,100790,100,99970,100,100804,100,99929,100
2019-06-28 09:43:17.832178025,100352,100,100158,223,100406,223,100109,219,100431,119,100062,219,100545,219,100047,100,100559,100,100030,100,100594,100,100025,200,100647,100,99975,100,100665,100,99971,200,100678,100,99970,100,100790,100,99929,100
2019-06-28 09:43:20.000000000,100352,223,100158,223,100406,219,100109,219,100545,219,100062,219,100559,100,100047,100,100594,100,100030,100,100647,100,100025,200,100665,100,99975,100,100678,100,99971,200,100790,100,99970,100,100804,100,99929,100
2019-06-28 09:43:22.862863981,100352,223,100158,223,100406,219,100136,100,100545,219,100109,219,100559,100,100062,219,100594,100,100047,100,100647,100,100030,100,100665,100,100025,200,100678,100,99975,100,100790,100,99971,200,100804,100,99970,100
2019-06-28 09:43:27.095118611,100352,223,100162,100,100406,219,100158,223,100545,219,100136,100,100559,100,100109,219,100594,100,100062,219,100647,100,100047,100,100665,100,100030,100,100678,100,100025,200,100790,100,99975,100,100804,100,99971,200
2019-06-28 09:43:30.000000000,100352,190,100162,190,100406,190,100158,190,100545,190,100136,190,100559,190,100109,190,100594,100,100062,100,100647,100,100047,100,100665,100,100030,100,100678,100,100025,200,100790,100,99975,100,100804,100,99971,200
2019-06-28 09:43:34.016076173,100352,190,100162,190,100406,190,100158,190,100545,190,100136,190,100559,190,100109,190,100594,100,100062,100,100647,100,100047,100,100665,100,100030,100,100678,100,100025,200,100790,100,99975,100,100804,100,99971,200
2019-06-28 09:43:40.000000000,100352,281,100162,281,100406,281,100158,281,100545,100,100136,100,100559,100,100109,100,100594,100,100062,100,100647,100,100047,100,100665,100,100030,100,100678,100,100025,200,100790,100,99975,100,100804,100,99971,200
2019-06-28 09:43:50.000000000,100352,223,100162,223,100406,219,100158,219,100545,219,100136,219,100559,100,100109,100,100594,100,100062,100,100647,100,100047,100,100665,100,100030,100,100678,100,100025,200,100790,100,99975,100,100804,100,99971,200
2019-06-28 09:44:00.000000000,100352,190,100162,190,100406,190,100158,190,100545,190,100136,190,100559,190,100109,190,100594,100,100062,100,100647,100,100047,100,100665,100,100030,100,100678,100,100025,200,100790,100,99975,100,100804,100,99971,200
2019-06-28 09:44:10.000000000,100352,223,100162,223,100406,219,100158,219,100545,219,100136,219,100559,100,100109,100,100594,100,100062,100,100647,100,100047,100,100665,100,100030,100,100678,100,100025,200,100790,100,99975,100,100804,100,99971,200
2019-06-28 09:44:19.843868890,100336,100,100162,223,100352,223,100158,219,100406,219,100136,219,100545,219,100109,100,100559,100,100062,100,100594,100,100047,100,100647,100,100030,100,100665,100,100025,100,100678,100,99975,100,100790,100,99971,200
2019-06-28 09:44:20.000000000,100336,190,100162,190,100352,190,100158,190,100406,190,100136,190,100545,190,100109,190,100559,100,100062,100,100594,100,100047,100,100647,100,100030,100,100665,100,100025,100,100678,100,99975,100,100790,100,99971,200
2019-06-28 09:44:25.435191410,100336,190,100162,90,100352,190,100158,190,100406,190,100136,190,100545,190,100109,190,100559,100,100062,100,100594,100,100047,100,100647,100,100030,100,100665,100,100025,100,100678,100,99975,100,100790,100,99971,200
2019-06-28 09:44:30.000000000,100336,223,100158,223,100352,219,100136,219,100406,219,100109,219,100545,100,100062,100,100559,100,100047,100,100594,100,100030,100,100647,100,100025,100,100665,100,99975,100,100678,100,99971,200,100790,100,99970,100
2019-06-28 09:44:40.000000000,100336,172,100158,172,100352,172,100136,172,100406,172,100109,172,100545,172,100062,172,100559,172,100047,172,100594,100,100030,100,100647,100,100025,100,100665,100,99975,100,100678,100,99971,200,100790,100,99970,100
2019-06-28 09:44:40.443874122,100336,172,100158,172,100352,172,100136,172,100406,172,100109,172,100545,172,100062,172,100559,172,100047,172,100594,100,100030,100,100647,100,100025,100,100665,100,99975,100,100678,100,99971,200,100790,100,99970,100
2019-06-28 09:44:50.000000000,100336,190,100158,190,100352,190,100136,190,100406,190,100109,190,100545,190,100062,190,100559,100,100047,100,100594,100,100030,100,100647,100,100025,100,100665,100,99975,100,100678,100,99971,200,100790,100,99970,100
2019-06-28 09:45:00.000000000,100336,172,100158,172,100352,172,100136,172,100406,172,100109,172,100545,172,100062,172,100559,172,100047,172,100594,100,100030,100,100647,100,100025,100,100665,100,99975,100,100678,100,99971,200,100790,100,99970,100
2019-06-28 09:45:10.000000000,100336,462,100158,462,100352,100,100136,100,100406,100,100109,100,100545,100,100062,100,100559,100,100047,100,100594,100,100030,100,100647,100,100025,100,100665,100,99975,100,100678,100,99971,200,100790,100,99970,100
2019-06-28 09:45:20.000000000,100336,190,100158,190,100352,190,100136,190,100406,190,100109,190,100545,190,100062,190,100559,100,100047,100,100594,100,100030,100,100647,100,100025,100,100665,100,99975,100,100678,100,99971,200,100790,100,99970,100
2019-06-28 09:45:30.000000000,100336,281,100158,281,100352,281,100136,281,100406,100,100109,100,100545,100,100062,100,100559,100,100047,100,100594,100,100030,100,100647,100,100025,100,100665,100,99975,100,100678,100,99971,200,100790,100,99970,100
2019-06-28 09:45:31.445931652,100336,281,100158,181,100352,281,100136,281,100406,100,100109,100,100545,100,100062,100,100559,100,100047,100,100594,100,100030,100,100647,100,100025,100,100665,100,99975,100,100678,100,99971,200,100790,100,99970,100
2019-06-28 09:45:40.000000000,100336,172,100136,172,100352,172,100109,172,100406,172,100062,172,100545,172,100047,172,100559,172,100030,172,100594,100,100025,100,100647,100,99975,100,100665,100,99971,200,100678,100,99970,100,100790,100,99940,100
2019-06-28 09:45:50.000000000,100336,462,100136,462,100352,100,100109,100,100406,100,100062,100,100545,100,100047,100,100559,100,100030,100,100594,100,100025,100,100647,100,99975,100,100665,100,99971,200,100678,100,99970,100,100790,100,99940,100
2019-06-28 09:46:00.000000000,100336,223,100136,223,100352,219,100109,219,100406,219,100062,219,100545,100,100047,100,100559,100,100030,100,100594,100,100025,100,100647,100,99975,100,100665,100,99971,200,100678,100,99970,100,100790,100,99940,100
2019-06-28 09:46:10.000000000,100336,281,100136,281,100352,281,100109,281,100406,100,100062,100,100545,100,100047,100,100559,100,100030,100,100594,100,100025,100,100647,100,99975,100,100665,100,99971,200,100678,100,99970,100,100790,100,99940,100
2019-06-28 09:46:17.565729876,100336,281,100136,281,100352,281,100109,281,100406,100,100062,100,100545,100,100047,100,100559,100,100030,100,100594,100,100025,100,100647,100,99971,200,100665,100,99970,100,100678,100,99940,100,100790,100,99929,100
2019-06-28 09:46:20.000000000,100336,281,100136,281,100352,281,100109,281,100406,100,100062,100,100545,100,100047,100,100559,100,100030,100,100594,100,100025,100,100647,100,99971,200,100665,100,99970,100,100678,100,99940,100,100790,100,99929,100
2019-06-28 09:46:30.000000000,100336,190,100136,190,100352,190,100109,190,100406,190,100062,190,100545,190,100047,190,100559,100,100030,100,100594,100,100025,100,100647,100,99971,200,100665,100,99970,100,100678,100,99940,100,100790,100,99929,100
2019-06-28 09:46:40.000000000,100336,462,100136,462,100352,100,100109,100,100406,100,100062,100,100545,100,100047,100,100559,100,100030,100,100594,100,100025,100,100647,100,99971,200,100665,100,99970,100,100678,100,99940,100,100790,100,99929,100
2019-06-28 09:46:43.140293056,100336,462,100136,462,100352,100,100109,100,100406,100,100062,100,100545,100,100047,100,100559,100,100030,100,100594,100,99971,200,100647,100,99970,100,100665,100,99940,100,100678,100,99929,100,100790,100,99910,100
2019-06-28 09:46:50.000000000,100336,281,100136,281,100352,281,100109,281,100406,100,100062,100,100545,100,100047,100,100559,100,100030,100,100594,100,99971,200,100647,100,99970,100,100665,100,99940,100,100678,100,99929,100,100790,100,99910,100
2019-06-28 09:47:00.000000000,100336,462,100136,462,100352,100,100109,100,100406,100,100062,100,100545,100,100047,100,100559,100,100030,100,100594,100,99971,200,100647,100,99970,100,100665,100,99940,100,100678,100,99929,100,100790,100,99910,100
2019-06-28 09:47:10.000000000,100336,281,100136,281,100352,281,100109,281,100406,100,100062,100,100545,100,100047,100,100559,100,100030,100,100594,100,99971,200,100647,100,99970,100,100665,100,99940,100,100678,100,99929,100,100790,100,99910,100
2019-06-28 09:47:20.000000000,100336,462,100136,462,100352,100,100109,100,100406,100,100062,100,100545,100,100047,100,100559,100,100030,100,100594,100,99971,200,100647,100,99970,100,100665,100,99940,100,100678,100,99929,100,100790,100,99910,100
2019-06-28 09:47:30.000000000,100336,462,100136,462,100352,100,100109,100,100406,100,100062,100,100545,100,100047,100,100559,100,100030,100,100594,100,99971,200,100647,100,99970,100,100665,100,99940,100,100678,100,99929,100,100790,100,99910,100
2019-06-28 09:47:40.000000000,100336,462,100136,462,100352,100,100109,100,100406,100,100062,100,100545,100,100047,100,100559,100,100030,100,100594,100,99971,200,100647,100,99970,100,100665,100,99940,100,100678,100,99929,100,100790,100,99910,100
2019-06-28 09:47:48.275584033,100336,362,100136,462,100352,100,100109,100,100406,100,100062,100,100545,100,100047,100,100559,100,100030,100,100594,100,99971,200,100647,100,99970,100,100665,100,99940,100,100678,100,99929,100,100790,100,99910,100
2019-06-28 09:47:50.000000000,100352,223,100136,223,100406,219,100109,219,100545,219,100062,219,100559,100,100047,100,100594,100,100030,100,100647,100,99971,200,100665,100,99970,100,100678,100,99940,100,100790,100,99929,100,100804,100,99910,100
2019-06-28 09:48:00.000000000,100352,281,100136,281,100406,281,100109,281,100545,100,100062,100,100559,100,100047,100,100594,100,100030,100,100647,100,99971,200,100665,100,99970,100,100678,100,99940,100,100790,100,99929,100,100804,100,99910,100
2019-06-28 09:48:10.000000000,100352,462,100136,462,100406,100,100109,100,100545,100,100062,100,100559,100,100047,100,100594,100,100030,100,100647,100,99971,200,100665,100,99970,100,100678,100,99940,100,100790,100,99929,100,100804,100,99910,100
2019-06-28 09:48:20.000000000,100352,462,100136,462,100406,100,100109,100,100545,100,100062,100,100559,100,100047,100,100594,100,100030,100,100647,100,99971,200,100665,100,99970,100,100678,100,99940,100,100790,100,99929,100,100804,100,99910,100
2019-06-28 09:48:22.822528357,100352,362,100136,462,100406,100,100109,100,100545,100,100062,100,100594,100,100047,100,100647,100,100030,100,100665,100,99971,200,100678,100,99970,100,100790,100,99940,100,100804,100,99929,100,100941,100,99910,100
2019-06-28 09:48:30.000000000,100406,223,100136,223,100545,219,100109,219,100594,219,100062,219,100647,100,100047,100,100665,100,100030,100,100678,100,99971,200,100790,100,99970,100,100804,100,99940,100,100941,100,99929,100,101018,100,99910,100
2019-06-28 09:48:40.000000000,100406,223,100136,223,100545,219,100109,219,100594,219,100062,219,100647,100,100047,100,100665,100,100030,100,100678,100,99971,200,100790,100,99970,100,100804,100,99940,100,100941,100,99929,100,101018,100,99910,100
2019-06-28 09:48:42.774034470,100406,223,100336,100,100545,219,100136,223,100594,219,100109,219,100647,100,100062,219,100665,100,100047,100,100678,100,100030,100,100790,100,99971,200,100804,100,99970,100,100941,100,99940,100,101018,100,99929,100
2019-06-28 09:48:50.000000000,100406,172,100336,172,100545,172,100136,172,100594,172,100109,172,100647,172,100062,172,100665,172,100047,172,100678,100,100030,100,100790,100,99971,200,100804,100,99970,100,100941,100,99940,100,101018,100,99929,100
2019-06-28 09:48:51.099978945,100406,172,100336,172,100545,172,100136,172,100594,172,100109,172,100647,172,100062,172,100665,172,100047,172,100678,100,100030,100,100790,100,99971,200,100804,100,99970,100,100874,100,99940,100,100941,100,99929,100
2019-06-28 09:48:56.262063280,100406,72,100336,172,100545,172,100136,172,100594,172,100109,172,100647,172,100062,172,100665,172,100047,172,100678,100,100030,100,100790,100,99971,200,100804,100,99970,100,100874,100,99940,100,100941,100,99929,100
2019-06-28 09:49:00.000000000,100545,223,100336,223,100594,219,100136,219,100647,219,100109,219,100665,100,100062,100,100678,100,100047,100,100790,100,100030,100,100804,100,99971,200,100874,100,99970,100,100941,100,99940,100,101018,100,99929,100
2019-06-28 09:49:07.993940239,100545,223,100336,223,100594,219,100136,219,100647,219,100109,219,100665,100,100062,100,100675,100,100047,100,100790,100,100030,100,100804,100,99971,200,100874,100,99970,100,100941,100,99940,100,101018,100,99929,100
2019-06-28 09:49:10.000000000,100545,462,100336,462,100594,100,100136,100,100647,100,100109,100,100665,100,100062,100,100675,100,100047,100,100790,100,100030,100,100804,100,99971,200,100874,100,99970,100,100941,100,99940,100,101018,100,99929,100
2019-06-28 09:49:18.996387987,100545,362,100336,462,100594,100,100136,100,100647,100,100109,100,100665,100,100062,100,100675,100,100047,100,100767,100,100030,100,100790,100,99971,200,100804,100,99970,100,100874,100,99940,100,100941,100,99929,100
2019-06-28 09:49:20.000000000,100594,190,100336,190,100647,190,100136,190,100665,190,100109,190,100675,190,100062,190,100767,100,100047,100,100790,100,100030,100,100804,100,99971,200,100874,100,99970,100,100941,100,99940,100,101018,100,99929,100
2019-06-28 09:49:30.000000000,100594,172,100336,172,100647,172,100136,172,100665,172,100109,172,100675,172,100062,172,100767,172,100047,172,100790,100,100030,100,100804,100,99971,200,100874,100,99970,100,100941,100,99940,100,101018,100,99929,100
2019-06-28 09:49:40.000000000,100594,462,100336,462,100647,100,100136,100,100665,100,100109,100,100675,100,100062,100,100767,100,100047,100,100790,100,100030,100,100804,100,99971,200,100874,100,99970,100,100941,100,99940,100,101018,100,99929,100
2019-06-28 09:49:50.000000000,100594,172,100336,172,100647,172,100136,172,100665,172,100109,172,100675,172,100062,172,100767,172,100047,172,100790,100,100030,100,100804,100,99971,200,100874,100,99970,100,100941,100,99940,100,101018,100,99929,100
2019-06-28 09:50:00.000000000,100594,462,100336,462,100647,100,100136,100,100665,100,100109,100,100675,100,100062,100,100767,100,100047,100,100790,100,100030,100,100804,100,99971,200,100874,100,99970,100,100941,100,99940,100,101018,100,99929,100
2019-06-28 09:50:03.221086240,100594,462,100336,462,100647,100,100136,100,100665,100,100109,100,100675,100,100062,100,100678,100,100047,100,100767,100,100030,100,100790,100,99971,200,100804,100,99970,100,100874,100,99940,100,100941,100,99929,100
2019-06-28 09:50:10.000000000,100594,281,100336,281,100647,281,100136,281,100665,100,100109,100,100675,100,100062,100,100678,100,100047,100,100767,100,100030,100,100790,100,99971,200,100804,100,99970,100,100874,100,99940,100,100941,100,99929,100
2019-06-28 09:50:20.000000000,100594,190,100336,190,100647,190,100136,190,100665,190,100109,190,100675,190,100062,190,100678,100,100047,100,100767,100,100030,100,100790,100,99971,200,100804,100,99970,100,100874,100,99940,100,100941,100,99929,100
2019-06-28 09:50:30.000000000,100594,281,100336,281,100647,281,100136,281,100665,100,100109,100,100675,100,100062,100,100678,100,100047,100,100767,100,100030,100,100790,100,99971,200,100804,100,99970,100,100874,100,99940,100,100941,100,99929,100
2019-06-28 09:50:34.143745341,100594,281,100336,281,100647,281,100136,281,100665,100,100109,100,100675,100,100062,100,100678,100,100047,100,100767,100,100030,100,100790,100,99971,200,100804,100,99970,100,100874,100,99940,100,100941,100,99929,100
2019-06-28 09:50:40.000000000,100594,223,100336,223,100647,219,100136,219,100665,219,100109,219,100675,100,100062,100,100678,100,100047,100,100767,100,100030,100,100790,100,99971,200,100804,100,99970,100,100874,100,99940,100,100941,100,99929,100
2019-06-28 09:50:50.000000000,100594,462,100336,462,100647,100,100136,100,100665,100,100109,100,100675,100,100062,100,100678,100,100047,100,100767,100,100030,100,100790,100,99971,200,100804,100,99970,100,100874,100,99940,100,100941,100,99929,100
2019-06-28 09:51:00.000000000,100594,281,100336,281,100647,281,100136,281,100665,100,100109,100,100675,100,100062,100,100678,100,100047,100,100767,100,100030,100,100790,100,99971,200,100804,100,99970,100,100874,100,99940,100,100941,100,99929,100
2019-06-28 09:51:10.000000000,100594,462,100336,462,100647,100,100136,100,100665,100,100109,100,100675,100,100062,100,100678,100,100047,100,100767,100,100030,100,100790,100,99971,200,100804,100,99970,100,100874,100,99940,100,100941,100,99929,100
2019-06-28 09:51:10.977471122,100594,362,100336,462,100647,100,100136,100,100665,100,100109,100,100675,100,100062,100,100678,100,100047,100,100767,100,100030,100,100790,100,99971,200,100804,100,99970,100,100874,100,99940,100,100941,100,99929,100
2019-06-28 09:51:11.369468313,100594,362,100336,462,100647,100,100136,100,100665,100,100109,100,100675,100,100062,100,100678,100,100047,100,100767,100,100030,100,100790,100,99971,200,100804,100,99940,100,100874,100,99929,100,100941,100,99910,100
2019-06-28 09:51:19.614566210,100594,362,100406,100,100647,100,100336,462,100665,100,100136,100,100675,100,100109,100,100678,100,100062,100,100767,100,100047,100,100790,100,100030,100,100804,100,99971,200,100874,100,99940,100,100941,100,99929,100
2019-06-28 09:51:20.000000000,100647,281,100406,281,100665,281,100336,281,100675,100,100136,100,100678,100,100109,100,100767,100,100062,100,100790,100,100047,100,100804,100,100030,100,100874,100,99971,200,100941,100,99940,100,101018,100,99929,100
2019-06-28 09:51:21.870637996,100647,281,100406,281,100665,281,100336,281,100675,100,100136,100,100678,100,100109,100,100767,100,100062,100,100790,100,100047,100,100804,100,100030,100,100874,100,99971,200,100941,100,99940,100,101018,100,99929,100
2019-06-28 09:51:23.770346658,100647,281,100406,381,100665,281,100336,281,100675,100,100136,100,100678,100,100109,100,100767,100,100062,100,100790,100,100047,100,100804,100,100030,100,100874,100,99971,200,100941,100,99940,100,101018,100,99929,100
2019-06-28 09:51:30.000000000,100647,190,100406,290,100665,190,100336,190,100675,190,100136,190,100678,190,100109,190,100767,100,100062,100,100790,100,100047,100,100804,100,100030,100,100874,100,99971,200,100941,100,99940,100,101018,100,99929,100
2019-06-28 09:51:40.000000000,100647,281,100406,381,100665,281,100336,281,100675,100,100136,100,100678,100,100109,100,100767,100,100062,100,100790,100,100047,100,100804,100,100030,100,100874,100,99971,200,100941,100,99940,100,101018,100,99929,100
2019-06-28 09:51:50.000000000,100647,190,100406,290,100665,190,100336,190,100675,190,100136,190,100678,190,100109,190,100767,100,100062,100,100790,100,100047,100,100804,100,100030,100,100874,100,99971,200,100941,100,99940,100,101018,100,99929,100
2019-06-28 09:52:00.000000000,100647,223,100406,323,100665,219,100336,219,100675,219,100136,219,100678,100,100109,100,100767,100,100062,100,100790,100,100047,100,100804,100,100030,100,100874,100,99971,200,100941,100,99940,100,101018,100,99929,100
2019-06-28 09:52:10.000000000,100647,190,100406,290,100665,190,100336,190,100675,190,100136,190,100678,190,100109,190,100767,100,100062,100,100790,100,100047,100,100804,100,100030,100,100874,100,99971,200,100941,100,99940,100,101018,100,99929,100
2019-06-28 09:52:20.000000000,100647,190,100406,290,100665,190,100336,190,100675,190,100136,190,100678,190,100109,190,100767,100,100062,100,100790,100,100047,100,100804,100,100030,100,100874,100,99971,200,100941,100,99940,100,101018,100,99929,100
2019-06-28 09:52:23.740775395,100647,190,100406,390,100665,190,100336,190,100675,190,100136,190,100678,190,100109,190,100767,100,100062,100,100790,100,100047,100,100804,100,100030,100,100874,100,99971,200,100941,100,99940,100,101018,100,99929,100
2019-06-28 09:52:24.497132812,100647,90,100406,390,100665,190,100336,190,100675,190,100136,190,100678,190,100109,190,100767,100,100062,100,100790,100,100047,100,100804,100,100030,100,100874,100,99971,200,100941,100,99940,100,101018,100,99929,100
2019-06-28 09:52:30.000000000,100665,223,100406,423,100675,219,100336,219,100678,219,100136,219,100767,100,100109,100,100790,100,100062,100,100804,100,100047,100,100874,100,100030,100,100941,100,99971,200,101018,100,99940,100,101208,100,99929,100
2019-06-28 09:52:33.165964540,100665,223,100406,423,100675,219,100336,219,100678,219,100136,219,100767,100,100109,100,100790,100,100062,100,100804,100,100047,100,100874,100,100030,100,100941,100,99971,200,101018,100,99940,100,101208,100,99929,100
2019-06-28 09:52:40.000000000,100665,172,100406,372,100675,172,100336,172,100678,172,100136,172,100767,172,100109,172,100790,172,100062,172,100804,100,100047,100,100874,100,100030,100,100941,100,99971,200,101018,100,99940,100,101208,100,99929,100
2019-06-28 09:52:43.178749734,100665,72,100406,372,100675,172,100336,172,100678,172,100136,172,100767,172,100109,172,100790,172,100062,172,100804,100,100047,100,100874,100,100030,100,100941,100,99971,200,101018,100,99940,100,101208,100,99929,100
2019-06-28 09:52:50.000000000,100675,281,100406,481,100678,281,100336,281,100767,100,100136,100,100790,100,100109,100,100804,100,100062,100,100874,100,100047,100,100941,100,100030,100,101018,100,99971,200,101208,100,99940,100,101365,100,99929,100
2019-06-28 09:53:00.000000000,100675,281,100406,481,100678,281,100336,281,100767,100,100136,100,100790,100,100109,100,100804,100,100062,100,100874,100,100047,100,100941,100,100030,100,101018,100,99971,200,101208,100,99940,100,101365,100,99929,100
2019-06-28 09:53:04.704160160,100675,281,100647,100,100678,281,100406,481,100767,100,100336,281,100790,100,100136,100,100804,100,100109,100,100874,100,100062,100,100941,100,100047,100,101018,100,100030,100,101208,100,99971,200,101365,100,99940,100
2019-06-28 09:53:10.000000000,100675,462,100647,462,100678,100,100406,300,100767,100,100336,100,100790,100,100136,100,100804,100,100109,100,100874,100,100062,100,100941,100,100047,100,101018,100,100030,100,101208,100,99971,200,101365,100,99940,100
2019-06-28 09:53:13.336245896,100675,462,100647,462,100678,100,100406,300,100767,100,100336,100,100790,100,100136,100,100804,100,100109,100,100874,100,100062,100,100941,100,100047,100,101018,100,100030,100,101208,100,99971,200,101365,100,99940,100
2019-06-28 09:53:20.000000000,100675,223,100647,223,100678,219,100406,419,100767,219,100336,219,100790,100,100136,100,100804,100,100109,100,100874,100,100062,100,100941,100,100047,100,101018,100,100030,100,101208,100,99971,200,101365,100,99940,100
2019-06-28 09:53:30.000000000,100675,190,100647,190,100678,190,100406,390,100767,190,100336,190,100790,190,100136,190,100804,100,100109,100,100874,100,100062,100,100941,100,100047,100,101018,100,100030,100,101208,100,99971,200,101365,100,99940,100
2019-06-28 09:53:40.000000000,100675,172,100647,172,100678,172,100406,372,100767,172,100336,172,100790,172,100136,172,100804,172,100109,172,100874,100,100062,100,100941,100,100047,100,101018,100,100030,100,101208,100,99971,200,101365,100,99940,100
2019-06-28 09:53:50.000000000,100675,223,100647,223,100678,219,100406,419,100767,219,100336,219,100790,100,100136,100,100804,100,100109,100,100874,100,100062,100,100941,100,100047,100,101018,100,100030,100,101208,100,99971,200,101365,100,99940,100
2019-06-28 09:53:50.636484467,100675,223,100647,223,100678,219,100406,419,100767,219,100336,219,100790,100,100136,100,100804,100,100109,100,100874,100,100062,100,100941,100,100047,100,101018,100,100030,100,101208,100,99971,200,101365,100,99940,100
2019-06-28 09:53:56.920124468,100675,223,100647,223,100678,219,100406,419,100767,219,100336,219,100790,100,100136,100,100804,100,100109,100,100941,100,100062,100,101018,100,100047,100,101208,100,100030,100,101365,100,99971,200,101711,100,99940,100
2019-06-28 09:54:00.000000000,100675,281,100647,281,100678,281,100406,481,100767,100,100336,100,100790,100,100136,100,100804,100,100109,100,100941,100,100062,100,101018,100,100047,100,101208,100,100030,100,101365,100,99971,200,101711,100,99940,100
2019-06-28 09:54:06.831106488,100675,281,100647,281,100678,281,100406,481,100767,100,100336,100,100790,100,100136,100,100804,100,100109,100,100941,100,100062,100,101018,100,100047,100,101208,100,100030,100,101365,100,99971,200,101711,100,99940,100
2019-06-28 09:54:10.000000000,100675,190,100647,190,100678,190,100406,390,100767,190,100336,190,100790,190,100136,190,100804,100,100109,100,100941,100,100062,100,101018,100,100047,100,101208,100,100030,100,101365,100,99971,200,101711,100,99940,100
2019-06-28 09:54:12.097292370,100675,190,100647,190,100678,190,100406,390,100767,190,100336,190,100790,190,100136,190,100804,100,100109,100,100941,100,100062,100,101018,100,100047,100,101208,100,100030,100,101365,100,99971,200,101711,100,99940,100
2019-06-28 09:54:14.555159797,100675,190,100647,190,100678,190,100406,390,100767,190,100336,190,100790,190,100136,190,100804,100,100109,100,100941,100,100062,100,101018,100,100047,100,101208,100,100030,100,101365,100,99971,200,101711,100,99940,100
2019-06-28 09:54:20.000000000,100675,462,100647,462,100678,100,100406,300,100767,100,100336,100,100790,100,100136,100,100804,100,100109,100,100941,100,100062,100,101018,100,100047,100,101208,100,100030,100,101365,100,99971,200,101711,100,99940,100
2019-06-28 09:54:26.229267514,100675,462,100647,462,100678,100,100406,300,100767,100,100336,100,100790,100,100136,100,100804,100,100109,100,100941,100,100062,100,101018,100,100047,100,101208,100,100030,100,101365,100,99971,200,101711,100,99940,100
2019-06-28 09:54:27.732680431,100675,462,100647,562,100678,100,100406,300,100767,100,100136,100,100790,100,100109,100,100804,100,100062,100,100941,100,100047,100,101018,100,100030,100,101208,100,99971,200,101365,100,99940,100,101711,100,99929,100
2019-06-28 09:54:30.000000000,100675,223,100647,323,100678,219,100406,419,100767,219,100136,219,100790,100,100109,100,100804,100,100062,100,100941,100,100047,100,101018,100,100030,100,101208,100,99971,200,101365,100,99940,100,101711,100,99929,100
2019-06-28 09:54:40.000000000,100675,462,100647,562,100678,100,100406,300,100767,100,100136,100,100790,100,100109,100,100804,100,100062,100,100941,100,100047,100,101018,100,100030,100,101208,100,99971,200,101365,100,99940,100,101711,100,99929,100
2019-06-28 09:54:50.000000000,100675,281,100647,381,100678,281,100406,481,100767,100,100136,100,100790,100,100109,100,100804,100,100062,100,100941,100,100047,100,101018,100,100030,100,101208,100,99971,200,101365,100,99940,100,101711,100,99929,100
2019-06-28 09:54:52.929184189,100675,281,100647,381,100678,281,100406,481,100767,100,100136,100,100790,100,100109,100,100804,100,100062,100,100941,100,100030,100,101018,100,99971,200,101208,100,99940,100,101365,100,99929,100,101591,100,99910,100
2019-06-28 09:54:59.384780053,100675,281,100647,481,100678,281,100406,481,100767,100,100136,100,100790,100,100109,100,100804,100,100062,100,100941,100,100030,100,101018,100,99971,200,101208,100,99940,100,101365,100,99929,100,101591,100,99910,100
2019-06-28 09:55:00.000000000,100675,190,100647,390,100678,190,100406,390,100767,190,100136,190,100790,190,100109,190,100804,100,100062,100,100941,100,100030,100,101018,100,99971,200,101208,100,99940,100,101365,100,99929,100,101591,100,99910,100
2019-06-28 09:55:10.000000000,100675,223,100647,423,100678,219,100406,419,100767,219,100136,219,100790,100,100109,100,100804,100,100062,100,100941,100,100030,100,101018,100,99971,200,101208,100,99940,100,101365,100,99929,100,101591,100,99910,100
2019-06-28 09:55:20.000000000,100675,172,100647,372,100678,172,100406,372,100767,172,100136,172,100790,172,100109,172,100804,172,100062,172,100941,100,100030,100,101018,100,99971,200,101208,100,99940,100,101365,100,99929,100,101591,100,99910,100
2019-06-28 09:55:30.000000000,100675,281,100647,481,100678,281,100406,481,100767,100,100136,100,100790,100,100109,100,100804,100,100062,100,100941,100,100030,100,101018,100,99971,200,101208,100,99940,100,101365,100,99929,100,101591,100,99910,100
2019-06-28 09:55:40.000000000,100675,223,100647,423,100678,219,100406,419,100767,219,100136,219,100790,100,100109,100,100804,100,100062,100,100941,100,100030,100,101018,100,99971,200,101208,100,99940,100,101365,100,99929,100,101591,100,99910,100
2019-06-28 09:55:50.000000000,100675,281,100647,481,100678,281,100406,481,100767,100,100136,100,100790,100,100109,100,100804,100,100062,100,100941,100,100030,100,101018,100,99971,200,101208,100,99940,100,101365,100,99929,100,101591,100,99910,100
2019-06-28 09:55:53.366745069,100675,181,100647,481,100678,281,100406,481,100767,100,100136,100,100790,100,100109,100,100804,100,100062,100,100941,100,100030,100,101018,100,99971,200,101208,100,99940,100,101365,100,99929,100,101591,100,99910,100
2019-06-28 09:55:55.478871223,100675,181,100647,481,100678,281,100406,481,100725,100,100136,100,100767,100,100109,100,100790,100,100062,100,100804,100,100030,100,100941,100,99971,200,101018,100,99940,100,101208,100,99929,100,101365,100,99910,100
2019-06-28 09:56:00.000000000,100678,281,100647,481,100725,281,100406,481,100767,100,100136,100,100790,100,100109,100,100804,100,100062,100,100941,100,100030,100,101018,100,99971,200,101208,100,99940,100,101365,100,99929,100,101591,100,99910,100
2019-06-28 09:56:10.000000000,100678,172,100647,372,100725,172,100406,372,100767,172,100136,172,100790,172,100109,172,100804,172,100062,172,100941,100,100030,100,101018,100,99971,200,101208,100,99940,100,101365,100,99929,100,101591,100,99910,100
2019-06-28 09:56:20.000000000,100678,462,100647,662,100725,100,100406,300,100767,100,100136,100,100790,100,100109,100,100804,100,100062,100,100941,100,100030,100,101018,100,99971,200,101208,100,99940,100,101365,100,99929,100,101591,100,99910,100
2019-06-28 09:56:28.964122557,100678,462,100647,662,100725,100,100406,300,100767,100,100136,100,100790,100,100109,100,100804,100,100062,100,100941,100,100030,100,101018,100,99971,200,101122,100,99940,100,101208,100,99929,100,101365,100,99910,100
2019-06-28 09:56:30.000000000,100678,462,100647,662,100725,100,100406,300,100767,100,100136,100,100790,100,100109,100,100804,100,100062,100,100941,100,100030,100,101018,100,99971,200,101122,100,99940,100,101208,100,99929,100,101365,100,99910,100
2019-06-28 09:56:40.000000000,100678,172,100647,372,100725,172,100406,372,100767,172,100136,172,100790,172,100109,172,100804,172,100062,172,100941,100,100030,100,101018,100,99971,200,101122,100,99940,100,101208,100,99929,100,101365,100,99910,100
2019-06-28 09:56:45.116800272,100678,172,100647,372,100725,172,100406,372,100767,172,100136,172,100790,172,100109,172,100804,172,100062,172,100941,100,100030,100,101018,100,99971,200,101122,100,99940,100,101208,100,99929,100,101365,100,99910,100
2019-06-28 09:56:47.568713421,100678,172,100647,372,100725,172,100406,372,100767,172,100136,172,100790,172,100109,172,100804,172,100062,172,100941,100,100030,100,101018,100,99971,200,101208,100,99940,100,101365,100,99929,100,101389,100,99910,100
2019-06-28 09:56:49.861412644,100678,172,100647,372,100725,172,100406,372,100767,172,100136,172,100790,172,100109,172,100804,172,100062,172,100941,100,100030,100,101018,100,99971,200,101182,100,99940,100,101208,100,99929,100,101365,100,99910,100
2019-06-28 09:56:50.000000000,100678,462,100647,662,100725,100,100406,300,100767,100,100136,100,100790,100,100109,100,100804,100,100062,100,100941,100,100030,100,101018,100,99971,200,101182,100,99940,100,101208,100,99929,100,101365,100,99910,100
2019-06-28 09:57:00.000000000,100678,172,100647,372,100725,172,100406,372,100767,172,100136,172,100790,172,100109,172,100804,172,100062,172,100941,100,100030,100,101018,100,99971,200,101182,100,99940,100,101208,100,99929,100,101365,100,99910,100
2019-06-28 09:57:02.007055053,100678,172,100647,372,100725,172,100406,372,100767,172,100136,172,100790,172,100109,172,100804,172,100062,172,100941,100,100030,100,101018,100,99971,100,101117,100,99940,100,101182,100,99929,100,101208,100,99910,100
2019-06-28 09:57:02.064802766,100678,172,100647,372,100725,172,100406,372,100767,172,100136,172,100790,72,100109,172,100804,172,100062,172,100941,100,100030,100,101018,100,99971,100,101117,100,99940,100,101182,100,99929,100,101208,100,99910,100
2019-06-28 09:57:10.000000000,100678,223,100647,423,100725,219,100406,419,100767,219,100136,219,100804,100,100109,100,100941,100,100062,100,101018,100,100030,100,101117,100,99971,100,101182,100,99940,100,101208,100,99929,100,101347,100,99910,100
2019-06-28 09:57:20.000000000,100678,462,100647,662,100725,100,100406,300,100767,100,100136,100,100804,100,100109,100,100941,100,100062,100,101018,100,100030,100,101117,100,99971,100,101182,100,99940,100,101208,100,99929,100,101347,100,99910,100
2019-06-28 09:57:30.000000000,100678,462,100647,662,100725,100,100406,300,100767,100,100136,100,100804,100,100109,100,100941,100,100062,100,101018,100,100030,100,101117,100,99971,100,101182,100,99940,100,101208,100,99929,100,101347,100,99910,100
2019-06-28 09:57:40.000000000,100678,281,100647,481,100725,281,100406,481,100767,100,100136,100,100804,100,100109,100,100941,100,100062,100,101018,100,100030,100,101117,100,99971,100,101182,100,99940,100,101208,100,99929,100,101347,100,99910,100
2019-06-28 09:57:43.980723160,100678,281,100647,481,100725,281,100406,481,100767,100,100136,100,100804,100,100109,100,100941,100,100062,100,101018,100,100030,100,101105,100,99971,100,101117,100,99940,100,101182,100,99929,100,101208,100,99910,100
2019-06-28 09:57:45.820698233,100678,281,100647,481,100725,281,100406,481,100767,100,100136,100,100804,100,100109,100,100941,100,100062,100,100963,100,100030,100,101018,100,99971,100,101105,100,99940,100,101117,100,99929,100,101182,100,99910,100
2019-06-28 09:57:50.000000000,100678,462,100647,662,100725,100,100406,300,100767,100,100136,100,100804,100,100109,100,100941,100,100062,100,100963,100,100030,100,101018,100,99971,100,101105,100,99940,100,101117,100,99929,100,101182,100,99910,100
2019-06-28 09:58:00.000000000,100678,223,100647,423,100725,219,100406,419,100767,219,100136,219,100804,100,100109,100,100941,100,100062,100,100963,100,100030,100,101018,100,99971,100,101105,100,99940,100,101117,100,99929,100,101182,100,99910,100
2019-06-28 09:58:10.000000000,100678,281,100647,481,100725,281,100406,481,100767,100,100136,100,100804,100,100109,100,100941,100,100062,100,100963,100,100030,100,101018,100,99971,100,101105,100,99940,100,101117,100,99929,100,101182,100,99910,100
2019-06-28 09:58:14.011610677,100678,281,100665,100,100725,281,100647,381,100767,100,100406,481,100804,100,100136,100,100941,100,100109,100,100963,100,100062,100,101018,100,100030,100,101105,100,99971,100,101117,100,99940,100,101182,100,99929,100
2019-06-28 09:58:20.000000000,100678,223,100665,223,100725,219,100647,319,100767,219,100406,419,100804,100,100136,100,100941,100,100109,100,100963,100,100062,100,101018,100,100030,100,101105,100,99971,100,101117,100,99940,100,101182,100,99929,100
2019-06-28 09:58:30.000000000,100678,223,100665,223,100725,219,100647,319,100767,219,100406,419,100804,100,100136,100,100941,100,100109,100,100963,100,100062,100,101018,100,100030,100,101105,100,99971,100,101117,100,99940,100,101182,100,99929,100
2019-06-28 09:58:40.000000000,100678,223,100665,223,100725,219,100647,319,100767,219,100406,419,100804,100,100136,100,100941,100,100109,100,100963,100,100062,100,101018,100,100030,100,101105,100,99971,100,101117,100,99940,100,101182,100,99929,100
2019-06-28 09:58:41.835643282,100678,223,100665,323,100725,219,100647,319,100767,219,100406,419,100804,100,100136,100,100941,100,100109,100,100963,100,100062,100,101018,100,100030,100,101105,100,99971,100,101117,100,99940,100,101182,100,99929,100
2019-06-28 09:58:42.195870967,100678,223,100665,423,100725,219,100647,319,100767,219,100406,319,100804,100,100136,100,100941,100,100109,100,100963,100,100062,100,101018,100,100030,100,101105,100,99971,100,101117,100,99940,100,101182,100,99929,100
2019-06-28 09:58:50.000000000,100678,281,100665,481,100725,281,100647,381,100767,100,100406,200,100804,100,100136,100,100941,100,100109,100,100963,100,100062,100,101018,100,100030,100,101105,100,99971,100,101117,100,99940,100,101182,100,99929,100
2019-06-28 09:59:00.000000000,100678,462,100665,662,100725,100,100647,200,100767,100,100406,200,100804,100,100136,100,100941,100,100109,100,100963,100,100062,100,101018,100,100030,100,101105,100,99971,100,101117,100,99940,100,101182,100,99929,100
2019-06-28 09:59:03.767924351,100678,362,100665,662,100725,100,100647,200,100767,100,100406,200,100804,100,100136,100,100941,100,100109,100,100963,100,100062,100,101018,100,100030,100,101105,100,99971,100,101117,100,99940,100,101182,100,99910,100
2019-06-28 09:59:07.482540012,100678,262,100665,662,100725,100,100647,200,100767,100,100406,200,100804,100,100136,100,100941,100,100109,100,100963,100,100062,100,101018,100,100030,100,101105,100,99971,100,101117,100,99940,100,101182,100,99910,100
2019-06-28 09:59:10.000000000,100725,462,100665,662,100767,100,100647,200,100804,100,100406,200,100941,100,100136,100,100963,100,100109,100,101018,100,100062,100,101105,100,100030,100,101117,100,99971,100,101182,100,99940,100,101208,100,99910,100
2019-06-28 09:59:20.000000000,100725,223,100665,423,100767,219,100647,319,100804,219,100406,319,100941,100,100136,100,100963,100,100109,100,101018,100,100062,100,101105,100,100030,100,101117,100,99971,100,101182,100,99940,100,101208,100,99910,100
2019-06-28 09:59:30.000000000,100725,462,100665,662,100767,100,100647,200,100804,100,100406,200,100941,100,100136,100,100963,100,100109,100,101018,100,100062,100,101105,100,100030,100,101117,100,99971,100,101182,100,99940,100,101208,100,99910,100
2019-06-28 09:59:33.941742650,100725,462,100678,100,100767,100,100665,662,100804,100,100647,100,100941,100,100406,200,100963,100,100136,100,101018,100,100109,100,101105,100,100062,100,101117,100,100030,100,101182,100,99971,100,101208,100,99940,100
2019-06-28 09:59:40.000000000,100725,190,100678,190,100767,190,100665,390,100804,190,100647,190,100941,190,100406,290,100963,100,100136,100,101018,100,100109,100,101105,100,100062,100,101117,100,100030,100,101182,100,99971,100,101208,100,99940,100
2019-06-28 09:59:41.535411441,100725,90,100678,190,100767,190,100665,390,100804,190,100647,190,100941,190,100406,290,100963,100,100136,100,101018,100,100109,100,101105,100,100062,100,101117,100,100030,100,101182,100,99971,100,101208,100,99940,100
2019-06-28 09:59:48.386883958,100767,190,100725,10,100804,190,100678,190,100941,190,100665,390,100963,100,100647,190,101018,100,100406,290,101105,100,100109,100,101117,100,100062,100,101182,100,100030,100,101208,100,99971,100,101347,100,99940,100
2019-06-28 09:59:50.000000000,100767,223,100725,133,100804,219,100678,219,100941,219,100665,419,100963,100,100647,100,101018,100,100406,200,101105,100,100109,100,101117,100,100062,100,101182,100,100030,100,101208,100,99971,100,101347,100,99940,100
2019-06-28 10:00:00.000000000,100767,223,100725,133,100804,219,100678,219,100941,219,100665,419,100963,100,100647,100,101018,100,100406,200,101105,100,100109,100,101117,100,100062,100,101182,100,100030,100,101208,100,99971,100,101347,100,99940,100
2019-06-28 10:00:00.673882462,100767,223,100725,133,100804,219,100678,219,100941,219,100665,419,100963,100,100647,100,101018,100,100406,200,101105,100,100109,100,101117,100,100062,100,101182,100,100030,100,101208,100,99971,100,101347,100,99940,100
2019-06-28 10:00:02.150451850,100767,123,100725,133,100804,219,100678,219,100941,219,100665,419,100963,100,100647,100,101018,100,100406,200,101105,100,100109,100,101117,100,100062,100,101182,100,100030,100,101208,100,99971,100,101347,100,99940,100
2019-06-28 10:00:09.101826569,100767,123,100725,133,100804,219,100678,219,100941,219,100665,419,100963,100,100647,100,101018,100,100406,200,101105,100,100109,100,101117,100,100062,100,101182,100,100030,100,101208,100,99971,100,101347,100,99940,100
2019-06-28 10:00:10.000000000,100804,462,100725,372,100941,100,100678,100,100963,100,100665,300,101018,100,100647,100,101105,100,100406,200,101117,100,100109,100,101182,100,100062,100,101208,100,100030,100,101347,100,99971,100,101365,100,99940,100
2019-06-28 10:00:20.000000000,100804,281,100725,191,100941,281,100678,281,100963,100,100665,300,101018,100,100647,100,101105,100,100406,200,101117,100,100109,100,101182,100,100062,100,101208,100,100030,100,101347,100,99971,100,101365,100,99940,100
2019-06-28 10:00:23.569100622,100804,181,100725,191,100941,281,100678,281,100963,100,100665,300,101018,100,100647,100,101105,100,100406,200,101117,100,100109,100,101182,100,100062,100,101208,100,100030,100,101347,100,99971,100,101365,100,99940,100
2019-06-28 10:00:30.000000000,100941,223,100725,133,100963,219,100678,219,101018,219,100665,419,101105,100,100647,100,101117,100,100406,200,101182,100,100109,100,101208,100,100062,100,101347,100,100030,100,101365,100,99971,100,101389,100,99940,100
2019-06-28 10:00:40.000000000,100941,223,100725,133,100963,219,100678,219,101018,219,100665,419,101105,100,100647,100,101117,100,100406,200,101182,100,100109,100,101208,100,100062,100,101347,100,100030,100,101365,100,99971,100,101389,100,99940,100
2019-06-28 10:00:42.658220033,100941,123,100725,133,100963,219,100678,219,101018,219,100665,419,101105,100,100647,100,101117,100,100406,200,101182,100,100109,100,101208,100,100062,100,101347,100,100030,100,101365,100,99971,100,101389,100,99940,100
2019-06-28 10:00:50.000000000,100963,281,100725,191,101018,281,100678,281,101105,100,100665,300,101117,100,100647,100,101182,100,100406,200,101208,100,100109,100,101347,100,100062,100,101365,100,100030,100,101389,100,99971,100,101397,100,99940,100
2019-06-28 10:00:53.875694293,100963,281,100725,191,101018,281,100678,181,101105,100,100665,300,101117,100,100647,100,101182,100,100406,200,101208,100,100109,100,101347,100,100062,100,101365,100,100030,100,101389,100,99971,100,101397,100,99940,100
2019-06-28 10:01:00.000000000,100963,172,100725,82,101018,172,100665,372,101105,172,100647,172,101117,172,100406,272,101182,172,100109,172,101208,100,100062,100,101347,100,100030,100,101365,100,99971,100,101389,100,99940,100,101397,100,99910,100
2019-06-28 10:01:10.000000000,100963,172,100725,82,101018,172,100665,372,101105,172,100647,172,101117,172,100406,272,101182,172,100109,172,101208,100,100062,100,101347,100,100030,100,101365,100,99971,100,101389,100,99940,100,101397,100,99910,100
2019-06-28 10:01:20.000000000,100963,281,100725,191,101018,281,100665,481,101105,100,100647,100,101117,100,100406,200,101182,100,100109,100,101208,100,100062,100,101347,100,100030,100,101365,100,99971,100,101389,100,99940,100,101397,100,99910,100
2019-06-28 10:01:30.000000000,100963,190,100725,100,101018,190,100665,390,101105,190,100647,190,101117,190,100406,290,101182,100,100109,100,101208,100,100062,100,101347,100,100030,100,101365,100,99971,100,101389,100,99940,100,101397,100,99910,100
2019-06-28 10:01:40.000000000,100963,223,100725,133,101018,219,100665,419,101105,219,100647,219,101117,100,100406,200,101182,100,100109,100,101208,100,100062,100,101347,100,100030,100,101365,100,99971,100,101389,100,99940,100,101397,100,99910,100
2019-06-28 10:01:50.000000000,100963,223,100725,133,101018,219,100665,419,101105,219,100647,219,101117,100,100406,200,101182,100,100109,100,101208,100,100062,100,101347,100,100030,100,101365,100,99971,100,101389,100,99940,100,101397,100,99910,100
2019-06-28 10:02:00.000000000,100963,172,100725,82,101018,172,100665,372,101105,172,100647,172,101117,172,100406,272,101182,172,100109,172,101208,100,100062,100,101347,100,100030,100,101365,100,99971,100,101389,100,99940,100,101397,100,99910,100
2019-06-28 10:02:01.920805656,100963,72,100725,82,101018,172,100665,372,101105,172,100647,172,101117,172,100406,272,101182,172,100109,172,101208,100,100062,100,101347,100,100030,100,101365,100,99971,100,101389,100,99940,100,101508,100,99910,100
2019-06-28 10:02:06.799928742,101018,172,100963,28,101105,172,100725,82,101117,172,100665,372,101182,172,100647,172,101208,100,100406,272,101347,100,100109,172,101365,100,100062,100,101389,100,100030,100,101508,100,99971,100,101586,100,99940,100
2019-06-28 10:02:10.000000000,101018,281,100963,209,101105,281,100725,191,101117,100,100665,300,101182,100,100647,100,101208,100,100406,200,101347,100,100109,100,101365,100,100062,100,101389,100,100030,100,101508,100,99971,100,101586,100,99940,100
2019-06-28 10:02:12.384144499,101018,281,100963,209,101105,281,100725,191,101117,100,100665,300,101182,100,100647,100,101208,100,100406,200,101347,100,100109,100,101365,100,100062,100,101389,100,100030,100,101508,100,99971,100,101586,100,99940,100
2019-06-28 10:02:20.000000000,101018,462,100963,390,101105,100,100725,10,101117,100,100665,300,101182,100,100647,100,101208,100,100406,200,101347,100,100109,100,101365,100,100062,100,101389,100,100030,100,101508,100,99971,100,101586,100,99940,100
2019-06-28 10:02:30.000000000,101018,462,100963,390,101105,100,100725,10,101117,100,100665,300,101182,100,100647,100,101208,100,100406,200,101347,100,100109,100,101365,100,100062,100,101389,100,100030,100,101508,100,99971,100,101586,100,99940,100
2019-06-28 10:02:40.000000000,101018,190,100963,118,101105,190,100725,100,101117,190,100665,390,101182,190,100647,190,101208,100,100406,200,101347,100,100109,100,101365,100,100062,100,101389,100,100030,100,101508,100,99971,100,101586,100,99940,100
2019-06-28 10:02:50.000000000,101018,172,100963,100,101105,172,100725,82,101117,172,100665,372,101182,172,100647,172,101208,172,100406,272,101347,100,100109,100,101365,100,100062,100,101389,100,100030,100,101508,100,99971,100,101586,100,99940,100
2019-06-28 10:03:00.000000000,101018,462,100963,390,101105,100,100725,10,101117,100,100665,300,101182,100,100647,100,101208,100,100406,200,101347,100,100109,100,101365,100,100062,100,101389,100,100030,100,101508,100,99971,100,101586,100,99940,100
2019-06-28 10:03:04.141869016,101018,462,100963,390,101105,100,100725,10,101117,100,100665,300,101182,100,100647,100,101208,100,100406,200,101347,100,100109,100,101365,100,100062,100,101389,100,100030,100,101508,100,99971,100,101524,100,99940,100
2019-06-28 10:03:10.000000000,101018,281,100963,209,101105,281,100725,191,101117,100,100665,300,101182,100,100647,100,101208,100,100406,200,101347,100,100109,100,101365,100,100062,100,101389,100,100030,100,101508,100,99971,100,101524,100,99940,100
2019-06-28 10:03:20.000000000,101018,172,100963,100,101105,172,100725,82,101117,172,100665,372,101182,172,100647,172,101208,172,100406,272,101347,100,100109,100,101365,100,100062,100,101389,100,100030,100,101508,100,99971,100,101524,100,99940,100
2019-06-28 10:03:30.000000000,101018,190,100963,118,101105,190,100725,100,101117,190,100665,390,101182,190,100647,190,101208,100,100406,200,101347,100,100109,100,101365,100,100062,100,101389,100,100030,100,101508,100,99971,100,101524,100,99940,100
2019-06-28 10:03:31.982362732,101018,190,100963,118,101105,190,100835,100,101117,190,100725,100,101182,190,100665,390,101208,100,100647,190,101347,100,100406,200,101365,100,100109,100,101389,100,100062,100,101508,100,100030,100,101524,100,99971,100
2019-06-28 10:03:40.000000000,101018,190,100963,118,101105,190,100835,190,101117,190,100725,100,101182,190,100665,390,101208,100,100647,100,101347,100,100406,200,101365,100,100109,100,101389,100,100062,100,101508,100,100030,100,101524,100,99971,100
2019-06-28 10:03:50.000000000,101018,223,100963,151,101105,219,100835,219,101117,219,100725,129,101182,100,100665,300,101208,100,100647,100,101347,100,100406,200,101365,100,100109,100,101389,100,100062,100,101508,100,100030,100,101524,100,99971,100
2019-06-28 10:04:00.000000000,101018,223,100963,151,101105,219,100835,219,101117,219,100725,129,101182,100,100665,300,101208,100,100647,100,101347,100,100406,200,101365,100,100109,100,101389,100,100062,100,101508,100,100030,100,101524,100,99971,100
2019-06-28 10:04:01.366772628,101018,223,100963,151,101105,219,100835,219,101117,219,100725,129,101182,100,100665,300,101208,100,100647,100,101347,100,100406,200,101365,100,100062,100,101389,100,100030,100,101508,100,99971,100,101524,100,99940,100
2019-06-28 10:04:10.000000000,101018,223,100963,151,101105,219,100835,219,101117,219,100725,129,101182,100,100665,300,101208,100,100647,100,101347,100,100406,200,101365,100,100062,100,101389,100,100030,100,101508,100,99971,100,101524,100,99940,100
2019-06-28 10:04:20.000000000,101018,462,100963,390,101105,100,100835,100,101117,100,100725,10,101182,100,100665,300,101208,100,100647,100,101347,100,100406,200,101365,100,100062,100,101389,100,100030,100,101508,100,99971,100,101524,100,99940,100
2019-06-28 10:04:30.000000000,101018,172,100963,100,101105,172,100835,172,101117,172,100725,82,101182,172,100665,372,101208,172,100647,172,101347,100,100406,200,101365,100,100062,100,101389,100,100030,100,101508,100,99971,100,101524,100,99940,100
2019-06-28 10:04:30.139505410,101018,172,100963,100,101105,172,100835,172,101117,172,100725,82,101182,172,100665,372,101208,72,100647,172,101228,100,100406,200,101347,100,100062,100,101365,100,100030,100,101389,100,99971,100,101508,100,99940,100
2019-06-28 10:04:32.397627927,101018,172,100963,100,101105,172,100835,172,101117,172,100725,82,101182,172,100665,372,101208,72,100647,172,101228,100,100406,200,101347,100,100062,100,101365,100,100030,100,101389,100,99971,100,101470,100,99940,100
2019-06-28 10:04:39.643144338,101018,72,100963,100,101105,172,100835,172,101117,172,100725,82,101182,172,100665,372,101208,72,100647,172,101228,100,100406,200,101347,100,100062,100,101365,100,100030,100,101389,100,99971,100,101470,100,99940,100
2019-06-28 10:04:40.000000000,101105,223,100963,151,101117,219,100835,219,101182,219,100725,129,101228,100,100665,300,101347,100,100647,100,101365,100,100406,200,101389,100,100062,100,101470,100,100030,100,101508,100,99971,100,101586,100,99940,100
2019-06-28 10:04:50.000000000,101105,223,100963,151,101117,219,100835,219,101182,219,100725,129,101228,100,100665,300,101347,100,100647,100,101365,100,100406,200,101389,100,100062,100,101470,100,100030,100,101508,100,99971,100,101586,100,99940,100
2019-06-28 10:05:00.000000000,101105,281,100963,209,101117,281,100835,281,101182,100,100725,10,101228,100,100665,300,101347,100,100647,100,101365,100,100406,200,101389,100,100062,100,101470,100,100030,100,101508,100,99971,100,101586,100,99940,100
2019-06-28 10:05:10.000000000,101105,190,100963,118,101117,190,100835,190,101182,190,100725,100,101228,190,100665,390,101347,100,100647,100,101365,100,100406,200,101389,100,100062,100,101470,100,100030,100,101508,100,99971,100,101586,100,99940,100
2019-06-28 10:05:17.484024168,101105,190,100963,118,101117,190,100835,190,101182,190,100725,100,101228,190,100665,390,101347,100,100647,100,101365,100,100406,200,101389,100,100062,100,101470,100,100030,100,101508,100,99971,100,101586,100,99940,100
2019-06-28 10:05:20.000000000,101105,281,100963,209,101117,281,100835,281,101182,100,100725,10,101228,100,100665,300,101347,100,100647,100,101365,100,100406,200,101389,100,100062,100,101470,100,100030,100,101508,100,99971,100,101586,100,99940,100
2019-06-28 10:05:26.388613674,101105,281,100964,100,101117,281,100963,209,101182,100,100835,281,101228,100,100725,10,101347,100,100665,300,101365,100,100647,100,101389,100,100406,200,101470,100,100062,100,101508,100,100030,100,101586,100,99971,100
2019-06-28 10:05:27.247826267,101105,281,100964,100,101117,281,100963,209,101143,100,100835,281,101182,100,100725,10,101228,100,100665,300,101347,100,100647,100,101365,100,100406,200,101389,100,100062,100,101470,100,100030,100,101508,100,99971,100
2019-06-28 10:05:29.072571473,101105,281,100964,100,101117,281,100963,209,101143,100,100835,281,101182,100,100725,10,101228,100,100665,300,101244,100,100647,100,101347,100,100406,200,101365,100,100062,100,101389,100,100030,100,101470,100,99971,100
2019-06-28 10:05:30.000000000,101105,190,100964,190,101117,190,100963,118,101143,190,100835,190,101182,190,100725,100,101228,100,100665,300,101244,100,100647,100,101347,100,100406,200,101365,100,100062,100,101389,100,100030,100,101470,100,99971,100
2019-06-28 10:05:33.515478333,101105,190,100964,190,101117,190,100963,118,101143,190,100835,190,101182,190,100725,100,101228,100,100665,300,101244,100,100647,100,101299,100,100406,200,101347,100,100062,100,101365,100,100030,100,101389,100,99971,100
2019-06-28 10:05:37.367168269,101105,190,100964,190,101106,100,100963,118,101117,190,100835,190,101143,190,100725,100,101182,190,100665,300,101228,100,100647,100,101244,100,100406,200,101299,100,100062,100,101347,100,100030,100,101365,100,99971,100
2019-06-28 10:05:40.000000000,101105,281,100964,281,101106,281,100963,209,101117,100,100835,100,101143,100,100725,10,101182,100,100665,300,101228,100,100647,100,101244,100,100406,200,101299,100,100062,100,101347,100,100030,100,101365,100,99971,100
2019-06-28 10:05:50.000000000,101105,223,100964,223,101106,219,100963,147,101117,219,100835,219,101143,100,100725,10,101182,100,100665,300,101228,100,100647,100,101244,100,100406,200,101299,100,100062,100,101347,100,100030,100,101365,100,99971,100
2019-06-28 10:05:50.884357298,101105,223,100964,223,101106,219,100963,147,101117,219,100835,219,101143,100,100725,10,101182,100,100665,300,101228,100,100647,100,101244,100,100406,200,101299,100,100062,100,101347,100,100030,100,101349,100,99971,100
2019-06-28 10:05:54.289147033,101105,123,100964,223,101106,219,100963,147,101117,219,100835,219,101143,100,100725,10,101182,100,100665,300,101228,100,100647,100,101244,100,100406,200,101299,100,100062,100,101347,100,100030,100,101349,100,99971,100
2019-06-28 10:06:00.000000000,101106,462,100964,462,101117,100,100963,28,101143,100,100835,100,101182,100,100725,10,101228,100,100665,300,101244,100,100647,100,101299,100,100406,200,101347,100,100062,100,101349,100,100030,100,101365,100,99971,100
2019-06-28 10:06:10.000000000,101106,223,100964,223,101117,219,100963,147,101143,219,100835,219,101182,100,100725,10,101228,100,100665,300,101244,100,100647,100,101299,100,100406,200,101347,100,100062,100,101349,100,100030,100,101365,100,99971,100
2019-06-28 10:06:20.000000000,101106,190,100964,190,101117,190,100963,118,101143,190,100835,190,101182,190,100725,100,101228,100,100665,300,101244,100,100647,100,101299,100,100406,200,101347,100,100062,100,101349,100,100030,100,101365,100,99971,100
2019-06-28 10:06:30.000000000,101106,190,100964,190,101117,190,100963,118,101143,190,100835,190,101182,190,100725,100,101228,100,100665,300,101244,100,100647,100,101299,100,100406,200,101347,100,100062,100,101349,100,100030,100,101365,100,99971,100
2019-06-28 10:06:31.181473765,101106,190,100964,190,101117,190,100963,118,101143,190,100922,100,101182,190,100835,190,101228,100,100725,100,101244,100,100665,300,101299,100,100647,100,101347,100,100406,200,101349,100,100062,100,101365,100,100030,100
2019-06-28 10:06:33.305105499,101072,100,100964,190,101106,190,100963,118,101117,190,100922,100,101143,190,100835,190,101182,190,100725,100,101228,100,100665,300,101244,100,100647,100,101299,100,100406,200,101347,100,100062,100,101349,100,100030,100
