,ask_price_1,ask_size_1,bid_price_1,bid_size_1,ask_price_2,ask_size_2,bid_price_2,bid_size_2,ask_price_3,ask_size_3,bid_price_3,bid_size_3,ask_price_4,ask_size_4,bid_price_4,bid_size_4,ask_price_5,ask_size_5,bid_price_5,bid_size_5,ask_price_6,ask_size_6,bid_price_6,bid_size_6,ask_price_7,ask_size_7,bid_price_7,bid_size_7,ask_price_8,ask_size_8,bid_price_8,bid_size_8,ask_price_9,ask_size_9,bid_price_9,bid_size_9,ask_price_10,ask_size_10,bid_price_10,bid_size_10
2019-06-28 09:30:00.000000002,99922,100,,,100014,100,,,,,,,,,,,,,,,,,,,,,,,,,,,,,,,,,,
2019-06-28 09:30:00.000000005,100014,100,99893,100,100080,100,,,,,,,,,,,,,,,,,,,,,,,,,,,,,,,,,,
2019-06-28 09:30:00.000000006,100014,100,99893,100,100024,100,,,100080,100,,,,,,,,,,,,,,,,,,,,,,,,,,,,,,
2019-06-28 09:30:00.000000007,100014,100,99950,100,100019,100,99900,100,100024,100,99893,100,100080,100,,,,,,,,,,,,,,,,,,,,,,,,,,
2019-06-28 09:30:00.000000010,100014,100,99950,100,100019,100,99900,100,100024,100,99893,100,100080,100,,,100086,100,,,,,,,,,,,,,,,,,,,,,,
2019-06-28 09:30:00.000000011,100019,100,99950,100,100024,100,99900,100,100025,100,99893,100,100080,100,,,100086,100,,,,,,,,,,,,,,,,,,,,,,
2019-06-28 09:30:00.000000012,100019,100,99950,100,100024,100,99900,100,100025,100,99893,100,100080,100,,,100086,100,,,100123,100,,,,,,,,,,,,,,,,,,
2019-06-28 09:30:00.000000017,100019,100,99950,100,100024,100,99922,100,100025,100,99900,100,100080,100,99893,100,100086,100,,,100123,100,,,,,,,,,,,,,,,,,,
2019-06-28 09:30:00.000000020,100019,100,99950,100,100024,100,99922,100,100025,100,99900,100,100080,100,99893,100,100086,100,,,100123,100,,,,,,,,,,,,,,,,,,
2019-06-28 09:30:00.000000021,100019,100,99950,100,100024,100,99931,100,100025,100,99922,100,100080,100,99900,100,100086,100,99893,100,100123,100,,,,,,,,,,,,,,,,,,
2019-06-28 09:30:00.000000023,100019,100,99976,100,100024,100,99950,100,100025,100,99931,100,100074,100,99922,100,100080,100,99900,100,100086,100,99893,100,100109,100,99812,100,100123,100,,,,,,,,,,
2019-06-28 09:30:00.000000024,100019,100,99976,100,100024,100,99950,100,100025,100,99931,100,100074,100,99922,100,100080,100,99920,100,100086,100,99900,100,100109,100,99893,100,100123,100,99863,100,,,99812,100,,,,
2019-06-28 09:30:00.000000027,100019,100,99976,100,100024,100,99950,100,100025,100,99948,100,100074,100,99931,100,100080,100,99922,100,100086,100,99920,100,100109,100,99900,100,100123,100,99893,100,,,99863,100,,,99812,100
2019-06-28 09:30:00.000000028,100019,100,99976,100,100024,100,99950,100,100025,100,99948,100,100074,100,99931,100,100080,100,99922,100,100082,100,99920,100,100086,100,99900,100,100109,100,99893,100,100123,100,99863,100,,,99812,100
2019-06-28 09:30:00.000000029,100014,100,99976,100,100019,100,99950,100,100024,100,99948,100,100025,100,99931,100,100074,100,99922,100,100080,100,99920,100,100082,100,99900,100,100086,100,99893,100,100109,100,99882,100,100123,100,99863,100
2019-06-28 09:30:00.000000030,100014,100,99976,100,100019,100,99950,100,100024,100,99948,100,100025,100,99931,100,100074,100,99922,100,100080,100,99920,100,100082,100,99900,100,100086,100,99893,100,100109,100,99882,100,100123,100,99871,100
2019-06-28 09:30:00.000000031,100014,100,99976,100,100019,100,99950,100,100024,100,99948,100,100025,100,99931,100,100028,100,99922,100,100074,100,99921,100,100080,100,99920,100,100082,100,99900,100,100086,100,99893,100,100109,100,99882,100
2019-06-28 09:30:00.000000037,100014,100,99976,100,100019,100,99950,100,100024,100,99948,100,100025,100,99931,100,100028,100,99922,100,100045,100,99921,100,100074,100,99920,100,100080,100,99900,100,100082,100,99893,100,100086,100,99882,100
2019-06-28 09:30:00.000000039,100014,200,99976,100,100019,100,99950,100,100024,100,99948,100,100025,100,99931,100,100028,100,99922,100,100045,100,99921,100,100074,100,99920,100,100080,100,99900,100,100082,100,99893,100,100086,100,99882,100
2019-06-28 09:30:00.000000041,100014,200,99976,200,100019,100,99950,200,100024,100,99948,100,100025,100,99931,100,100028,100,99922,100,100045,100,99921,100,100074,100,99920,100,100080,100,99900,100,100082,100,99893,100,100086,100,99882,100
2019-06-28 09:30:00.000000048,100014,200,99976,200,100019,100,99950,200,100024,100,99948,100,100025,100,99931,100,100028,100,99922,100,100045,100,99921,100,100074,100,99920,100,100080,100,99900,100,100082,100,99893,100,100085,100,99882,100
2019-06-28 09:30:00.000000051,100014,200,99976,200,100019,100,99950,200,100024,100,99948,100,100025,100,99931,100,100028,100,99922,100,100045,100,99921,100,100074,100,99920,100,100080,100,99900,100,100082,100,99898,100,100085,100,99893,100
2019-06-28 09:30:00.000000052,100014,200,99976,200,100019,100,99950,200,100024,100,99948,100,100025,100,99931,100,100028,100,99922,100,100045,100,99921,100,100074,100,99920,100,100080,100,99900,100,100082,100,99898,100,100085,100,99893,100
2019-06-28 09:30:00.000000054,100014,300,99976,200,100019,100,99950,200,100024,100,99948,100,100025,100,99931,100,100028,100,99922,100,100045,100,99921,100,100074,100,99920,100,100080,100,99900,100,100082,100,99898,100,100085,100,99893,100
2019-06-28 09:30:00.000000058,100014,400,99976,200,100019,100,99950,200,100024,100,99948,100,100025,100,99931,100,100028,100,99922,100,100045,100,99921,100,100074,100,99920,100,100080,100,99900,100,100082,100,99898,100,100085,100,99893,100
2019-06-28 09:30:00.000000063,100014,400,99976,300,100019,100,99950,200,100024,100,99948,100,100025,100,99931,100,100028,100,99922,100,100045,100,99921,100,100074,100,99920,100,100080,100,99900,100,100082,100,99898,100,100085,100,99893,100
2019-06-28 09:30:00.000000065,100014,400,99976,400,100019,100,99950,200,100024,100,99948,100,100025,100,99931,100,100028,100,99922,100,100045,100,99921,100,100074,100,99920,100,100080,100,99900,100,100082,100,99898,100,100085,100,99893,100
2019-06-28 09:30:00.000000066,100014,400,99976,400,100019,100,99950,200,100024,100,99948,100,100025,100,99931,100,100028,100,99922,100,100045,100,99921,100,100074,100,99920,100,100080,100,99904,100,100082,100,99900,100,100085,100,99898,100
2019-06-28 09:30:00.000000068,100014,400,99976,400,100019,100,99950,200,100024,100,99948,100,100025,100,99931,100,100028,100,99922,100,100045,100,99921,100,100074,100,99920,100,100080,100,99904,100,100082,100,99900,100,100085,100,99898,100
2019-06-28 09:30:00.000000069,100014,400,99976,500,100019,100,99950,200,100024,100,99948,100,100025,100,99931,100,100028,100,99922,100,100045,100,99921,100,100074,100,99920,100,100080,100,99912,100,100082,100,99904,100,100085,100,99900,100
2019-06-28 09:30:00.000000073,100014,400,99976,400,100019,100,99950,200,100024,100,99948,100,100025,100,99931,100,100028,100,99922,100,100045,100,99921,100,100074,100,99920,100,100080,100,99912,100,100082,100,99904,100,100085,100,99900,100
2019-06-28 09:30:00.000000074,100014,400,100000,100,100019,100,99982,100,100024,100,99976,400,100025,100,99950,200,100028,100,99948,100,100045,100,99931,100,100074,100,99922,100,100080,100,99921,100,100082,100,99920,100,100085,100,99912,100
2019-06-28 09:30:00.000000075,100013,100,100000,100,100014,300,99982,100,100019,100,99976,400,100024,100,99950,200,100025,100,99948,100,100028,100,99931,100,100045,100,99922,100,100074,100,99921,100,100080,100,99920,100,100082,100,99912,100
2019-06-28 09:30:00.000000076,100013,100,100000,100,100014,300,99982,100,100016,100,99976,400,100019,100,99950,200,100024,100,99948,100,100025,100,99931,100,100028,100,99922,100,100045,100,99921,100,100074,100,99920,100,100080,100,99912,100
2019-06-28 09:30:00.000000078,100013,100,100000,100,100014,300,99982,100,100016,100,99976,400,100019,100,99950,200,100024,100,99948,100,100025,100,99931,100,100028,100,99922,100,100045,100,99921,100,100074,100,99920,100,100080,100,99912,100
2019-06-28 09:30:00.000000079,100013,100,100000,100,100014,300,99982,100,100016,100,99976,400,100019,100,99950,200,100024,100,99948,100,100025,100,99931,100,100028,100,99922,100,100045,100,99921,100,100074,100,99920,100,100080,100,99912,100
2019-06-28 09:30:00.000000081,100013,100,100000,100,100014,300,99982,100,100016,100,99976,400,100019,100,99960,100,100024,100,99950,200,100025,100,99948,100,100028,100,99931,100,100045,100,99922,100,100057,100,99921,100,100074,100,99920,100
2019-06-28 09:30:00.000000083,100013,100,100000,100,100014,300,99982,100,100016,100,99976,400,100019,100,99960,100,100024,100,99950,200,100025,100,99948,100,100028,100,99931,100,100045,100,99922,100,100057,100,99921,100,100074,100,99920,100
2019-06-28 09:30:00.000000084,100013,200,100005,100,100014,300,100000,100,100016,100,99982,100,100019,100,99976,400,100024,100,99960,100,100025,100,99950,200,100028,100,99948,100,100045,100,99931,100,100057,100,99922,100,100074,100,99921,100
2019-06-28 09:30:00.000000086,100013,200,100005,100,100014,300,100000,100,100016,100,99982,100,100019,100,99976,400,100020,100,99960,100,100024,100,99950,200,100025,100,99948,100,100028,100,99931,100,100045,100,99922,100,100057,100,99921,100
2019-06-28 09:30:00.000000088,100013,200,100005,100,100014,300,100000,100,100016,100,99982,100,100019,100,99976,400,100020,100,99960,100,100024,100,99950,200,100025,100,99948,100,100028,100,99931,100,100045,100,99922,100,100046,100,99921,100
2019-06-28 09:30:00.000000090,100013,200,100005,100,100014,300,100000,100,100016,100,99982,100,100019,100,99976,400,100020,100,99960,100,100024,100,99950,200,100025,100,99948,100,100028,100,99931,100,100045,100,99922,100,100046,100,99921,100
2019-06-28 09:30:00.000000091,100013,200,100005,100,100014,300,100000,100,100016,100,99982,100,100019,100,99976,400,100020,100,99960,100,100024,100,99950,200,100025,100,99948,100,100028,100,99931,100,100045,100,99922,100,100046,100,99921,100
2019-06-28 09:30:00.000000095,100013,300,100005,100,100014,300,100000,100,100016,100,99982,100,100019,100,99976,400,100020,100,99960,100,100024,100,99950,200,100025,100,99948,100,100028,100,99931,100,100045,100,99922,100,100046,100,99921,100
2019-06-28 09:30:00.000000099,100013,300,100005,100,100014,300,100000,100,100016,100,99982,100,100019,100,99976,400,100020,100,99960,100,100021,100,99950,200,100024,100,99948,100,100025,100,99931,100,100028,100,99922,100,100045,100,99921,100
2019-06-28 09:30:10.000000000,100013,434,100005,234,100014,430,100000,230,100016,230,99982,230,100019,100,99976,400,100020,100,99960,100,100021,100,99950,200,100024,100,99948,100,100025,100,99931,100,100028,100,99922,100,100045,100,99921,100
2019-06-28 09:30:20.000000000,100013,496,100005,296,100014,496,100000,296,100016,100,99982,100,100019,100,99976,400,100020,100,99960,100,100021,100,99950,200,100024,100,99948,100,100025,100,99931,100,100028,100,99922,100,100045,100,99921,100
2019-06-28 09:30:30.000000000,100013,434,100005,234,100014,430,100000,230,100016,230,99982,230,100019,100,99976,400,100020,100,99960,100,100021,100,99950,200,100024,100,99948,100,100025,100,99931,100,100028,100,99922,100,100045,100,99921,100
2019-06-28 09:30:40.000000000,100013,379,100005,179,100014,379,100000,179,100016,179,99982,179,100019,179,99976,479,100020,179,99960,179,100021,100,99950,200,100024,100,99948,100,100025,100,99931,100,100028,100,99922,100,100045,100,99921,100
2019-06-28 09:30:40.464102979,100013,279,100005,179,100014,379,100000,179,100016,179,99982,179,100019,179,99976,479,100020,179,99960,79,100021,100,99950,200,100024,100,99948,100,100025,100,99931,100,100028,100,99922,100,100045,100,99921,100
2019-06-28 09:30:49.020855836,100013,279,100005,179,100014,379,100000,179,100016,179,99982,179,100019,179,99976,479,100020,179,99960,79,100021,100,99950,200,100024,100,99948,100,100025,100,99931,100,100028,100,99922,100,100045,100,99921,100
2019-06-28 09:30:50.000000000,100013,334,100005,234,100014,430,100000,230,100016,230,99982,230,100019,100,99976,400,100020,100,99950,200,100021,100,99948,100,100024,100,99931,100,100025,100,99922,100,100028,100,99921,100,100045,100,99920,100
2019-06-28 09:31:00.000000000,100013,334,100005,234,100014,430,100000,230,100016,230,99982,230,100019,100,99976,400,100020,100,99950,200,100021,100,99948,100,100024,100,99931,100,100025,100,99922,100,100028,100,99921,100,100045,100,99920,100
2019-06-28 09:31:08.578121138,100013,234,100005,234,100014,430,100000,230,100016,230,99982,230,100019,100,99976,400,100020,100,99950,200,100021,100,99948,100,100024,100,99931,100,100025,100,99922,100,100028,100,99921,100,100045,100,99920,100
2019-06-28 09:31:10.000000000,100013,296,100005,296,100014,496,100000,296,100016,100,99982,100,100019,100,99976,400,100020,100,99950,200,100021,100,99948,100,100024,100,99931,100,100025,100,99922,100,100028,100,99921,100,100045,100,99920,100
2019-06-28 09:31:20.000000000,100013,493,100005,493,100014,300,100000,100,100016,100,99982,100,100019,100,99976,400,100020,100,99950,200,100021,100,99948,100,100024,100,99931,100,100025,100,99922,100,100028,100,99921,100,100045,100,99920,100
2019-06-28 09:31:30.000000000,100013,493,100005,493,100014,300,100000,100,100016,100,99982,100,100019,100,99976,400,100020,100,99950,200,100021,100,99948,100,100024,100,99931,100,100025,100,99922,100,100028,100,99921,100,100045,100,99920,100
2019-06-28 09:31:32.254485906,100013,393,100005,493,100014,300,100000,100,100016,100,99982,100,100019,100,99976,400,100020,100,99950,200,100021,100,99948,100,100024,100,99922,100,100025,100,99921,100,100028,100,99920,100,100045,100,99904,100
2019-06-28 09:31:40.000000000,100014,434,100005,234,100016,230,100000,230,100019,230,99982,230,100020,100,99976,400,100021,100,99950,200,100024,100,99948,100,100025,100,99922,100,100028,100,99921,100,100045,100,99920,100,100046,100,99904,100
2019-06-28 09:31:50.000000000,100014,693,100005,493,100016,100,100000,100,100019,100,99982,100,100020,100,99976,400,100021,100,99950,200,100024,100,99948,100,100025,100,99922,100,100028,100,99921,100,100045,100,99920,100,100046,100,99904,100
2019-06-28 09:32:00.000000000,100014,379,100005,179,100016,179,100000,179,100019,179,99982,179,100020,179,99976,479,100021,179,99950,279,100024,100,99948,100,100025,100,99922,100,100028,100,99921,100,100045,100,99920,100,100046,100,99904,100
2019-06-28 09:32:10.000000000,100014,398,100005,198,100016,198,100000,198,100019,198,99982,198,100020,198,99976,498,100021,100,99950,200,100024,100,99948,100,100025,100,99922,100,100028,100,99921,100,100045,100,99920,100,100046,100,99904,100
2019-06-28 09:32:17.417038573,100014,398,100005,98,100016,198,100000,198,100019,198,99982,198,100020,198,99976,498,100021,100,99950,200,100024,100,99948,100,100025,100,99922,100,100028,100,99921,100,100045,100,99920,100,100046,100,99904,100
2019-06-28 09:32:19.147798618,100014,398,100005,98,100016,198,100000,198,100019,198,99982,198,100020,198,99976,498,100021,100,99950,200,100024,100,99948,100,100025,100,99922,100,100028,100,99921,100,100045,100,99920,100,100046,100,99904,100
2019-06-28 09:32:20.000000000,100014,434,100000,234,100016,230,99982,230,100019,230,99976,530,100020,100,99950,200,100021,100,99948,100,100024,100,99922,100,100025,100,99921,100,100028,100,99920,100,100045,100,99904,100,100046,100,99900,100
2019-06-28 09:32:30.000000000,100014,379,100000,179,100016,179,99982,179,100019,179,99976,479,100020,179,99950,279,100021,179,99948,179,100024,100,99922,100,100025,100,99921,100,100028,100,99920,100,100045,100,99904,100,100046,100,99900,100
2019-06-28 09:32:40.000000000,100014,379,100000,179,100016,179,99982,179,100019,179,99976,479,100020,179,99950,279,100021,179,99948,179,100024,100,99922,100,100025,100,99921,100,100028,100,99920,100,100045,100,99904,100,100046,100,99900,100
2019-06-28 09:32:42.976001939,100014,379,100000,79,100016,179,99982,179,100019,179,99976,479,100020,179,99950,279,100021,79,99948,179,100024,100,99922,100,100025,100,99921,100,100028,100,99920,100,100045,100,99904,100,100046,100,99900,100
2019-06-28 09:32:49.880633775,100014,379,100000,79,100016,179,99982,179,100019,179,99976,479,100020,179,99950,279,100021,79,99948,179,100024,100,99922,100,100025,100,99921,100,100028,100,99920,100,100045,100,99904,100,100046,100,99900,100
2019-06-28 09:32:50.000000000,100014,496,99982,296,100016,296,99976,596,100019,100,99950,200,100020,100,99948,100,100024,100,99922,100,100025,100,99921,100,100028,100,99920,100,100045,100,99904,100,100046,100,99900,100,100057,100,99898,100
2019-06-28 09:33:00.000000000,100014,379,99982,179,100016,179,99976,479,100019,179,99950,279,100020,179,99948,179,100024,179,99922,179,100025,100,99921,100,100028,100,99920,100,100045,100,99904,100,100046,100,99900,100,100057,100,99898,100
2019-06-28 09:33:04.248147419,100014,279,99982,179,100016,179,99976,479,100019,179,99950,279,100020,179,99948,179,100024,179,99922,179,100025,100,99921,100,100028,100,99920,100,100045,100,99904,100,100046,100,99900,100,100057,100,99898,100
2019-06-28 09:33:10.000000000,100014,334,99982,234,100016,230,99976,530,100019,230,99950,330,100020,100,99948,100,100024,100,99922,100,100025,100,99921,100,100028,100,99920,100,100045,100,99904,100,100046,100,99900,100,100057,100,99898,100
2019-06-28 09:33:16.452948939,100014,334,99982,234,100016,230,99976,530,100019,230,99950,330,100020,100,99948,100,100024,100,99922,100,100025,100,99921,100,100028,100,99920,100,100045,100,99904,100,100046,100,99900,100,100074,100,99898,100
2019-06-28 09:33:20.000000000,100014,593,99982,493,100016,100,99976,400,100019,100,99950,200,100020,100,99948,100,100024,100,99922,100,100025,100,99921,100,100028,100,99920,100,100045,100,99904,100,100046,100,99900,100,100074,100,99898,100
2019-06-28 09:33:30.000000000,100014,334,99982,234,100016,230,99976,530,100019,230,99950,330,100020,100,99948,100,100024,100,99922,100,100025,100,99921,100,100028,100,99920,100,100045,100,99904,100,100046,100,99900,100,100074,100,99898,100
2019-06-28 09:33:34.157808521,100014,334,99982,234,100016,230,99976,530,100019,230,99950,330,100020,100,99948,100,100024,100,99922,100,100025,100,99921,100,100028,100,99920,100,100045,100,99904,100,100046,100,99900,100,100074,100,99898,100
2019-06-28 09:33:40.000000000,100014,396,99982,296,100016,296,99976,596,100019,100,99950,200,100020,100,99948,100,100024,100,99922,100,100025,100,99921,100,100028,100,99920,100,100045,100,99904,100,100046,100,99900,100,100074,100,99898,100
2019-06-28 09:33:50.000000000,100014,593,99982,493,100016,100,99976,400,100019,100,99950,200,100020,100,99948,100,100024,100,99922,100,100025,100,99921,100,100028,100,99920,100,100045,100,99904,100,100046,100,99900,100,100074,100,99898,100
2019-06-28 09:33:53.551522887,100014,593,99982,493,100016,100,99976,400,100019,100,99950,200,100020,100,99948,100,100024,100,99922,100,100025,100,99921,100,100028,100,99920,100,100045,100,99904,100,100046,100,99900,100,100074,100,99898,100
2019-06-28 09:33:57.136920926,100014,593,99982,393,100016,100,99976,400,100019,100,99950,200,100020,100,99948,100,100024,100,99922,100,100025,100,99921,100,100028,100,99920,100,100045,100,99904,100,100046,100,99900,100,100074,100,99898,100
2019-06-28 09:34:00.000000000,100014,279,99976,479,100016,179,99950,279,100019,179,99948,179,100020,179,99922,179,100024,179,99921,179,100025,100,99920,100,100028,100,99904,100,100045,100,99900,100,100046,100,99898,100,100074,100,99893,100
2019-06-28 09:34:10.000000000,100014,396,99976,596,100016,296,99950,396,100019,100,99948,100,100020,100,99922,100,100024,100,99921,100,100025,100,99920,100,100028,100,99904,100,100045,100,99900,100,100046,100,99898,100,100074,100,99893,100
2019-06-28 09:34:13.805533698,100000,100,99976,596,100014,396,99950,396,100016,296,99948,100,100019,100,99922,100,100020,100,99921,100,100024,100,99920,100,100025,100,99904,100,100028,100,99900,100,100045,100,99898,100,100046,100,99893,100
2019-06-28 09:34:20.000000000,100000,198,99976,498,100014,298,99950,298,100016,198,99948,198,100019,198,99922,198,100020,100,99921,100,100024,100,99920,100,100025,100,99904,100,100028,100,99900,100,100045,100,99898,100,100046,100,99893,100
2019-06-28 09:34:30.000000000,100000,493,99976,793,100014,200,99950,200,100016,100,99948,100,100019,100,99922,100,100020,100,99921,100,100024,100,99920,100,100025,100,99904,100,100028,100,99900,100,100045,100,99898,100,100046,100,99893,100
2019-06-28 09:34:35.187774792,100000,493,99976,793,100014,200,99950,200,100016,100,99948,100,100019,100,99922,100,100020,100,99921,100,100024,100,99920,100,100025,100,99904,100,100028,100,99900,100,100045,100,99898,100,100046,100,99893,100
2019-06-28 09:34:40.000000000,100000,493,99976,793,100014,200,99950,200,100016,100,99948,100,100019,100,99922,100,100020,100,99921,100,100024,100,99920,100,100025,100,99904,100,100028,100,99900,100,100045,100,99898,100,100046,100,99893,100
2019-06-28 09:34:50.000000000,100000,296,99976,596,100014,396,99950,396,100016,100,99948,100,100019,100,99922,100,100020,100,99921,100,100024,100,99920,100,100025,100,99904,100,100028,100,99900,100,100045,100,99898,100,100046,100,99893,100
2019-06-28 09:34:55.630851808,100000,196,99976,596,100014,396,99950,396,100016,100,99948,100,100019,100,99922,100,100020,100,99921,100,100025,100,99920,100,100028,100,99904,100,100045,100,99900,100,100046,100,99898,100,100074,100,99893,100
2019-06-28 09:34:57.128941207,100000,96,99976,596,100014,396,99950,396,100016,100,99948,100,100019,100,99922,100,100020,100,99921,100,100025,100,99920,100,100028,100,99904,100,100045,100,99900,100,100046,100,99898,100,100074,100,99893,100
2019-06-28 09:35:00.000000000,100014,593,99976,793,100016,100,99950,200,100019,100,99948,100,100020,100,99922,100,100025,100,99921,100,100028,100,99920,100,100045,100,99904,100,100046,100,99900,100,100074,100,99898,100,100080,100,99893,100
2019-06-28 09:35:10.000000000,100014,334,99976,534,100016,230,99950,330,100019,230,99948,230,100020,100,99922,100,100025,100,99921,100,100028,100,99920,100,100045,100,99904,100,100046,100,99900,100,100074,100,99898,100,100080,100,99893,100
2019-06-28 09:35:10.707835320,100014,334,100000,100,100016,230,99976,534,100019,230,99950,230,100020,100,99948,230,100025,100,99922,100,100028,100,99921,100,100045,100,99920,100,100046,100,99904,100,100074,100,99900,100,100080,100,99898,100
2019-06-28 09:35:20.000000000,100014,334,100000,234,100016,230,99976,530,100019,230,99950,230,100020,100,99948,100,100025,100,99922,100,100028,100,99921,100,100045,100,99920,100,100046,100,99904,100,100074,100,99900,100,100080,100,99898,100
2019-06-28 09:35:24.302492084,100014,334,100000,334,100016,230,99976,530,100019,230,99950,230,100020,100,99948,100,100025,100,99922,100,100028,100,99921,100,100045,100,99920,100,100046,100,99904,100,100074,100,99900,100,100080,100,99898,100
2019-06-28 09:35:25.605095272,100014,334,100000,334,100016,230,99976,530,100019,230,99950,230,100020,100,99948,100,100025,100,99922,100,100028,100,99921,100,100045,100,99920,100,100046,100,99904,100,100074,100,99900,100,100080,100,99898,100
2019-06-28 09:35:30.000000000,100014,279,100000,279,100016,179,99976,479,100019,179,99950,179,100020,179,99948,179,100025,179,99922,179,100028,100,99921,100,100045,100,99920,100,100046,100,99904,100,100074,100,99900,100,100080,100,99898,100
2019-06-28 09:35:40.000000000,100014,334,100000,334,100016,230,99976,530,100019,230,99950,230,100020,100,99948,100,100025,100,99922,100,100028,100,99921,100,100045,100,99920,100,100046,100,99904,100,100074,100,99900,100,100080,100,99898,100
2019-06-28 09:35:46.927471949,100014,234,100000,334,100016,230,99976,530,100019,230,99950,230,100020,100,99948,100,100025,100,99922,100,100028,100,99921,100,100045,100,99920,100,100046,100,99904,100,100074,100,99900,100,100080,100,99898,100
2019-06-28 09:35:50.000000000,100014,234,100000,334,100016,230,99976,530,100019,230,99950,230,100020,100,99948,100,100025,100,99922,100,100028,100,99921,100,100045,100,99920,100,100046,100,99904,100,100074,100,99900,100,100080,100,99898,100
2019-06-28 09:36:00.000000000,100014,198,100000,298,100016,198,99976,498,100019,198,99950,198,100020,198,99948,198,100025,100,99922,100,100028,100,99921,100,100045,100,99920,100,100046,100,99904,100,100074,100,99900,100,100080,100,99898,100
2019-06-28 09:36:10.000000000,100014,234,100000,334,100016,230,99976,530,100019,230,99950,230,100020,100,99948,100,100025,100,99922,100,100028,100,99921,100,100045,100,99920,100,100046,100,99904,100,100074,100,99900,100,100080,100,99898,100
2019-06-28 09:36:20.000000000,100014,296,100000,396,100016,296,99976,596,100019,100,99950,100,100020,100,99948,100,100025,100,99922,100,100028,100,99921,100,100045,100,99920,100,100046,100,99904,100,100074,100,99900,100,100080,100,99898,100
2019-06-28 09:36:30.000000000,100014,493,100000,593,100016,100,99976,400,100019,100,99950,100,100020,100,99948,100,100025,100,99922,100,100028,100,99921,100,100045,100,99920,100,100046,100,99904,100,100074,100,99900,100,100080,100,99898,100
2019-06-28 09:36:35.225148942,100014,393,100000,593,100016,100,99976,400,100019,100,99950,100,100020,100,99948,100,100025,100,99922,100,100028,100,99921,100,100045,100,99920,100,100046,100,99904,100,100074,100,99900,100,100080,100,99898,100
2019-06-28 09:36:40.000000000,100016,198,100000,298,100019,198,99976,498,100020,198,99950,198,100025,198,99948,198,100028,100,99922,100,100045,100,99921,100,100046,100,99920,100,100074,100,99904,100,100080,100,99900,100,100082,100,99898,100
2019-06-28 09:36:50.000000000,100016,234,100000,334,100019,230,99976,530,100020,230,99950,230,100025,100,99948,100,100028,100,99922,100,100045,100,99921,100,100046,100,99920,100,100074,100,99904,100,100080,100,99900,100,100082,100,99898,100
2019-06-28 09:36:52.985555808,100016,234,100014,100,100019,230,100000,334,100020,230,99976,530,100025,100,99950,230,100028,100,99948,100,100045,100,99922,100,100046,100,99921,100,100074,100,99920,100,100080,100,99904,100,100082,100,99900,100
2019-06-28 09:37:00.000000000,100016,296,100014,296,100019,296,100000,396,100020,100,99976,400,100025,100,99950,100,100028,100,99948,100,100045,100,99922,100,100046,100,99921,100,100074,100,99920,100,100080,100,99904,100,100082,100,99900,100
2019-06-28 09:37:10.000000000,100016,493,100014,493,100019,100,100000,200,100020,100,99976,400,100025,100,99950,100,100028,100,99948,100,100045,100,99922,100,100046,100,99921,100,100074,100,99920,100,100080,100,99904,100,100082,100,99900,100
2019-06-28 09:37:15.038354484,100016,393,100014,493,100019,100,100000,200,100020,100,99976,400,100025,100,99950,100,100028,100,99948,100,100045,100,99922,100,100046,100,99921,100,100074,100,99920,100,100080,100,99904,100,100082,100,99900,100
2019-06-28 09:37:18.605692278,100016,393,100015,100,100019,100,100014,493,100020,100,100000,200,100025,100,99976,400,100028,100,99950,100,100045,100,99948,100,100046,100,99922,100,100074,100,99921,100,100080,100,99920,100,100082,100,99904,100
2019-06-28 09:37:20.000000000,100019,234,100015,234,100020,230,100014,230,100025,230,100000,330,100028,100,99976,400,100045,100,99950,100,100046,100,99948,100,100074,100,99922,100,100080,100,99921,100,100082,100,99920,100,100083,100,99904,100
2019-06-28 09:37:30.000000000,100019,198,100015,198,100020,198,100014,198,100025,198,100000,298,100028,198,99976,498,100045,100,99950,100,100046,100,99948,100,100074,100,99922,100,100080,100,99921,100,100082,100,99920,100,100083,100,99904,100
2019-06-28 09:37:40.000000000,100019,493,100015,493,100020,100,100014,100,100025,100,100000,200,100028,100,99976,400,100045,100,99950,100,100046,100,99948,100,100074,100,99922,100,100080,100,99921,100,100082,100,99920,100,100083,100,99904,100
2019-06-28 09:37:50.000000000,100019,198,100015,198,100020,198,100014,198,100025,198,100000,298,100028,198,99976,498,100045,100,99950,100,100046,100,99948,100,100074,100,99922,100,100080,100,99921,100,100082,100,99920,100,100083,100,99904,100
2019-06-28 09:37:56.090234263,100019,198,100015,198,100020,198,100014,198,100025,198,100000,298,100028,198,99976,498,100045,100,99950,100,100046,100,99948,100,100080,100,99922,100,100082,100,99921,100,100083,100,99920,100,100094,100,99904,100
2019-06-28 09:38:00.000000000,100019,234,100015,234,100020,230,100014,230,100025,230,100000,330,100028,100,99976,400,100045,100,99950,100,100046,100,99948,100,100080,100,99922,100,100082,100,99921,100,100083,100,99920,100,100094,100,99904,100
2019-06-28 09:38:05.857313363,100019,234,100015,334,100020,230,100014,230,100025,230,100000,330,100028,100,99976,300,100045,100,99950,100,100046,100,99948,100,100080,100,99922,100,100082,100,99921,100,100083,100,99920,100,100094,100,99904,100
2019-06-28 09:38:10.000000000,100019,234,100015,334,100020,230,100014,230,100025,230,100000,330,100028,100,99976,300,100045,100,99950,100,100046,100,99948,100,100080,100,99922,100,100082,100,99921,100,100083,100,99920,100,100094,100,99904,100
2019-06-28 09:38:16.425313946,100019,234,100015,334,100020,230,100014,230,100025,230,100000,330,100028,100,99976,300,100045,100,99950,100,100046,100,99948,100,100080,100,99922,100,100082,100,99921,100,100083,100,99920,100,100094,100,99904,100
2019-06-28 09:38:20.000000000,100019,234,100015,334,100020,230,100014,230,100025,230,100000,330,100028,100,99976,300,100045,100,99950,100,100046,100,99948,100,100080,100,99922,100,100082,100,99921,100,100083,100,99920,100,100094,100,99904,100
2019-06-28 09:38:30.000000000,100019,179,100015,279,100020,179,100014,179,100025,179,100000,279,100028,179,99976,379,100045,179,99950,179,100046,100,99948,100,100080,100,99922,100,100082,100,99921,100,100083,100,99920,100,100094,100,99904,100
2019-06-28 09:38:30.136839427,100019,179,100015,279,100020,179,100014,179,100025,179,100003,100,100028,79,100000,279,100045,179,99976,379,100046,100,99950,179,100080,100,99948,100,100082,100,99922,100,100083,100,99921,100,100094,100,99920,100
2019-06-28 09:38:40.000000000,100019,179,100015,279,100020,179,100014,179,100025,179,100003,179,100045,179,100000,279,100046,179,99976,379,100080,100,99950,100,100082,100,99948,100,100083,100,99922,100,100094,100,99921,100,100103,100,99920,100
2019-06-28 09:38:50.000000000,100019,296,100015,396,100020,296,100014,296,100025,100,100003,100,100045,100,100000,200,100046,100,99976,300,100080,100,99950,100,100082,100,99948,100,100083,100,99922,100,100094,100,99921,100,100103,100,99920,100
2019-06-28 09:38:59.658994998,100019,296,100015,496,100020,296,100014,296,100025,100,100003,100,100045,100,100000,200,100046,100,99976,300,100080,100,99950,100,100082,100,99948,100,100083,100,99922,100,100094,100,99921,100,100103,100,99920,100
2019-06-28 09:39:00.000000000,100019,179,100015,379,100020,179,100014,179,100025,179,100003,179,100045,179,100000,279,100046,179,99976,379,100080,100,99950,100,100082,100,99948,100,100083,100,99922,100,100094,100,99921,100,100103,100,99920,100
2019-06-28 09:39:06.168129191,100019,179,100015,379,100020,179,100014,79,100025,179,100003,179,100045,179,100000,279,100046,179,99976,379,100080,100,99950,100,100082,100,99948,100,100083,100,99922,100,100094,100,99921,100,100103,100,99920,100
2019-06-28 09:39:08.848757625,100019,79,100015,379,100020,79,100014,79,100025,179,100003,179,100045,179,100000,279,100046,179,99976,379,100080,100,99950,100,100082,100,99948,100,100083,100,99922,100,100094,100,99921,100,100103,100,99920,100
2019-06-28 09:39:10.000000000,100025,493,100015,693,100045,100,100003,100,100046,100,100000,200,100080,100,99976,300,100082,100,99950,100,100083,100,99948,100,100094,100,99922,100,100103,100,99921,100,100123,100,99920,100,100135,100,99904,100
2019-06-28 09:39:15.679572099,100025,493,100015,693,100045,100,100003,100,100046,100,100000,100,100080,100,99976,300,100082,100,99950,100,100083,100,99948,100,100094,100,99922,100,100103,100,99921,100,100123,100,99920,100,100135,100,99904,100
2019-06-28 09:39:20.000000000,100025,493,100015,693,100045,100,100003,100,100046,100,100000,100,100080,100,99976,300,100082,100,99950,100,100083,100,99948,100,100094,100,99922,100,100103,100,99921,100,100123,100,99920,100,100135,100,99904,100
2019-06-28 09:39:30.000000000,100025,493,100015,693,100045,100,100003,100,100046,100,100000,100,100080,100,99976,300,100082,100,99950,100,100083,100,99948,100,100094,100,99922,100,100103,100,99921,100,100123,100,99920,100,100135,100,99904,100
2019-06-28 09:39:30.536609518,100025,493,100016,100,100045,100,100015,693,100046,100,100003,100,100080,100,100000,100,100082,100,99976,200,100083,100,99950,100,100094,100,99948,100,100103,100,99922,100,100123,100,99921,100,100135,100,99920,100
2019-06-28 09:39:30.937188095,100025,493,100016,100,100046,100,100015,693,100080,100,100003,100,100082,100,100000,100,100083,100,99976,200,100094,100,99950,100,100103,100,99948,100,100123,100,99922,100,100135,100,99921,100,100156,100,99920,100
2019-06-28 09:39:36.680211521,100025,493,100016,100,100046,100,100015,693,100080,100,100003,100,100082,100,100000,100,100083,100,99976,200,100094,100,99950,100,100103,100,99948,100,100123,100,99922,100,100135,100,99921,100,100156,100,99920,100
2019-06-28 09:39:40.000000000,100025,198,100016,198,100046,198,100015,398,100080,198,100003,198,100082,198,100000,198,100083,100,99976,200,100094,100,99950,100,100103,100,99948,100,100123,100,99922,100,100135,100,99921,100,100156,100,99920,100
2019-06-28 09:39:41.889261064,100025,198,100016,198,100046,198,100015,398,100080,198,100003,198,100082,198,100000,198,100083,100,99976,200,100094,100,99950,100,100103,100,99948,100,100123,100,99922,100,100135,100,99921,100,100156,100,99920,100
2019-06-28 09:39:50.000000000,100025,234,100016,234,100046,230,100015,430,100080,230,100003,230,100082,100,100000,100,100083,100,99976,200,100094,100,99950,100,100103,100,99948,100,100123,100,99922,100,100135,100,99921,100,100156,100,99920,100
2019-06-28 09:39:54.434244402,100025,134,100016,234,100046,230,100015,430,100080,230,100003,230,100082,100,100000,100,100083,100,99976,200,100094,100,99950,100,100103,100,99948,100,100123,100,99922,100,100135,100,99921,100,100156,100,99920,100
2019-06-28 09:40:00.000000000,100046,198,100016,198,100080,198,100015,398,100082,198,100003,198,100083,198,100000,198,100094,100,99976,200,100103,100,99950,100,100123,100,99948,100,100135,100,99922,100,100156,100,99921,100,100174,100,99920,100
2019-06-28 09:40:04.320219848,100046,198,100017,100,100080,198,100016,198,100082,198,100015,398,100083,198,100003,198,100094,100,100000,198,100103,100,99976,200,100123,100,99950,100,100135,100,99948,100,100156,100,99922,100,100174,100,99921,100
2019-06-28 09:40:10.000000000,100046,296,100017,296,100080,296,100016,296,100082,100,100015,300,100083,100,100003,100,100094,100,100000,100,100103,100,99976,200,100123,100,99950,100,100135,100,99948,100,100156,100,99922,100,100174,100,99921,100
2019-06-28 09:40:20.000000000,100046,179,100017,179,100080,179,100016,179,100082,179,100015,379,100083,179,100003,179,100094,179,100000,179,100103,100,99976,200,100123,100,99950,100,100135,100,99948,100,100156,100,99922,100,100174,100,99921,100
2019-06-28 09:40:23.366240599,100046,179,100017,179,100080,179,100016,179,100082,179,100015,379,100083,179,100003,179,100094,179,100000,179,100103,100,99976,100,100123,100,99950,100,100135,100,99948,100,100156,100,99922,100,100174,100,99921,100
2019-06-28 09:40:25.825552605,100046,179,100037,100,100080,179,100017,179,100082,179,100016,179,100083,79,100015,379,100094,179,100003,179,100103,100,100000,179,100123,100,99976,100,100135,100,99950,100,100156,100,99948,100,100174,100,99922,100
2019-06-28 09:40:30.000000000,100046,234,100037,234,100080,230,100017,230,100082,230,100016,230,100094,100,100015,300,100103,100,100003,100,100123,100,100000,100,100135,100,99976,100,100156,100,99950,100,100174,100,99948,100,100361,100,99922,100
2019-06-28 09:40:37.752143748,100046,234,100037,234,100080,230,100017,230,100082,230,100016,230,100094,100,100015,300,100103,100,100003,100,100123,100,99976,100,100135,100,99950,100,100156,100,99948,100,100174,100,99922,100,100361,100,99921,100
2019-06-28 09:40:40.000000000,100046,179,100037,179,100080,179,100017,179,100082,179,100016,179,100094,179,100015,379,100103,179,100003,179,100123,100,99976,100,100135,100,99950,100,100156,100,99948,100,100174,100,99922,100,100361,100,99921,100
2019-06-28 09:40:45.548680866,100046,79,100037,179,100080,179,100017,179,100082,179,100016,179,100094,179,100015,379,100103,179,100003,179,100123,100,99976,100,100135,100,99950,100,100156,100,99948,100,100174,100,99922,100,100361,100,99921,100
2019-06-28 09:40:50.000000000,100080,296,100037,296,100082,296,100017,296,100094,100,100016,100,100103,100,100015,300,100123,100,100003,100,100135,100,99976,100,100156,100,99950,100,100174,100,99948,100,100361,100,99922,100,100377,100,99921,100
2019-06-28 09:40:54.165245298,100080,296,100037,296,100082,296,100017,296,100094,100,100016,100,100103,100,100015,300,100123,100,100003,100,100135,100,99976,100,100156,100,99950,100,100174,100,99948,100,100242,100,99922,100,100361,100,99921,100
2019-06-28 09:40:59.432825449,100080,296,100037,296,100082,296,100017,296,100094,100,100016,100,100103,100,100015,300,100123,100,100003,100,100135,100,99976,100,100156,100,99950,100,100174,100,99948,100,100242,100,99922,100,100312,100,99921,100
2019-06-28 09:41:00.000000000,100080,198,100037,198,100082,198,100017,198,100094,198,100016,198,100103,198,100015,398,100123,100,100003,100,100135,100,99976,100,100156,100,99950,100,100174,100,99948,100,100242,100,99922,100,100312,100,99921,100
2019-06-28 09:41:05.052198173,100080,98,100037,198,100082,198,100017,198,100094,198,100016,198,100103,198,100015,398,100123,100,100003,100,100135,100,99976,100,100156,100,99950,100,100174,100,99948,100,100242,100,99922,100,100312,100,99921,100
2019-06-28 09:41:10.000000000,100082,198,100037,198,100094,198,100017,198,100103,198,100016,198,100123,198,100015,398,100135,100,100003,100,100156,100,99976,100,100174,100,99950,100,100242,100,99948,100,100312,100,99922,100,100361,100,99921,100
2019-06-28 09:41:17.470186180,100082,198,100037,198,100094,198,100017,198,100103,198,100016,198,100123,198,100015,398,100135,100,100003,100,100156,100,99976,100,100174,100,99950,100,100242,100,99948,100,100312,100,99921,100,100361,100,99920,100
2019-06-28 09:41:20.000000000,100082,296,100037,296,100094,296,100017,296,100103,100,100016,100,100123,100,100015,300,100135,100,100003,100,100156,100,99976,100,100174,100,99950,100,100242,100,99948,100,100312,100,99921,100,100361,100,99920,100
2019-06-28 09:41:30.000000000,100082,234,100037,234,100094,230,100017,230,100103,230,100016,230,100123,100,100015,300,100135,100,100003,100,100156,100,99976,100,100174,100,99950,100,100242,100,99948,100,100312,100,99921,100,100361,100,99920,100
2019-06-28 09:41:40.000000000,100082,179,100037,179,100094,179,100017,179,100103,179,100016,179,100123,179,100015,379,100135,179,100003,179,100156,100,99976,100,100174,100,99950,100,100242,100,99948,100,100312,100,99921,100,100361,100,99920,100
2019-06-28 09:41:50.000000000,100082,198,100037,198,100094,198,100017,198,100103,198,100016,198,100123,198,100015,398,100135,100,100003,100,100156,100,99976,100,100174,100,99950,100,100242,100,99948,100,100312,100,99921,100,100361,100,99920,100
2019-06-28 09:41:57.520054273,100039,100,100037,198,100082,198,100017,198,100094,198,100016,198,100103,198,100015,398,100123,198,100003,100,100135,100,99976,100,100156,100,99950,100,100174,100,99948,100,100242,100,99921,100,100312,100,99920,100
2019-06-28 09:42:00.000000000,100039,296,100037,296,100082,296,100017,296,100094,100,100016,100,100103,100,100015,300,100123,100,100003,100,100135,100,99976,100,100156,100,99950,100,100174,100,99948,100,100242,100,99921,100,100312,100,99920,100
2019-06-28 09:42:03.239649160,100039,296,100037,296,100082,296,100017,296,100094,100,100016,100,100103,100,100015,300,100123,100,100003,100,100135,100,99976,100,100156,100,99950,100,100174,100,99948,100,100242,100,99921,100,100312,100,99920,100
2019-06-28 09:42:10.000000000,100039,296,100037,296,100082,296,100017,296,100094,100,100016,100,100103,100,100015,300,100123,100,100003,100,100135,100,99976,100,100156,100,99950,100,100174,100,99948,100,100242,100,99921,100,100312,100,99920,100
2019-06-28 09:42:20.000000000,100039,179,100037,179,100082,179,100017,179,100094,179,100016,179,100103,179,100015,379,100123,179,100003,179,100135,100,99976,100,100156,100,99950,100,100174,100,99948,100,100242,100,99921,100,100312,100,99920,100
2019-06-28 09:42:30.000000000,100039,234,100037,234,100082,230,100017,230,100094,230,100016,230,100103,100,100015,300,100123,100,100003,100,100135,100,99976,100,100156,100,99950,100,100174,100,99948,100,100242,100,99921,100,100312,100,99920,100
2019-06-28 09:42:40.000000000,100039,296,100037,296,100082,296,100017,296,100094,100,100016,100,100103,100,100015,300,100123,100,100003,100,100135,100,99976,100,100156,100,99950,100,100174,100,99948,100,100242,100,99921,100,100312,100,99920,100
2019-06-28 09:42:50.000000000,100039,296,100037,296,100082,296,100017,296,100094,100,100016,100,100103,100,100015,300,100123,100,100003,100,100135,100,99976,100,100156,100,99950,100,100174,100,99948,100,100242,100,99921,100,100312,100,99920,100
2019-06-28 09:43:00.000000000,100039,198,100037,198,100082,198,100017,198,100094,198,100016,198,100103,198,100015,398,100123,100,100003,100,100135,100,99976,100,100156,100,99950,100,100174,100,99948,100,100242,100,99921,100,100312,100,99920,100
2019-06-28 09:43:10.000000000,100039,234,100037,234,100082,230,100017,230,100094,230,100016,230,100103,100,100015,300,100123,100,100003,100,100135,100,99976,100,100156,100,99950,100,100174,100,99948,100,100242,100,99921,100,100312,100,99920,100
2019-06-28 09:43:20.000000000,100039,198,100037,198,100082,198,100017,198,100094,198,100016,198,100103,198,100015,398,100123,100,100003,100,100135,100,99976,100,100156,100,99950,100,100174,100,99948,100,100242,100,99921,100,100312,100,99920,100
2019-06-28 09:43:29.435868951,100039,198,100037,198,100082,198,100017,198,100094,198,100016,198,100103,198,100015,398,100123,100,100003,100,100135,100,99976,100,100156,100,99950,100,100174,100,99948,100,100242,100,99921,100,100312,100,99920,100
2019-06-28 09:43:30.000000000,100039,198,100037,198,100082,198,100017,198,100094,198,100016,198,100103,198,100015,398,100123,100,100003,100,100135,100,99976,100,100156,100,99950,100,100174,100,99948,100,100242,100,99921,100,100312,100,99920,100
2019-06-28 09:43:36.997975126,100039,198,100037,198,100082,198,100017,198,100094,198,100016,198,100103,198,100015,398,100123,100,100003,100,100135,100,99976,100,100156,100,99950,100,100174,100,99948,100,100242,100,99921,100,100312,100,99920,100
2019-06-28 09:43:40.000000000,100039,296,100037,296,100082,296,100017,296,100094,100,100016,100,100103,100,100015,300,100123,100,100003,100,100135,100,99976,100,100156,100,99950,100,100174,100,99948,100,100242,100,99921,100,100312,100,99920,100
2019-06-28 09:43:50.000000000,100039,493,100037,493,100082,100,100017,100,100094,100,100016,100,100103,100,100015,300,100123,100,100003,100,100135,100,99976,100,100156,100,99950,100,100174,100,99948,100,100242,100,99921,100,100312,100,99920,100
2019-06-28 09:43:52.546032415,100039,493,100037,493,100082,100,100016,100,100094,100,100015,300,100103,100,100003,100,100123,100,99976,100,100135,100,99950,100,100156,100,99948,100,100174,100,99921,100,100242,100,99920,100,100312,100,99900,100
2019-06-28 09:44:00.000000000,100039,296,100037,296,100082,296,100016,296,100094,100,100015,300,100103,100,100003,100,100123,100,99976,100,100135,100,99950,100,100156,100,99948,100,100174,100,99921,100,100242,100,99920,100,100312,100,99900,100
2019-06-28 09:44:00.434550907,100039,296,100037,196,100082,296,100016,296,100094,100,100015,300,100103,100,100003,100,100123,100,99976,100,100135,100,99950,100,100156,100,99948,100,100174,100,99921,100,100242,100,99920,100,100312,100,99900,100
2019-06-28 09:44:10.000000000,100039,198,100016,198,100082,198,100015,398,100094,198,100003,198,100103,198,99976,198,100123,100,99950,100,100135,100,99948,100,100156,100,99921,100,100174,100,99920,100,100242,100,99900,100,100312,100,99898,100
2019-06-28 09:44:20.000000000,100039,234,100016,234,100082,230,100015,430,100094,230,100003,230,100103,100,99976,100,100123,100,99950,100,100135,100,99948,100,100156,100,99921,100,100174,100,99920,100,100242,100,99900,100,100312,100,99898,100
2019-06-28 09:44:22.519134850,100039,234,100016,234,100082,230,100015,430,100094,230,100003,130,100103,100,99976,100,100123,100,99950,100,100135,100,99948,100,100156,100,99921,100,100174,100,99920,100,100242,100,99900,100,100312,100,99898,100
2019-06-28 09:44:30.000000000,100039,296,100016,296,100082,296,100015,496,100094,100,99976,100,100103,100,99950,100,100123,100,99948,100,100135,100,99921,100,100156,100,99920,100,100174,100,99900,100,100242,100,99898,100,100312,100,99893,200
2019-06-28 09:44:37.289664387,100039,296,100016,196,100082,296,100015,496,100094,100,99976,100,100103,100,99950,100,100123,100,99948,100,100135,100,99921,100,100156,100,99920,100,100174,100,99900,100,100242,100,99898,100,100312,100,99893,200
2019-06-28 09:44:40.000000000,100039,198,100015,398,100082,198,99976,198,100094,198,99950,198,100103,198,99948,198,100123,100,99921,100,100135,100,99920,100,100156,100,99900,100,100174,100,99898,100,100242,100,99893,200,100312,100,99882,100
2019-06-28 09:44:50.000000000,100039,296,100015,496,100082,296,99976,296,100094,100,99950,100,100103,100,99948,100,100123,100,99921,100,100135,100,99920,100,100156,100,99900,100,100174,100,99898,100,100242,100,99893,200,100312,100,99882,100
2019-06-28 09:45:00.000000000,100039,179,100015,379,100082,179,99976,179,100094,179,99950,179,100103,179,99948,179,100123,179,99921,179,100135,100,99920,100,100156,100,99900,100,100174,100,99898,100,100242,100,99893,200,100312,100,99882,100
2019-06-28 09:45:01.077285734,100039,179,100015,279,100082,179,99976,179,100094,79,99950,179,100103,179,99948,179,100123,179,99921,179,100135,100,99920,100,100156,100,99900,100,100174,100,99898,100,100242,100,99893,200,100312,100,99882,100
2019-06-28 09:45:06.064084625,100039,179,100015,279,100082,179,99976,179,100094,79,99950,179,100103,179,99948,179,100123,179,99921,179,100135,100,99920,100,100156,100,99900,100,100174,100,99898,100,100242,100,99893,200,100312,100,99882,100
2019-06-28 09:45:10.000000000,100039,179,100015,279,100082,179,99976,179,100103,179,99950,179,100123,179,99948,179,100135,179,99921,179,100156,100,99920,100,100174,100,99900,100,100242,100,99898,100,100312,100,99893,200,100361,100,99882,100
2019-06-28 09:45:20.000000000,100039,179,100015,279,100082,179,99976,179,100103,179,99950,179,100123,179,99948,179,100135,179,99921,179,100156,100,99920,100,100174,100,99900,100,100242,100,99898,100,100312,100,99893,200,100361,100,99882,100
2019-06-28 09:45:20.488468586,100039,179,100015,179,100082,179,99976,179,100103,179,99950,179,100123,179,99948,179,100135,179,99921,179,100156,100,99920,100,100174,100,99900,100,100242,100,99898,100,100312,100,99893,200,100361,100,99882,100
2019-06-28 09:45:30.000000000,100039,198,100015,198,100082,198,99976,198,100103,198,99950,198,100123,198,99948,198,100135,100,99921,100,100156,100,99920,100,100174,100,99900,100,100242,100,99898,100,100312,100,99893,200,100361,100,99882,100
2019-06-28 09:45:39.649529586,100039,198,100015,98,100082,198,99976,198,100103,198,99950,198,100123,198,99948,198,100135,100,99921,100,100156,100,99920,100,100174,100,99900,100,100242,100,99898,100,100312,100,99893,200,100361,100,99882,100
2019-06-28 09:45:40.000000000,100039,179,99976,179,100082,179,99950,179,100103,179,99948,179,100123,179,99921,179,100135,179,99920,179,100156,100,99900,100,100174,100,99898,100,100242,100,99893,200,100312,100,99882,100,100361,100,99872,100
2019-06-28 09:45:50.000000000,100039,296,99976,296,100082,296,99950,296,100103,100,99948,100,100123,100,99921,100,100135,100,99920,100,100156,100,99900,100,100174,100,99898,100,100242,100,99893,200,100312,100,99882,100,100361,100,99872,100
2019-06-28 09:46:00.000000000,100039,493,99976,493,100082,100,99950,100,100103,100,99948,100,100123,100,99921,100,100135,100,99920,100,100156,100,99900,100,100174,100,99898,100,100242,100,99893,200,100312,100,99882,100,100361,100,99872,100
2019-06-28 09:46:10.000000000,100039,179,99976,179,100082,179,99950,179,100103,179,99948,179,100123,179,99921,179,100135,179,99920,179,100156,100,99900,100,100174,100,99898,100,100242,100,99893,200,100312,100,99882,100,100361,100,99872,100
2019-06-28 09:46:19.707512451,100039,179,99976,179,100082,179,99950,179,100103,179,99948,179,100123,179,99921,179,100135,179,99920,179,100156,100,99900,100,100174,100,99898,100,100242,100,99893,200,100312,100,99882,100,100361,100,99872,100
2019-06-28 09:46:20.000000000,100039,296,99976,296,100082,296,99950,296,100103,100,99948,100,100123,100,99921,100,100135,100,99920,100,100156,100,99900,100,100174,100,99898,100,100242,100,99893,200,100312,100,99882,100,100361,100,99872,100
2019-06-28 09:46:21.475204449,100039,296,99976,196,100082,296,99950,296,100103,100,99948,100,100123,100,99921,100,100135,100,99920,100,100156,100,99900,100,100174,100,99898,100,100242,100,99893,200,100312,100,99882,100,100361,100,99872,100
2019-06-28 09:46:29.072673327,100039,296,99976,196,100082,296,99950,296,100103,100,99948,100,100123,100,99921,100,100135,100,99920,100,100156,100,99900,100,100242,100,99898,100,100312,100,99893,200,100361,100,99882,100,100377,100,99872,100
2019-06-28 09:46:30.000000000,100039,198,99950,198,100082,198,99948,198,100103,198,99921,198,100123,198,99920,198,100135,100,99900,100,100156,100,99898,100,100242,100,99893,200,100312,100,99882,100,100361,100,99872,100,100377,100,99865,100
2019-06-28 09:46:31.898263459,100039,198,99950,98,100082,198,99948,198,100103,198,99921,198,100123,198,99920,198,100135,100,99900,100,100156,100,99898,100,100242,100,99893,200,100312,100,99882,100,100361,100,99872,100,100377,100,99865,100
2019-06-28 09:46:37.627380059,99950,2,99948,198,100039,98,99921,198,100082,198,99920,198,100103,198,99900,100,100123,198,99898,100,100135,100,99893,200,100156,100,99882,100,100242,100,99872,100,100312,100,99865,100,100361,100,99863,100
2019-06-28 09:46:40.000000000,99950,395,99948,493,100082,100,99921,100,100103,100,99920,100,100123,100,99900,100,100135,100,99898,100,100156,100,99893,200,100242,100,99882,100,100312,100,99872,100,100361,100,99865,100,100377,100,99863,100
2019-06-28 09:46:43.055915688,99950,395,99948,493,100082,100,99921,100,100103,100,99920,100,100123,100,99900,100,100135,100,99898,100,100156,100,99893,200,100242,100,99882,100,100312,100,99872,100,100361,100,99865,100,100377,100,99863,100
2019-06-28 09:46:48.124482918,99950,495,99948,493,100082,100,99921,100,100103,100,99920,100,100123,100,99900,100,100135,100,99898,100,100156,100,99893,200,100242,100,99882,100,100312,100,99872,100,100361,100,99865,100,100377,100,99863,100
2019-06-28 09:46:50.000000000,99950,181,99948,179,100082,179,99921,179,100103,179,99920,179,100123,179,99900,179,100135,179,99898,179,100156,100,99893,200,100242,100,99882,100,100312,100,99872,100,100361,100,99865,100,100377,100,99863,100
2019-06-28 09:46:51.575241876,99950,181,99948,179,100082,179,99921,179,100103,179,99920,179,100123,179,99900,179,100135,179,99898,179,100156,100,99893,200,100312,100,99882,100,100361,100,99872,100,100377,100,99865,100,100702,100,99863,100
2019-06-28 09:47:00.000000000,99950,495,99948,493,100082,100,99921,100,100103,100,99920,100,100123,100,99900,100,100135,100,99898,100,100156,100,99893,200,100312,100,99882,100,100361,100,99872,100,100377,100,99865,100,100702,100,99863,100
2019-06-28 09:47:03.282049410,99950,495,99948,493,100082,100,99921,100,100103,100,99920,100,100123,100,99900,100,100135,100,99898,100,100156,100,99893,200,100361,100,99882,100,100377,100,99872,100,100702,100,99865,100,,,99863,100
2019-06-28 09:47:10.000000000,99950,298,99948,296,100082,296,99921,296,100103,100,99920,100,100123,100,99900,100,100135,100,99898,100,100156,100,99893,200,100361,100,99882,100,100377,100,99872,100,100702,100,99865,100,,,99863,100
2019-06-28 09:47:16.448050329,99950,398,99948,296,100082,296,99921,296,100103,100,99920,100,100123,100,99900,100,100135,100,99898,100,100156,100,99893,200,100361,100,99882,100,100377,100,99872,100,100702,100,99865,100,,,99863,100
2019-06-28 09:47:20.000000000,99950,595,99948,493,100082,100,99921,100,100103,100,99920,100,100123,100,99900,100,100135,100,99898,100,100156,100,99893,200,100361,100,99882,100,100377,100,99872,100,100702,100,99865,100,,,99863,100
2019-06-28 09:47:30.000000000,99950,398,99948,296,100082,296,99921,296,100103,100,99920,100,100123,100,99900,100,100135,100,99898,100,100156,100,99893,200,100361,100,99882,100,100377,100,99872,100,100702,100,99865,100,,,99863,100
2019-06-28 09:47:32.164906826,99950,398,99948,196,100082,296,99921,296,100103,100,99920,100,100123,100,99900,100,100135,100,99898,100,100156,100,99893,200,100361,100,99882,100,100377,100,99872,100,100702,100,99865,100,,,99863,100
2019-06-28 09:47:38.842199567,99950,398,99948,196,100007,100,99921,296,100082,296,99920,100,100103,100,99900,100,100123,100,99898,100,100135,100,99893,200,100156,100,99882,100,100361,100,99872,100,100377,100,99865,100,100702,100,99863,100
2019-06-28 09:47:40.000000000,99950,281,99921,179,100007,179,99920,179,100082,179,99900,179,100103,179,99898,179,100123,179,99893,279,100135,100,99882,100,100156,100,99872,100,100361,100,99865,100,100377,100,99863,100,100702,100,99856,100
2019-06-28 09:47:50.000000000,99950,300,99921,198,100007,198,99920,198,100082,198,99900,198,100103,198,99898,198,100123,100,99893,200,100135,100,99882,100,100156,100,99872,100,100361,100,99865,100,100377,100,99863,100,100702,100,99856,100
2019-06-28 09:48:00.000000000,99950,336,99921,234,100007,230,99920,230,100082,230,99900,230,100103,100,99898,100,100123,100,99893,200,100135,100,99882,100,100156,100,99872,100,100361,100,99865,100,100377,100,99863,100,100702,100,99856,100
2019-06-28 09:48:01.329267268,99950,336,99921,234,100007,230,99920,230,100082,230,99900,230,100103,100,99898,100,100123,100,99893,200,100135,100,99882,100,100156,100,99872,100,100361,100,99865,100,100377,100,99863,100,100702,100,99856,100
2019-06-28 09:48:10.000000000,99950,281,99921,179,100007,179,99920,179,100082,179,99900,179,100103,179,99898,179,100123,179,99893,279,100135,100,99882,100,100156,100,99872,100,100361,100,99865,100,100377,100,99863,100,100702,100,99856,100
2019-06-28 09:48:13.914192713,99950,281,99921,179,100007,179,99920,179,100082,179,99900,179,100103,179,99898,179,100123,179,99893,279,100135,100,99882,100,100156,100,99872,100,100361,100,99865,100,100377,100,99863,100,100702,100,99856,100
2019-06-28 09:48:15.845486164,99949,100,99921,179,99950,281,99920,179,100007,179,99900,179,100082,179,99898,179,100103,179,99893,279,100123,179,99882,100,100135,100,99872,100,100156,100,99865,100,100361,100,99863,100,100377,100,99856,100
2019-06-28 09:48:20.000000000,99949,296,99921,296,99950,398,99920,296,100007,100,99900,100,100082,100,99898,100,100103,100,99893,200,100123,100,99882,100,100135,100,99872,100,100156,100,99865,100,100361,100,99863,100,100377,100,99856,100
2019-06-28 09:48:30.000000000,99949,493,99921,493,99950,202,99920,100,100007,100,99900,100,100082,100,99898,100,100103,100,99893,200,100123,100,99882,100,100135,100,99872,100,100156,100,99865,100,100361,100,99863,100,100377,100,99856,100
2019-06-28 09:48:40.000000000,99949,493,99921,493,99950,202,99920,100,100007,100,99900,100,100082,100,99898,100,100103,100,99893,200,100123,100,99882,100,100135,100,99872,100,100156,100,99865,100,100361,100,99863,100,100377,100,99856,100
2019-06-28 09:48:50.000000000,99949,198,99921,198,99950,300,99920,198,100007,198,99900,198,100082,198,99898,198,100103,100,99893,200,100123,100,99882,100,100135,100,99872,100,100156,100,99865,100,100361,100,99863,100,100377,100,99856,100
2019-06-28 09:49:00.000000000,99949,179,99921,179,99950,281,99920,179,100007,179,99900,179,100082,179,99898,179,100103,179,99893,279,100123,100,99882,100,100135,100,99872,100,100156,100,99865,100,100361,100,99863,100,100377,100,99856,100
2019-06-28 09:49:10.000000000,99949,296,99921,296,99950,398,99920,296,100007,100,99900,100,100082,100,99898,100,100103,100,99893,200,100123,100,99882,100,100135,100,99872,100,100156,100,99865,100,100361,100,99863,100,100377,100,99856,100
2019-06-28 09:49:20.000000000,99949,296,99921,296,99950,398,99920,296,100007,100,99900,100,100082,100,99898,100,100103,100,99893,200,100123,100,99882,100,100135,100,99872,100,100156,100,99865,100,100361,100,99863,100,100377,100,99856,100
2019-06-28 09:49:30.000000000,99949,179,99921,179,99950,281,99920,179,100007,179,99900,179,100082,179,99898,179,100103,179,99893,279,100123,100,99882,100,100135,100,99872,100,100156,100,99865,100,100361,100,99863,100,100377,100,99856,100
2019-06-28 09:49:37.930670680,99949,179,99921,79,99950,281,99920,179,100007,179,99900,179,100082,179,99898,179,100103,179,99893,279,100123,100,99882,100,100135,100,99872,100,100156,100,99865,100,100361,100,99863,100,100377,100,99838,100
2019-06-28 09:49:40.000000000,99949,493,99920,493,99950,202,99900,100,100007,100,99898,100,100082,100,99893,200,100103,100,99882,100,100123,100,99872,100,100135,100,99865,100,100156,100,99863,100,100361,100,99838,100,100377,100,99816,100
2019-06-28 09:49:50.000000000,99949,198,99920,198,99950,300,99900,198,100007,198,99898,198,100082,198,99893,298,100103,100,99882,100,100123,100,99872,100,100135,100,99865,100,100156,100,99863,100,100361,100,99838,100,100377,100,99816,100
2019-06-28 09:49:56.835850146,99949,198,99920,98,99950,300,99900,198,100007,198,99898,198,100082,198,99893,298,100103,100,99882,100,100123,100,99872,100,100135,100,99865,100,100156,100,99863,100,100361,100,99838,100,100377,100,99816,100
2019-06-28 09:50:00.000000000,99949,179,99900,179,99950,281,99898,179,100007,179,99893,279,100082,179,99882,179,100103,179,99872,179,100123,100,99865,100,100135,100,99863,100,100156,100,99838,100,100361,100,99816,100,100377,100,99812,100
2019-06-28 09:50:10.000000000,99949,493,99900,493,99950,202,99898,100,100007,100,99893,200,100082,100,99882,100,100103,100,99872,100,100123,100,99865,100,100135,100,99863,100,100156,100,99838,100,100361,100,99816,100,100377,100,99812,100
2019-06-28 09:50:20.000000000,99949,198,99900,198,99950,300,99898,198,100007,198,99893,298,100082,198,99882,198,100103,100,99872,100,100123,100,99865,100,100135,100,99863,100,100156,100,99838,100,100361,100,99816,100,100377,100,99812,100
2019-06-28 09:50:30.000000000,99949,179,99900,179,99950,281,99898,179,100007,179,99893,279,100082,179,99882,179,100103,179,99872,179,100123,100,99865,100,100135,100,99863,100,100156,100,99838,100,100361,100,99816,100,100377,100,99812,100
2019-06-28 09:50:40.000000000,99949,493,99900,493,99950,202,99898,100,100007,100,99893,200,100082,100,99882,100,100103,100,99872,100,100123,100,99865,100,100135,100,99863,100,100156,100,99838,100,100361,100,99816,100,100377,100,99812,100
2019-06-28 09:50:50.000000000,99949,179,99900,179,99950,281,99898,179,100007,179,99893,279,100082,179,99882,179,100103,179,99872,179,100123,100,99865,100,100135,100,99863,100,100156,100,99838,100,100361,100,99816,100,100377,100,99812,100
2019-06-28 09:50:51.496780315,99949,179,99900,79,99950,281,99898,179,100007,179,99893,279,100082,179,99882,179,100103,179,99872,179,100123,100,99865,100,100135,100,99863,100,100156,100,99838,100,100361,100,99816,100,100377,100,99812,100
2019-06-28 09:51:00.000000000,99949,234,99898,234,99950,332,99893,330,100007,230,99882,230,100082,100,99872,100,100103,100,99865,100,100123,100,99863,100,100135,100,99838,100,100156,100,99816,100,100361,100,99812,100,100377,100,99690,100
2019-06-28 09:51:10.000000000,99949,179,99898,179,99950,281,99893,279,100007,179,99882,179,100082,179,99872,179,100103,179,99865,179,100123,100,99863,100,100135,100,99838,100,100156,100,99816,100,100361,100,99812,100,100377,100,99690,100
2019-06-28 09:51:10.321119632,99949,179,99898,79,99950,281,99893,279,100007,179,99882,179,100082,179,99872,179,100103,179,99865,179,100123,100,99863,100,100135,100,99838,100,100156,100,99816,100,100361,100,99812,100,100377,100,99690,100
2019-06-28 09:51:20.000000000,99949,234,99893,334,99950,332,99882,230,100007,230,99872,230,100082,100,99865,100,100103,100,99863,100,100123,100,99838,100,100135,100,99816,100,100156,100,99812,100,100361,100,99690,100,100377,100,99592,100
2019-06-28 09:51:20.295412625,99949,234,99893,234,99950,332,99882,230,100007,230,99872,230,100082,100,99865,100,100103,100,99863,100,100123,100,99816,100,100135,100,99812,100,100156,100,99690,100,100361,100,99592,100,100377,100,99531,100
2019-06-28 09:51:30.000000000,99949,198,99893,198,99950,300,99882,198,100007,198,99872,198,100082,198,99865,198,100103,100,99863,100,100123,100,99816,100,100135,100,99812,100,100156,100,99690,100,100361,100,99592,100,100377,100,99531,100
2019-06-28 09:51:40.000000000,99949,179,99893,179,99950,281,99882,179,100007,179,99872,179,100082,179,99865,179,100103,179,99863,179,100123,100,99816,100,100135,100,99812,100,100156,100,99690,100,100361,100,99592,100,100377,100,99531,100
2019-06-28 09:51:50.000000000,99949,493,99893,493,99950,202,99882,100,100007,100,99872,100,100082,100,99865,100,100103,100,99863,100,100123,100,99816,100,100135,100,99812,100,100156,100,99690,100,100361,100,99592,100,100377,100,99531,100
2019-06-28 09:51:51.413457364,99949,493,99893,493,99950,202,99882,100,100007,100,99865,100,100082,100,99863,100,100103,100,99816,100,100123,100,99812,100,100135,100,99690,100,100156,100,99592,100,100361,100,99531,100,100377,100,99460,100
2019-06-28 09:52:00.000000000,99949,179,99893,179,99950,281,99882,179,100007,179,99865,179,100082,179,99863,179,100103,179,99816,179,100123,100,99812,100,100135,100,99690,100,100156,100,99592,100,100361,100,99531,100,100377,100,99460,100
2019-06-28 09:52:10.000000000,99949,493,99893,493,99950,202,99882,100,100007,100,99865,100,100082,100,99863,100,100103,100,99816,100,100123,100,99812,100,100135,100,99690,100,100156,100,99592,100,100361,100,99531,100,100377,100,99460,100
2019-06-28 09:52:20.000000000,99949,493,99893,493,99950,202,99882,100,100007,100,99865,100,100082,100,99863,100,100103,100,99816,100,100123,100,99812,100,100135,100,99690,100,100156,100,99592,100,100361,100,99531,100,100377,100,99460,100
2019-06-28 09:52:30.000000000,99949,234,99893,234,99950,332,99882,230,100007,230,99865,230,100082,100,99863,100,100103,100,99816,100,100123,100,99812,100,100135,100,99690,100,100156,100,99592,100,100361,100,99531,100,100377,100,99460,100
2019-06-28 09:52:40.000000000,99949,179,99893,179,99950,281,99882,179,100007,179,99865,179,100082,179,99863,179,100103,179,99816,179,100123,100,99812,100,100135,100,99690,100,100156,100,99592,100,100361,100,99531,100,100377,100,99460,100
2019-06-28 09:52:50.000000000,99949,234,99893,234,99950,332,99882,230,100007,230,99865,230,100082,100,99863,100,100103,100,99816,100,100123,100,99812,100,100135,100,99690,100,100156,100,99592,100,100361,100,99531,100,100377,100,99460,100
2019-06-28 09:52:52.372220655,99949,234,99893,234,99950,332,99882,230,100007,230,99865,230,100082,100,99863,100,100103,100,99816,100,100123,100,99812,100,100135,100,99690,100,100156,100,99592,100,100361,100,99531,100,100377,100,99460,100
2019-06-28 09:52:59.787317282,99898,100,99893,234,99949,234,99882,230,99950,332,99865,230,100007,230,99863,100,100082,100,99816,100,100103,100,99812,100,100123,100,99690,100,100135,100,99592,100,100156,100,99531,100,100361,100,99460,100
2019-06-28 09:53:00.000000000,99898,234,99893,234,99949,230,99882,230,99950,332,99865,230,100007,100,99863,100,100082,100,99816,100,100103,100,99812,100,100123,100,99690,100,100135,100,99592,100,100156,100,99531,100,100361,100,99460,100
2019-06-28 09:53:02.298959714,99898,234,99893,234,99949,230,99882,230,99950,332,99865,230,100007,100,99863,100,100082,100,99816,100,100103,100,99812,100,100123,100,99690,100,100135,100,99592,100,100156,100,99531,100,100361,100,99460,100
2019-06-28 09:53:10.000000000,99898,296,99893,296,99949,296,99882,296,99950,202,99865,100,100007,100,99863,100,100082,100,99816,100,100103,100,99812,100,100123,100,99690,100,100135,100,99592,100,100156,100,99531,100,100361,100,99460,100
2019-06-28 09:53:15.064488274,99898,296,99893,296,99949,296,99882,196,99950,202,99865,100,100007,100,99863,100,100082,100,99816,100,100103,100,99812,100,100123,100,99690,100,100135,100,99592,100,100156,100,99531,100,100361,100,99460,100
2019-06-28 09:53:20.000000000,99898,493,99893,493,99949,100,99865,100,99950,202,99863,100,100007,100,99816,100,100082,100,99812,100,100103,100,99690,100,100123,100,99592,100,100135,100,99531,100,100156,100,99460,100,100361,100,99359,100
2019-06-28 09:53:30.000000000,99898,198,99893,198,99949,198,99865,198,99950,300,99863,198,100007,198,99816,198,100082,100,99812,100,100103,100,99690,100,100123,100,99592,100,100135,100,99531,100,100156,100,99460,100,100361,100,99359,100
2019-06-28 09:53:40.000000000,99898,493,99893,493,99949,100,99865,100,99950,202,99863,100,100007,100,99816,100,100082,100,99812,100,100103,100,99690,100,100123,100,99592,100,100135,100,99531,100,100156,100,99460,100,100361,100,99359,100
2019-06-28 09:53:48.600021406,99898,493,99893,393,99949,100,99865,100,99950,202,99863,100,100007,100,99816,100,100082,100,99812,100,100103,100,99690,100,100123,100,99592,100,100135,100,99531,100,100156,100,99460,100,100361,100,99359,100
2019-06-28 09:53:50.000000000,99898,493,99865,493,99949,100,99863,100,99950,202,99816,100,100007,100,99812,100,100082,100,99690,100,100103,100,99592,100,100123,100,99531,100,100135,100,99460,100,100156,100,99359,100,100361,100,99280,100
2019-06-28 09:54:00.000000000,99898,296,99865,296,99949,296,99863,296,99950,202,99816,100,100007,100,99812,100,100082,100,99690,100,100103,100,99592,100,100123,100,99531,100,100135,100,99460,100,100156,100,99359,100,100361,100,99280,100
2019-06-28 09:54:10.000000000,99898,179,99865,179,99949,179,99863,179,99950,281,99816,179,100007,179,99812,179,100082,179,99690,179,100103,100,99592,100,100123,100,99531,100,100135,100,99460,100,100156,100,99359,100,100361,100,99280,100
2019-06-28 09:54:10.031764470,99893,100,99865,179,99898,179,99863,179,99949,179,99816,179,99950,281,99812,179,100007,179,99690,179,100082,179,99592,100,100103,100,99531,100,100123,100,99460,100,100135,100,99359,100,100156,100,99280,100
2019-06-28 09:54:20.000000000,99893,296,99865,296,99898,296,99863,296,99949,100,99816,100,99950,202,99812,100,100007,100,99690,100,100082,100,99592,100,100103,100,99531,100,100123,100,99460,100,100135,100,99359,100,100156,100,99280,100
2019-06-28 09:54:30.000000000,99893,198,99865,198,99898,198,99863,198,99949,198,99816,198,99950,300,99812,198,100007,100,99690,100,100082,100,99592,100,100103,100,99531,100,100123,100,99460,100,100135,100,99359,100,100156,100,99280,100
2019-06-28 09:54:30.113390301,99893,198,99865,198,99898,198,99863,198,99949,198,99816,198,99950,300,99812,198,100007,100,99690,100,100082,100,99592,100,100103,100,99531,100,100123,100,99460,100,100135,100,99359,100,100156,100,99280,100
2019-06-28 09:54:33.942337575,99893,198,99865,98,99898,198,99863,198,99949,198,99816,198,99950,300,99812,198,100007,100,99690,100,100082,100,99592,100,100103,100,99531,100,100123,100,99460,100,100135,100,99359,100,100156,100,99280,100
2019-06-28 09:54:37.861387397,99893,198,99865,98,99898,198,99863,198,99949,198,99816,198,99950,300,99812,198,100007,100,99690,100,100082,100,99592,100,100103,100,99531,100,100123,100,99460,100,100135,100,99359,100,100156,100,99280,100
2019-06-28 09:54:40.000000000,99893,493,99863,493,99898,100,99816,100,99949,100,99812,100,99950,202,99690,100,100007,100,99592,100,100082,100,99531,100,100103,100,99460,100,100123,100,99359,100,100135,100,99280,100,100156,100,98732,100
2019-06-28 09:54:41.231079586,99893,493,99863,493,99898,100,99812,100,99949,100,99690,100,99950,202,99592,100,100007,100,99531,100,100082,100,99460,100,100103,100,99359,100,100123,100,99280,100,100135,100,98732,100,100156,100,98601,100
2019-06-28 09:54:50.000000000,99893,493,99863,493,99898,100,99812,100,99949,100,99690,100,99950,202,99592,100,100007,100,99531,100,100082,100,99460,100,100103,100,99359,100,100123,100,99280,100,100135,100,98732,100,100156,100,98601,100
2019-06-28 09:55:00.000000000,99893,296,99863,296,99898,296,99812,296,99949,100,99690,100,99950,202,99592,100,100007,100,99531,100,100082,100,99460,100,100103,100,99359,100,100123,100,99280,100,100135,100,98732,100,100156,100,98601,100
2019-06-28 09:55:08.489566241,99893,296,99863,196,99898,296,99812,296,99949,100,99690,100,99950,202,99592,100,100007,100,99531,100,100082,100,99460,100,100103,100,99359,100,100123,100,99280,100,100135,100,98732,100,100156,100,98601,100
2019-06-28 09:55:10.000000000,99893,234,99812,234,99898,230,99690,230,99949,230,99592,230,99950,202,99531,100,100007,100,99460,100,100082,100,99359,100,100103,100,99280,100,100123,100,98732,100,100135,100,98601,100,100156,100,98439,100
2019-06-28 09:55:20.000000000,99893,179,99812,179,99898,179,99690,179,99949,179,99592,179,99950,281,99531,179,100007,179,99460,179,100082,100,99359,100,100103,100,99280,100,100123,100,98732,100,100135,100,98601,100,100156,100,98439,100
2019-06-28 09:55:30.000000000,99893,179,99812,179,99898,179,99690,179,99949,179,99592,179,99950,281,99531,179,100007,179,99460,179,100082,100,99359,100,100103,100,99280,100,100123,100,98732,100,100135,100,98601,100,100156,100,98439,100
2019-06-28 09:55:40.000000000,99893,179,99812,179,99898,179,99690,179,99949,179,99592,179,99950,281,99531,179,100007,179,99460,179,100082,100,99359,100,100103,100,99280,100,100123,100,98732,100,100135,100,98601,100,100156,100,98439,100
2019-06-28 09:55:41.738318834,99893,179,99812,179,99898,79,99690,179,99949,179,99592,179,99950,281,99531,179,100007,179,99460,179,100082,100,99359,100,100103,100,99280,100,100123,100,98732,100,100135,100,98601,100,100156,100,98439,100
2019-06-28 09:55:50.000000000,99893,493,99812,493,99949,100,99690,100,99950,202,99592,100,100007,100,99531,100,100082,100,99460,100,100103,100,99359,100,100123,100,99280,100,100135,100,98732,100,100156,100,98601,100,100361,100,98439,100
2019-06-28 09:55:58.270112404,99865,100,99812,493,99893,493,99690,100,99949,100,99592,100,99950,102,99531,100,100007,100,99460,100,100082,100,99359,100,100103,100,99280,100,100123,100,98732,100,100135,100,98601,100,100156,100,98439,100
2019-06-28 09:56:00.000000000,99865,234,99812,234,99893,230,99690,230,99949,230,99592,230,99950,102,99531,100,100007,100,99460,100,100082,100,99359,100,100103,100,99280,100,100123,100,98732,100,100135,100,98601,100,100156,100,98439,100
2019-06-28 09:56:10.000000000,99865,234,99812,234,99893,230,99690,230,99949,230,99592,230,99950,102,99531,100,100007,100,99460,100,100082,100,99359,100,100103,100,99280,100,100123,100,98732,100,100135,100,98601,100,100156,100,98439,100
2019-06-28 09:56:20.000000000,99865,179,99812,179,99893,179,99690,179,99949,179,99592,179,99950,181,99531,179,100007,179,99460,179,100082,100,99359,100,100103,100,99280,100,100123,100,98732,100,100135,100,98601,100,100156,100,98439,100
2019-06-28 09:56:30.000000000,99865,198,99812,198,99893,198,99690,198,99949,198,99592,198,99950,200,99531,198,100007,100,99460,100,100082,100,99359,100,100103,100,99280,100,100123,100,98732,100,100135,100,98601,100,100156,100,98439,100
2019-06-28 09:56:38.857585386,99865,198,99812,198,99893,198,99690,198,99949,198,99592,198,99950,200,99531,198,100007,100,99460,100,100049,100,99359,100,100082,100,99280,100,100103,100,98732,100,100123,100,98601,100,100135,100,98439,100
2019-06-28 09:56:40.000000000,99865,179,99812,179,99893,179,99690,179,99949,179,99592,179,99950,181,99531,179,100007,179,99460,179,100049,100,99359,100,100082,100,99280,100,100103,100,98732,100,100123,100,98601,100,100135,100,98439,100
2019-06-28 09:56:47.786955738,99865,79,99812,179,99893,179,99690,179,99949,179,99592,179,99950,181,99531,179,100007,179,99460,179,100049,100,99359,100,100082,100,99280,100,100103,100,98732,100,100123,100,98601,100,100135,100,98439,100
2019-06-28 09:56:50.000000000,99893,493,99812,493,99949,100,99690,100,99950,102,99592,100,100007,100,99531,100,100049,100,99460,100,100082,100,99359,100,100103,100,99280,100,100123,100,98732,100,100135,100,98601,100,100156,100,98439,100
2019-06-28 09:57:00.000000000,99893,198,99812,198,99949,198,99690,198,99950,200,99592,198,100007,198,99531,198,100049,100,99460,100,100082,100,99359,100,100103,100,99280,100,100123,100,98732,100,100135,100,98601,100,100156,100,98439,100
2019-06-28 09:57:10.000000000,99893,234,99812,234,99949,230,99690,230,99950,232,99592,230,100007,100,99531,100,100049,100,99460,100,100082,100,99359,100,100103,100,99280,100,100123,100,98732,100,100135,100,98601,100,100156,100,98439,100
2019-06-28 09:57:13.051270883,99893,234,99812,234,99949,230,99690,230,99950,232,99592,230,100007,100,99531,100,100049,100,99480,100,100082,100,99460,100,100103,100,99359,100,100123,100,99280,100,100135,100,98732,100,100156,100,98601,100
2019-06-28 09:57:20.000000000,99893,179,99812,179,99949,179,99690,179,99950,181,99592,179,100007,179,99531,179,100049,179,99480,179,100082,100,99460,100,100103,100,99359,100,100123,100,99280,100,100135,100,98732,100,100156,100,98601,100
2019-06-28 09:57:30.000000000,99893,179,99812,179,99949,179,99690,179,99950,181,99592,179,100007,179,99531,179,100049,179,99480,179,100082,100,99460,100,100103,100,99359,100,100123,100,99280,100,100135,100,98732,100,100156,100,98601,100
2019-06-28 09:57:35.622373212,99837,100,99812,179,99893,179,99690,179,99949,179,99592,179,99950,181,99531,179,100007,79,99480,179,100049,179,99460,100,100082,100,99359,100,100103,100,99280,100,100123,100,98732,100,100135,100,98601,100
2019-06-28 09:57:40.000000000,99837,296,99812,296,99893,296,99690,296,99949,100,99592,100,99950,102,99531,100,100049,100,99480,100,100082,100,99460,100,100103,100,99359,100,100123,100,99280,100,100135,100,98732,100,100156,100,98601,100
2019-06-28 09:57:42.818599968,99837,196,99812,296,99893,296,99690,296,99949,100,99592,100,99950,102,99531,100,100049,100,99480,100,100082,100,99460,100,100103,100,99359,100,100123,100,99280,100,100135,100,98732,100,100156,100,98601,100
2019-06-28 09:57:50.000000000,99893,296,99812,296,99949,296,99690,296,99950,102,99592,100,100049,100,99531,100,100082,100,99480,100,100103,100,99460,100,100123,100,99359,100,100135,100,99280,100,100156,100,98732,100,100361,100,98601,100
2019-06-28 09:57:58.132416772,99893,296,99812,196,99949,296,99690,296,99950,102,99592,100,100049,100,99531,100,100082,100,99480,100,100103,100,99460,100,100123,100,99359,100,100135,100,99280,100,100156,100,98732,100,100361,100,98601,100
2019-06-28 09:58:00.000000000,99893,179,99690,179,99949,179,99592,179,99950,181,99531,179,100049,179,99480,179,100082,179,99460,179,100103,100,99359,100,100123,100,99280,100,100135,100,98732,100,100156,100,98601,100,100361,100,98439,100
2019-06-28 09:58:07.394900374,99726,100,99690,179,99893,179,99592,179,99949,179,99531,179,99950,181,99480,179,100049,179,99460,179,100082,179,99359,100,100103,100,99280,100,100123,100,98732,100,100135,100,98601,100,100156,100,98439,100
2019-06-28 09:58:10.000000000,99726,296,99690,296,99893,296,99592,296,99949,100,99531,100,99950,102,99480,100,100049,100,99460,100,100082,100,99359,100,100103,100,99280,100,100123,100,98732,100,100135,100,98601,100,100156,100,98439,100
2019-06-28 09:58:11.027950251,99726,296,99693,100,99893,296,99690,196,99949,100,99592,296,99950,102,99531,100,100049,100,99480,100,100082,100,99460,100,100103,100,99359,100,100123,100,99280,100,100135,100,98732,100,100156,100,98601,100
2019-06-28 09:58:20.000000000,99726,234,99693,234,99893,230,99592,230,99949,230,99531,230,99950,102,99480,100,100049,100,99460,100,100082,100,99359,100,100103,100,99280,100,100123,100,98732,100,100135,100,98601,100,100156,100,98439,100
2019-06-28 09:58:30.000000000,99726,234,99693,234,99893,230,99592,230,99949,230,99531,230,99950,102,99480,100,100049,100,99460,100,100082,100,99359,100,100103,100,99280,100,100123,100,98732,100,100135,100,98601,100,100156,100,98439,100
2019-06-28 09:58:40.000000000,99726,179,99693,179,99893,179,99592,179,99949,179,99531,179,99950,181,99480,179,100049,179,99460,179,100082,100,99359,100,100103,100,99280,100,100123,100,98732,100,100135,100,98601,100,100156,100,98439,100
2019-06-28 09:58:42.746625920,99726,179,99693,179,99782,100,99592,179,99893,179,99531,179,99949,179,99480,179,99950,181,99460,179,100049,179,99359,100,100082,100,98732,100,100103,100,98601,100,100123,100,98439,100,100135,100,98407,100
2019-06-28 09:58:50.000000000,99726,493,99693,493,99782,100,99592,100,99893,100,99531,100,99949,100,99480,100,99950,102,99460,100,100049,100,99359,100,100082,100,98732,100,100103,100,98601,100,100123,100,98439,100,100135,100,98407,100
2019-06-28 09:58:58.499186341,99726,493,99693,493,99782,100,99592,100,99893,100,99531,100,99911,100,99480,100,99949,100,99460,100,99950,102,99359,100,100049,100,98732,100,100082,100,98601,100,100103,100,98439,100,100123,100,98407,100
2019-06-28 09:59:00.000000000,99726,296,99693,296,99782,296,99592,296,99893,100,99531,100,99911,100,99480,100,99949,100,99460,100,99950,102,99359,100,100049,100,98732,100,100082,100,98601,100,100103,100,98439,100,100123,100,98407,100
2019-06-28 09:59:10.000000000,99726,493,99693,493,99782,100,99592,100,99893,100,99531,100,99911,100,99480,100,99949,100,99460,100,99950,102,99359,100,100049,100,98732,100,100082,100,98601,100,100103,100,98439,100,100123,100,98407,100
2019-06-28 09:59:20.000000000,99726,198,99693,198,99782,198,99592,198,99893,198,99531,198,99911,198,99480,198,99949,100,99460,100,99950,102,99359,100,100049,100,98732,100,100082,100,98601,100,100103,100,98439,100,100123,100,98407,100
2019-06-28 09:59:30.000000000,99726,296,99693,296,99782,296,99592,296,99893,100,99531,100,99911,100,99480,100,99949,100,99460,100,99950,102,99359,100,100049,100,98732,100,100082,100,98601,100,100103,100,98439,100,100123,100,98407,100
2019-06-28 09:59:30.284397463,99726,296,99693,296,99782,296,99592,296,99893,100,99531,100,99911,100,99480,100,99949,100,99460,100,99950,102,99359,100,100022,100,98732,100,100049,100,98601,100,100082,100,98439,100,100103,100,98407,100
2019-06-28 09:59:40.000000000,99726,296,99693,296,99782,296,99592,296,99893,100,99531,100,99911,100,99480,100,99949,100,99460,100,99950,102,99359,100,100022,100,98732,100,100049,100,98601,100,100082,100,98439,100,100103,100,98407,100
2019-06-28 09:59:50.000000000,99726,296,99693,296,99782,296,99592,296,99893,100,99531,100,99911,100,99480,100,99949,100,99460,100,99950,102,99359,100,100022,100,98732,100,100049,100,98601,100,100082,100,98439,100,100103,100,98407,100
2019-06-28 09:59:54.324861402,99726,296,99693,296,99782,296,99592,296,99893,100,99562,100,99911,100,99531,100,99949,100,99480,100,99950,102,99460,100,100022,100,99359,100,100049,100,98732,100,100082,100,98601,100,100103,100,98439,100
2019-06-28 10:00:00.000000000,99726,179,99693,179,99782,179,99592,179,99893,179,99562,179,99911,179,99531,179,99949,179,99480,179,99950,102,99460,100,100022,100,99359,100,100049,100,98732,100,100082,100,98601,100,100103,100,98439,100
2019-06-28 10:00:03.002827460,99726,79,99693,179,99782,179,99592,179,99893,179,99562,179,99911,179,99531,179,99949,179,99480,179,99950,102,99460,100,100022,100,99359,100,100049,100,98732,100,100082,100,98601,100,100103,100,98439,100
2019-06-28 10:00:10.000000000,99782,493,99693,493,99893,100,99592,100,99911,100,99562,100,99949,100,99531,100,99950,102,99480,100,100022,100,99460,100,100049,100,99359,100,100082,100,98732,100,100103,100,98601,100,100123,100,98439,100
2019-06-28 10:00:16.282192963,99782,493,99693,393,99893,100,99592,100,99911,100,99562,100,99949,100,99531,100,99950,102,99480,100,100022,100,99460,100,100049,100,99359,100,100082,100,98601,100,100103,100,98439,100,100123,100,98407,100
2019-06-28 10:00:20.000000000,99782,296,99592,296,99893,296,99562,296,99911,100,99531,100,99949,100,99480,100,99950,102,99460,100,100022,100,99359,100,100049,100,98601,100,100082,100,98439,100,100103,100,98407,100,100123,100,98199,100
2019-06-28 10:00:25.016979438,99630,100,99592,296,99782,296,99562,296,99893,296,99531,100,99911,100,99480,100,99949,100,99460,100,99950,102,99359,100,100022,100,98601,100,100049,100,98439,100,100082,100,98407,100,100103,100,98199,100
2019-06-28 10:00:30.000000000,99630,296,99592,296,99782,296,99562,296,99893,100,99531,100,99911,100,99480,100,99949,100,99460,100,99950,102,99359,100,100022,100,98601,100,100049,100,98439,100,100082,100,98407,100,100103,100,98199,100
2019-06-28 10:00:37.351368381,99630,296,99592,296,99782,296,99562,296,99893,100,99560,100,99911,100,99531,100,99949,100,99480,100,99950,102,99460,100,100022,100,99359,100,100049,100,98601,100,100082,100,98439,100,100103,100,98407,100
2019-06-28 10:00:40.000000000,99630,493,99592,493,99782,100,99562,100,99893,100,99560,100,99911,100,99531,100,99949,100,99480,100,99950,102,99460,100,100022,100,99359,100,100049,100,98601,100,100082,100,98439,100,100103,100,98407,100
2019-06-28 10:00:50.000000000,99630,234,99592,234,99782,230,99562,230,99893,230,99560,230,99911,100,99531,100,99949,100,99480,100,99950,102,99460,100,100022,100,99359,100,100049,100,98601,100,100082,100,98439,100,100103,100,98407,100
2019-06-28 10:01:00.000000000,99630,198,99592,198,99782,198,99562,198,99893,198,99560,198,99911,198,99531,198,99949,100,99480,100,99950,102,99460,100,100022,100,99359,100,100049,100,98601,100,100082,100,98439,100,100103,100,98407,100
2019-06-28 10:01:10.000000000,99630,234,99592,234,99782,230,99562,230,99893,230,99560,230,99911,100,99531,100,99949,100,99480,100,99950,102,99460,100,100022,100,99359,100,100049,100,98601,100,100082,100,98439,100,100103,100,98407,100
2019-06-28 10:01:19.411712651,99630,234,99592,234,99782,230,99562,230,99893,230,99560,230,99911,100,99531,100,99949,100,99480,100,99950,102,99460,100,100022,100,99359,100,100049,100,99199,100,100103,100,98601,100,100123,100,98439,100
2019-06-28 10:01:20.000000000,99630,198,99592,198,99782,198,99562,198,99893,198,99560,198,99911,198,99531,198,99949,100,99480,100,99950,102,99460,100,100022,100,99359,100,100049,100,99199,100,100103,100,98601,100,100123,100,98439,100
2019-06-28 10:01:30.000000000,99630,234,99592,234,99782,230,99562,230,99893,230,99560,230,99911,100,99531,100,99949,100,99480,100,99950,102,99460,100,100022,100,99359,100,100049,100,99199,100,100103,100,98601,100,100123,100,98439,100
2019-06-28 10:01:34.427645727,99630,234,99592,234,99782,230,99562,230,99893,230,99560,230,99911,100,99531,100,99949,100,99480,100,99950,102,99460,100,100022,100,99359,100,100049,100,99335,100,100103,100,99199,100,100123,100,98601,100
2019-06-28 10:01:35.161061845,99630,234,99592,234,99782,230,99562,230,99893,230,99560,230,99911,100,99531,100,99949,100,99480,100,99950,102,99460,100,100022,100,99359,100,100049,100,99346,100,100103,100,99335,100,100123,100,99199,100
2019-06-28 10:01:40.000000000,99630,179,99592,179,99782,179,99562,179,99893,179,99560,179,99911,179,99531,179,99949,179,99480,179,99950,102,99460,100,100022,100,99359,100,100049,100,99346,100,100103,100,99335,100,100123,100,99199,100
2019-06-28 10:01:41.490896419,99630,179,99592,179,99782,179,99562,179,99893,179,99560,179,99911,179,99531,179,99949,179,99480,79,99950,102,99460,100,100022,100,99435,100,100049,100,99359,100,100103,100,99346,100,100123,100,99335,100
2019-06-28 10:01:48.009454584,99630,179,99592,79,99782,179,99562,79,99893,179,99560,179,99911,179,99531,179,99949,179,99480,79,99950,102,99460,100,100022,100,99435,100,100049,100,99359,100,100103,100,99346,100,100123,100,99335,100
2019-06-28 10:01:50.000000000,99630,198,99560,198,99782,198,99531,198,99893,198,99460,198,99911,198,99435,198,99949,100,99359,100,99950,102,99346,100,100022,100,99335,100,100049,100,99199,100,100103,100,98601,100,100123,100,98439,100
2019-06-28 10:02:00.000000000,99630,296,99560,296,99782,296,99531,296,99893,100,99460,100,99911,100,99435,100,99949,100,99359,100,99950,102,99346,100,100022,100,99335,100,100049,100,99199,100,100103,100,98601,100,100123,100,98439,100
2019-06-28 10:02:10.000000000,99630,493,99560,493,99782,100,99531,100,99893,100,99460,100,99911,100,99435,100,99949,100,99359,100,99950,102,99346,100,100022,100,99335,100,100049,100,99199,100,100103,100,98601,100,100123,100,98439,100
2019-06-28 10:02:17.574727129,99630,493,99560,493,99637,100,99531,100,99782,100,99460,100,99893,100,99435,100,99911,100,99359,100,99949,100,99346,100,99950,102,99335,100,100022,100,99199,100,100049,100,98601,100,100103,100,98439,100
2019-06-28 10:02:20.000000000,99630,296,99560,296,99637,296,99531,296,99782,100,99460,100,99893,100,99435,100,99911,100,99359,100,99949,100,99346,100,99950,102,99335,100,100022,100,99199,100,100049,100,98601,100,100103,100,98439,100
2019-06-28 10:02:30.000000000,99630,179,99560,179,99637,179,99531,179,99782,179,99460,179,99893,179,99435,179,99911,179,99359,179,99949,100,99346,100,99950,102,99335,100,100022,100,99199,100,100049,100,98601,100,100103,100,98439,100
2019-06-28 10:02:40.000000000,99630,234,99560,234,99637,230,99531,230,99782,230,99460,230,99893,100,99435,100,99911,100,99359,100,99949,100,99346,100,99950,102,99335,100,100022,100,99199,100,100049,100,98601,100,100103,100,98439,100
2019-06-28 10:02:41.732246613,99630,234,99560,134,99637,230,99531,230,99782,230,99460,230,99893,100,99435,100,99911,100,99359,100,99949,100,99346,100,99950,102,99335,100,100022,100,99199,100,100049,100,98601,100,100103,100,98439,100
2019-06-28 10:02:50.000000000,99630,198,99531,198,99637,198,99460,198,99782,198,99435,198,99893,198,99359,198,99911,100,99346,100,99949,100,99335,100,99950,102,99199,100,100022,100,98601,100,100049,100,98439,100,100103,100,98407,100
2019-06-28 10:02:50.603384209,99630,198,99531,98,99637,198,99492,100,99782,198,99460,198,99893,198,99435,198,99911,100,99359,198,99949,100,99346,100,99950,102,99335,100,100022,100,99199,100,100049,100,98601,100,100103,100,98439,100
2019-06-28 10:02:52.270955030,99630,198,99563,100,99637,198,99531,98,99782,198,99492,100,99893,198,99460,198,99911,100,99435,198,99949,100,99359,198,99950,102,99346,100,100022,100,99335,100,100049,100,99199,100,100103,100,98601,100
2019-06-28 10:03:00.000000000,99630,493,99563,493,99637,100,99492,100,99782,100,99460,100,99893,100,99435,100,99911,100,99359,100,99949,100,99346,100,99950,102,99335,100,100022,100,99199,100,100049,100,98601,100,100103,100,98439,100
2019-06-28 10:03:10.000000000,99630,198,99563,198,99637,198,99492,198,99782,198,99460,198,99893,198,99435,198,99911,100,99359,100,99949,100,99346,100,99950,102,99335,100,100022,100,99199,100,100049,100,98601,100,100103,100,98439,100
2019-06-28 10:03:20.000000000,99630,179,99563,179,99637,179,99492,179,99782,179,99460,179,99893,179,99435,179,99911,179,99359,179,99949,100,99346,100,99950,102,99335,100,100022,100,99199,100,100049,100,98601,100,100103,100,98439,100
2019-06-28 10:03:24.212231387,99630,79,99563,179,99637,179,99492,179,99782,179,99460,179,99893,179,99435,179,99911,179,99359,179,99949,100,99346,100,99950,102,99335,100,100022,100,99199,100,100049,100,98601,100,100103,100,98439,100
2019-06-28 10:03:30.000000000,99637,198,99563,198,99782,198,99492,198,99893,198,99460,198,99911,198,99435,198,99949,100,99359,100,99950,102,99346,100,100022,100,99335,100,100049,100,99199,100,100103,100,98601,100,100123,100,98439,100
2019-06-28 10:03:40.000000000,99637,198,99563,198,99782,198,99492,198,99893,198,99460,198,99911,198,99435,198,99949,100,99359,100,99950,102,99346,100,100022,100,99335,100,100049,100,99199,100,100103,100,98601,100,100123,100,98439,100
2019-06-28 10:03:50.000000000,99637,493,99563,493,99782,100,99492,100,99893,100,99460,100,99911,100,99435,100,99949,100,99359,100,99950,102,99346,100,100022,100,99335,100,100049,100,99199,100,100103,100,98601,100,100123,100,98439,100
2019-06-28 10:04:00.000000000,99637,179,99563,179,99782,179,99492,179,99893,179,99460,179,99911,179,99435,179,99949,179,99359,179,99950,102,99346,100,100022,100,99335,100,100049,100,99199,100,100103,100,98601,100,100123,100,98439,100
2019-06-28 10:04:10.000000000,99637,493,99563,493,99782,100,99492,100,99893,100,99460,100,99911,100,99435,100,99949,100,99359,100,99950,102,99346,100,100022,100,99335,100,100049,100,99199,100,100103,100,98601,100,100123,100,98439,100
2019-06-28 10:04:13.609163275,99637,493,99563,493,99782,100,99492,100,99893,100,99460,100,99911,100,99435,100,99949,100,99410,100,99950,102,99359,100,100022,100,99346,100,100049,100,99335,100,100103,100,99199,100,100123,100,98601,100
2019-06-28 10:04:15.943873372,99637,493,99563,493,99782,100,99518,100,99893,100,99492,100,99911,100,99460,100,99949,100,99435,100,99950,102,99410,100,100022,100,99359,100,100049,100,99346,100,100103,100,99335,100,100123,100,99199,100
2019-06-28 10:04:20.000000000,99637,234,99563,234,99782,230,99518,230,99893,230,99492,230,99911,100,99460,100,99949,100,99435,100,99950,102,99410,100,100022,100,99359,100,100049,100,99346,100,100103,100,99335,100,100123,100,99199,100
2019-06-28 10:04:20.598225328,99637,234,99631,100,99782,230,99563,234,99893,230,99518,230,99911,100,99492,230,99949,100,99460,100,99950,102,99435,100,100022,100,99410,100,100049,100,99359,100,100103,100,99346,100,100123,100,99335,100
2019-06-28 10:04:30.000000000,99637,296,99631,296,99782,296,99563,296,99893,100,99518,100,99911,100,99492,100,99949,100,99460,100,99950,102,99435,100,100022,100,99410,100,100049,100,99359,100,100103,100,99346,100,100123,100,99335,100
2019-06-28 10:04:36.608251405,99637,296,99631,296,99782,296,99564,100,99893,100,99563,296,99911,100,99518,100,99949,100,99492,100,99950,102,99460,100,100022,100,99435,100,100049,100,99410,100,100103,100,99359,100,100123,100,99346,100
2019-06-28 10:04:40.000000000,99637,493,99631,493,99782,100,99564,100,99893,100,99563,100,99911,100,99518,100,99949,100,99492,100,99950,102,99460,100,100022,100,99435,100,100049,100,99410,100,100103,100,99359,100,100123,100,99346,100
2019-06-28 10:04:50.000000000,99637,179,99631,179,99782,179,99564,179,99893,179,99563,179,99911,179,99518,179,99949,179,99492,179,99950,102,99460,100,100022,100,99435,100,100049,100,99410,100,100103,100,99359,100,100123,100,99346,100
2019-06-28 10:04:57.007996521,99637,79,99631,179,99782,179,99564,179,99893,179,99563,179,99911,179,99518,179,99949,179,99492,179,99950,102,99460,100,100022,100,99435,100,100049,100,99410,100,100103,100,99359,100,100123,100,99346,100
2019-06-28 10:05:00.000000000,99782,234,99631,234,99893,230,99564,230,99911,230,99563,230,99949,100,99518,100,99950,102,99492,100,100022,100,99460,100,100049,100,99435,100,100103,100,99410,100,100123,100,99359,100,100156,100,99346,100
2019-06-28 10:05:10.000000000,99782,198,99631,198,99893,198,99564,198,99911,198,99563,198,99949,198,99518,198,99950,102,99492,100,100022,100,99460,100,100049,100,99435,100,100103,100,99410,100,100123,100,99359,100,100156,100,99346,100
2019-06-28 10:05:20.000000000,99782,493,99631,493,99893,100,99564,100,99911,100,99563,100,99949,100,99518,100,99950,102,99492,100,100022,100,99460,100,100049,100,99435,100,100103,100,99410,100,100123,100,99359,100,100156,100,99346,100
2019-06-28 10:05:30.000000000,99782,493,99631,493,99893,100,99564,100,99911,100,99563,100,99949,100,99518,100,99950,102,99492,100,100022,100,99460,100,100049,100,99435,100,100103,100,99410,100,100123,100,99359,100,100156,100,99346,100
2019-06-28 10:05:40.000000000,99782,234,99631,234,99893,230,99564,230,99911,230,99563,230,99949,100,99518,100,99950,102,99492,100,100022,100,99460,100,100049,100,99435,100,100103,100,99410,100,100123,100,99359,100,100156,100,99346,100
2019-06-28 10:05:48.891659506,99782,234,99631,234,99893,230,99564,230,99911,230,99563,230,99949,100,99518,100,99950,102,99492,100,100022,100,99460,100,100049,100,99435,100,100103,100,99418,100,100123,100,99410,100,100156,100,99359,100
2019-06-28 10:05:50.000000000,99782,234,99631,234,99893,230,99564,230,99911,230,99563,230,99949,100,99518,100,99950,102,99492,100,100022,100,99460,100,100049,100,99435,100,100103,100,99418,100,100123,100,99410,100,100156,100,99359,100
2019-06-28 10:06:00.000000000,99782,198,99631,198,99893,198,99564,198,99911,198,99563,198,99949,198,99518,198,99950,102,99492,100,100022,100,99460,100,100049,100,99435,100,100103,100,99418,100,100123,100,99410,100,100156,100,99359,100
2019-06-28 10:06:04.819630919,99782,198,99631,98,99893,198,99564,198,99911,198,99563,198,99949,198,99518,198,99950,102,99492,100,100022,100,99460,100,100049,100,99435,100,100103,100,99418,100,100123,100,99410,100,100156,100,99359,100
2019-06-28 10:06:10.000000000,99782,493,99564,493,99893,100,99563,100,99911,100,99518,100,99949,100,99492,100,99950,102,99460,100,100022,100,99435,100,100049,100,99418,100,100103,100,99410,100,100123,100,99359,100,100156,100,99346,100
2019-06-28 10:06:20.000000000,99782,198,99564,198,99893,198,99563,198,99911,198,99518,198,99949,198,99492,198,99950,102,99460,100,100022,100,99435,100,100049,100,99418,100,100103,100,99410,100,100123,100,99359,100,100156,100,99346,100
2019-06-28 10:06:20.815767643,99782,198,99564,198,99893,198,99563,198,99911,198,99521,100,99949,198,99518,198,99950,102,99492,198,100022,100,99460,100,100049,100,99435,100,100103,100,99418,100,100123,100,99410,100,100156,100,99359,100
2019-06-28 10:06:26.197289665,99589,100,99564,198,99782,198,99563,198,99893,198,99521,100,99911,198,99518,198,99949,198,99492,198,99950,102,99460,100,100022,100,99435,100,100049,100,99418,100,100103,100,99410,100,100123,100,99359,100
2019-06-28 10:06:27.544049816,99782,198,99564,198,99893,198,99563,198,99911,198,99521,100,99949,198,99518,198,99950,102,99492,198,100022,100,99460,100,100049,100,99435,100,100103,100,99418,100,100123,100,99410,100,100156,100,99359,100
2019-06-28 10:06:30.000000000,99782,296,99564,296,99893,296,99563,296,99911,100,99521,100,99949,100,99518,100,99950,102,99492,100,100022,100,99460,100,100049,100,99435,100,100103,100,99418,100,100123,100,99410,100,100156,100,99359,100
2019-06-28 10:06:40.000000000,99782,234,99564,234,99893,230,99563,230,99911,230,99521,230,99949,100,99518,100,99950,102,99492,100,100022,100,99460,100,100049,100,99435,100,100103,100,99418,100,100123,100,99410,100,100156,100,99359,100
2019-06-28 10:06:50.000000000,99782,234,99564,234,99893,230,99563,230,99911,230,99521,230,99949,100,99518,100,99950,102,99492,100,100022,100,99460,100,100049,100,99435,100,100103,100,99418,100,100123,100,99410,100,100156,100,99359,100
2019-06-28 10:06:53.279517182,99782,134,99564,234,99893,230,99563,230,99911,230,99521,230,99949,100,99518,100,99950,102,99492,100,100022,100,99460,100,100049,100,99435,100,100103,100,99418,100,100123,100,99410,100,100156,100,99359,100
2019-06-28 10:07:00.000000000,99893,296,99564,296,99911,296,99563,296,99949,100,99521,100,99950,102,99518,100,100022,100,99492,100,100049,100,99460,100,100103,100,99435,100,100123,100,99418,100,100156,100,99410,100,100702,100,99359,100
2019-06-28 10:07:10.000000000,99893,179,99564,179,99911,179,99563,179,99949,179,99521,179,99950,181,99518,179,100022,179,99492,179,100049,100,99460,100,100103,100,99435,100,100123,100,99418,100,100156,100,99410,100,100702,100,99359,100
2019-06-28 10:07:16.791978718,99893,179,99589,100,99911,179,99564,179,99949,179,99563,179,99950,181,99521,179,100022,179,99518,179,100049,100,99492,179,100103,100,99460,100,100123,100,99435,100,100156,100,99418,100,100702,100,99410,100
2019-06-28 10:07:20.000000000,99893,493,99589,493,99911,100,99564,100,99949,100,99563,100,99950,102,99521,100,100022,100,99518,100,100049,100,99492,100,100103,100,99460,100,100123,100,99435,100,100156,100,99418,100,100702,100,99410,100
2019-06-28 10:07:30.000000000,99893,179,99589,179,99911,179,99564,179,99949,179,99563,179,99950,181,99521,179,100022,179,99518,179,100049,100,99492,100,100103,100,99460,100,100123,100,99435,100,100156,100,99418,100,100702,100,99410,100
2019-06-28 10:07:31.894646349,99893,179,99589,179,99911,179,99564,179,99949,179,99563,179,99950,181,99521,179,100022,179,99518,179,100049,100,99492,100,100103,100,99460,100,100123,100,99435,100,100156,100,99418,100,100702,100,99410,100
2019-06-28 10:07:40.000000000,99893,493,99589,493,99911,100,99564,100,99949,100,99563,100,99950,102,99521,100,100022,100,99518,100,100049,100,99492,100,100103,100,99460,100,100123,100,99435,100,100156,100,99418,100,100702,100,99410,100
2019-06-28 10:07:50.000000000,99893,179,99589,179,99911,179,99564,179,99949,179,99563,179,99950,181,99521,179,100022,179,99518,179,100049,100,99492,100,100103,100,99460,100,100123,100,99435,100,100156,100,99418,100,100702,100,99410,100
2019-06-28 10:08:00.000000000,99893,179,99589,179,99911,179,99564,179,99949,179,99563,179,99950,181,99521,179,100022,179,99518,179,100049,100,99492,100,100103,100,99460,100,100123,100,99435,100,100156,100,99418,100,100702,100,99410,100
2019-06-28 10:08:06.723750458,99893,179,99589,279,99911,179,99564,179,99949,179,99563,179,99950,181,99521,179,100022,179,99518,179,100049,100,99492,100,100103,100,99460,100,100123,100,99435,100,100156,100,99418,100,100702,100,99410,100
2019-06-28 10:08:10.000000000,99893,198,99589,298,99911,198,99564,198,99949,198,99563,198,99950,200,99521,198,100022,100,99518,100,100049,100,99492,100,100103,100,99460,100,100123,100,99435,100,100156,100,99418,100,100702,100,99410,100
2019-06-28 10:08:14.968794502,99893,98,99589,298,99911,198,99564,198,99949,198,99563,198,99950,200,99521,198,100022,100,99518,100,100049,100,99492,100,100103,100,99460,100,100123,100,99435,100,100156,100,99418,100,100702,100,99410,100
2019-06-28 10:08:20.000000000,99911,179,99589,279,99949,179,99564,179,99950,181,99563,179,100022,179,99521,179,100049,179,99518,179,100103,100,99492,100,100123,100,99460,100,100156,100,99435,100,100702,100,99418,100,101084,100,99410,100
2019-06-28 10:08:20.730140674,99911,79,99589,279,99949,179,99564,179,99950,179,99563,179,100022,179,99521,179,100049,179,99518,179,100103,100,99492,100,100123,100,99460,100,100156,100,99435,100,100702,100,99418,100,101084,100,99410,100
2019-06-28 10:08:30.000000000,99949,493,99589,593,99950,100,99564,100,100022,100,99563,100,100049,100,99521,100,100103,100,99518,100,100123,100,99492,100,100156,100,99460,100,100702,100,99435,100,101084,100,99418,100,,,99410,100
2019-06-28 10:08:37.970366928,99949,493,99589,593,99950,100,99564,100,100022,100,99563,100,100049,100,99521,100,100103,100,99518,100,100123,100,99492,100,100156,100,99460,100,100702,100,99435,100,101084,100,99418,100,101294,100,99410,100
2019-06-28 10:08:40.000000000,99949,179,99589,279,99950,179,99564,179,100022,179,99563,179,100049,179,99521,179,100103,179,99518,179,100123,100,99492,100,100156,100,99460,100,100702,100,99435,100,101084,100,99418,100,101294,100,99410,100
2019-06-28 10:08:42.452117639,99949,179,99589,279,99950,179,99564,179,100022,179,99563,179,100049,179,99521,179,100103,179,99518,179,100123,100,99492,100,100156,100,99460,100,100702,100,99435,100,101084,100,99418,100,101294,100,99410,100
2019-06-28 10:08:50.000000000,99949,198,99589,298,99950,198,99564,198,100022,198,99563,198,100049,198,99521,198,100103,100,99518,100,100123,100,99492,100,100156,100,99460,100,100702,100,99435,100,101084,100,99418,100,101294,100,99410,100
2019-06-28 10:08:51.659336644,99949,198,99589,298,99950,198,99564,198,100022,198,99563,198,100049,198,99521,198,100103,100,99518,100,100123,100,99492,100,100702,100,99460,100,101084,100,99435,100,101294,100,99418,100,101583,100,99410,100
2019-06-28 10:09:00.000000000,99949,296,99589,396,99950,296,99564,296,100022,100,99563,100,100049,100,99521,100,100103,100,99518,100,100123,100,99492,100,100702,100,99460,100,101084,100,99435,100,101294,100,99418,100,101583,100,99410,100
2019-06-28 10:09:06.445365299,99949,296,99893,100,99950,296,99589,396,100022,100,99564,296,100049,100,99563,100,100103,100,99521,100,100123,100,99518,100,100702,100,99492,100,101084,100,99460,100,101294,100,99435,100,101583,100,99418,100
2019-06-28 10:09:07.444210146,99949,296,99893,100,99950,296,99589,396,100022,100,99564,296,100049,100,99563,100,100103,100,99521,100,100123,100,99518,100,100702,100,99492,100,101084,100,99460,100,101283,100,99435,100,101294,100,99418,100
2019-06-28 10:09:09.091880370,99949,296,99893,100,99950,196,99589,396,100022,100,99564,296,100049,100,99563,100,100103,100,99521,100,100123,100,99518,100,100702,100,99492,100,101084,100,99460,100,101283,100,99435,100,101294,100,99418,100
2019-06-28 10:09:10.000000000,99949,179,99893,179,100022,179,99589,279,100049,179,99564,179,100103,179,99563,179,100123,179,99521,179,100702,100,99518,100,101084,100,99492,100,101283,100,99460,100,101294,100,99435,100,101583,100,99418,100
