,ask_price_1,ask_size_1,bid_price_1,bid_size_1,ask_price_2,ask_size_2,bid_price_2,bid_size_2,ask_price_3,ask_size_3,bid_price_3,bid_size_3,ask_price_4,ask_size_4,bid_price_4,bid_size_4,ask_price_5,ask_size_5,bid_price_5,bid_size_5,ask_price_6,ask_size_6,bid_price_6,bid_size_6,ask_price_7,ask_size_7,bid_price_7,bid_size_7,ask_price_8,ask_size_8,bid_price_8,bid_size_8,ask_price_9,ask_size_9,bid_price_9,bid_size_9,ask_price_10,ask_size_10,bid_price_10,bid_size_10
2019-06-28 09:30:00.000000003,100102,100,,,,,,,,,,,,,,,,,,,,,,,,,,,,,,,,,,,,,,
2019-06-28 09:30:00.000000004,99980,100,,,100098,100,,,100102,100,,,,,,,,,,,,,,,,,,,,,,,,,,,,,,
2019-06-28 09:30:00.000000006,99980,100,,,100018,100,,,100098,100,,,100102,100,,,,,,,,,,,,,,,,,,,,,,,,,,
2019-06-28 09:30:00.000000007,99980,100,99930,100,100018,100,,,100098,100,,,100102,100,,,,,,,,,,,,,,,,,,,,,,,,,,
2019-06-28 09:30:00.000000008,99977,100,99935,100,99980,100,99930,100,100018,100,,,100098,100,,,100102,100,,,,,,,,,,,,,,,,,,,,,,
2019-06-28 09:30:00.000000010,99980,100,99935,100,100018,100,99930,100,100098,100,,,100102,100,,,,,,,,,,,,,,,,,,,,,,,,,,
2019-06-28 09:30:00.000000011,99980,100,99935,100,100018,100,99930,100,100098,100,99912,100,100102,100,,,,,,,,,,,,,,,,,,,,,,,,,,
2019-06-28 09:30:00.000000014,99980,100,99935,100,100018,100,99930,100,100098,100,99918,100,100102,100,99912,100,,,,,,,,,,,,,,,,,,,,,,,,
2019-06-28 09:30:00.000000015,100018,100,99935,100,100098,100,99930,100,100102,100,99918,100,,,99912,100,,,,,,,,,,,,,,,,,,,,,,,,
2019-06-28 09:30:00.000000016,100018,100,100014,100,100098,100,99935,100,100102,100,99930,100,,,99918,100,,,99912,100,,,,,,,,,,,,,,,,,,,,
2019-06-28 09:30:00.000000018,100018,100,100014,100,100098,100,99935,100,100102,100,99930,100,,,99918,100,,,99912,100,,,99857,100,,,,,,,,,,,,,,,,
2019-06-28 09:30:00.000000019,100018,100,100014,100,100098,100,99959,100,100102,100,99935,100,,,99930,100,,,99918,100,,,99912,100,,,99857,100,,,,,,,,,,,,
2019-06-28 09:30:00.000000020,100018,100,100014,100,100098,100,99959,100,100102,100,99935,100,,,99930,100,,,99918,100,,,99912,100,,,99882,100,,,99857,100,,,,,,,,
2019-06-28 09:30:00.000000021,100018,100,99959,100,100098,100,99935,100,100102,100,99930,100,,,99918,100,,,99912,100,,,99882,100,,,99857,100,,,,,,,,,,,,
2019-06-28 09:30:00.000000023,100018,100,99970,100,100098,100,99959,100,100102,100,99935,100,,,99930,100,,,99918,100,,,99912,100,,,99882,100,,,99857,100,,,,,,,,
2019-06-28 09:30:00.000000024,100018,100,99970,100,100098,100,99959,100,100102,100,99935,100,100140,100,99930,100,,,99918,100,,,99914,100,,,99912,100,,,99882,100,,,99857,100,,,,
2019-06-28 09:30:00.000000032,100098,100,99970,100,100102,100,99959,100,100140,100,99935,100,,,99930,100,,,99918,100,,,99914,100,,,99912,100,,,99882,100,,,99857,100,,,,
2019-06-28 09:30:00.000000034,100102,100,99970,100,100140,100,99959,100,,,99935,100,,,99930,100,,,99918,100,,,99914,100,,,99912,100,,,99882,100,,,99857,100,,,,
2019-06-28 09:30:00.000000035,100102,100,99970,100,100140,100,99959,100,,,99935,100,,,99930,100,,,99918,100,,,99914,100,,,99912,100,,,99907,100,,,99882,100,,,99857,100
2019-06-28 09:30:00.000000036,100102,100,100018,100,100140,100,99970,100,,,99959,100,,,99935,100,,,99930,100,,,99918,100,,,99914,100,,,99912,100,,,99907,100,,,99882,100
2019-06-28 09:30:00.000000038,100102,100,100041,100,100140,100,100018,100,,,99970,100,,,99959,100,,,99935,100,,,99930,100,,,99918,100,,,99914,200,,,99912,100,,,99907,100
2019-06-28 09:30:00.000000039,100063,100,100041,100,100102,100,100018,100,100140,100,99970,100,,,99959,100,,,99935,100,,,99930,100,,,99918,100,,,99914,200,,,99912,100,,,99907,100
2019-06-28 09:30:00.000000041,100063,100,100041,100,100098,100,100036,100,100102,100,100018,100,100140,100,99970,100,,,99959,100,,,99935,100,,,99930,100,,,99918,100,,,99914,200,,,99912,100
2019-06-28 09:30:00.000000042,100063,100,100041,100,100098,100,100036,100,100102,100,100018,100,100140,100,99970,100,,,99959,100,,,99935,100,,,99930,100,,,99923,100,,,99918,100,,,99914,200
2019-06-28 09:30:00.000000048,100062,100,100036,100,100063,100,100018,100,100080,100,99970,100,100098,100,99959,100,100102,100,99935,100,100140,100,99930,100,,,99923,100,,,99918,100,,,99914,200,,,99912,100
2019-06-28 09:30:00.000000051,100062,100,100018,100,100063,100,99970,100,100080,100,99959,100,100098,100,99935,100,100102,100,99930,100,100140,100,99923,100,,,99918,100,,,99914,200,,,99912,100,,,99907,100
2019-06-28 09:30:00.000000053,100062,100,100018,100,100063,100,99970,100,100080,100,99959,100,100098,100,99952,100,100102,100,99935,100,100140,100,99930,100,,,99923,100,,,99918,100,,,99914,200,,,99912,100
2019-06-28 09:30:00.000000058,100062,100,100018,100,100063,100,99970,100,100080,100,99959,100,100098,100,99952,100,100102,100,99935,100,100140,100,99934,100,,,99930,100,,,99923,100,,,99918,100,,,99914,200
2019-06-28 09:30:00.000000060,100041,100,100018,100,100062,100,99970,100,100063,100,99959,100,100080,100,99952,100,100098,100,99935,100,100102,100,99934,100,100140,100,99930,100,,,99923,100,,,99918,100,,,99914,200
2019-06-28 09:30:00.000000061,100041,100,99970,100,100062,100,99959,100,100063,100,99952,100,100080,100,99935,100,100098,100,99934,100,100102,100,99930,100,100140,100,99923,100,,,99918,100,,,99914,200,,,99912,100
2019-06-28 09:30:00.000000065,100041,100,99982,100,100062,100,99970,100,100063,100,99959,100,100080,100,99952,100,100098,100,99935,100,100102,100,99934,100,100140,100,99930,100,,,99923,100,,,99918,100,,,99914,200
2019-06-28 09:30:00.000000066,100041,100,99982,100,100062,100,99970,100,100063,100,99968,100,100080,100,99959,100,100098,100,99952,100,100102,100,99935,100,100140,100,99934,100,,,99930,100,,,99923,100,,,99918,100
2019-06-28 09:30:00.000000071,100041,100,99982,100,100062,100,99970,100,100063,100,99968,100,100080,100,99959,100,100098,100,99952,100,100102,100,99935,100,100140,100,99934,100,100210,100,99930,100,,,99923,100,,,99918,100
2019-06-28 09:30:00.000000073,100036,100,99982,100,100041,100,99970,100,100062,100,99968,100,100063,100,99959,100,100080,100,99952,100,100098,100,99935,100,100102,100,99934,100,100140,100,99930,100,100210,100,99923,100,,,99918,100
2019-06-28 09:30:00.000000075,100036,100,100019,100,100041,100,99982,100,100062,100,99970,100,100063,100,99968,100,100080,100,99959,100,100093,100,99952,100,100098,100,99935,100,100102,100,99934,100,100140,100,99930,100,100210,100,99923,100
2019-06-28 09:30:00.000000076,100036,100,100019,100,100041,100,99982,100,100062,100,99970,100,100063,100,99968,100,100080,100,99959,100,100093,100,99952,100,100098,100,99935,100,100102,100,99934,100,100140,100,99930,100,100210,100,99923,100
2019-06-28 09:30:00.000000077,100041,100,100019,100,100062,100,99982,100,100063,100,99970,100,100080,100,99968,100,100093,100,99959,100,100098,100,99952,100,100102,100,99935,100,100140,100,99934,100,100210,100,99930,100,,,99923,100
2019-06-28 09:30:00.000000079,100041,100,100019,100,100062,100,99982,100,100063,100,99970,100,100069,100,99968,100,100080,100,99959,100,100093,100,99952,100,100098,100,99935,100,100102,100,99934,100,100140,100,99930,100,100210,100,99923,100
2019-06-28 09:30:00.000000080,100041,100,100019,100,100059,100,99982,100,100062,100,99970,100,100063,100,99968,100,100069,100,99959,100,100080,100,99952,100,100093,100,99935,100,100098,100,99934,100,100102,100,99930,100,100140,100,99923,100
2019-06-28 09:30:00.000000082,100036,100,100019,200,100041,100,99982,100,100059,100,99970,100,100062,100,99968,100,100063,100,99959,100,100069,100,99952,100,100080,100,99935,100,100093,100,99934,100,100098,100,99930,100,100102,100,99923,100
2019-06-28 09:30:00.000000085,100036,100,100019,200,100041,100,99982,100,100059,100,99970,100,100062,100,99968,100,100063,100,99959,100,100069,100,99952,100,100080,100,99935,100,100093,100,99934,100,100098,100,99930,100,100102,100,99923,100
2019-06-28 09:30:00.000000087,100036,100,100019,100,100041,100,99982,100,100059,100,99970,100,100062,100,99968,100,100063,100,99959,100,100069,100,99952,100,100080,100,99935,100,100093,100,99934,100,100098,100,99930,100,100102,100,99923,100
2019-06-28 09:30:00.000000088,100036,100,100019,100,100041,100,99982,100,100059,100,99970,100,100062,100,99968,100,100063,100,99959,100,100069,100,99952,100,100080,100,99935,100,100093,100,99934,100,100098,100,99930,100,100102,100,99923,100
2019-06-28 09:30:00.000000089,100036,100,100019,100,100041,100,99982,100,100059,100,99970,100,100062,100,99968,100,100063,100,99959,100,100069,100,99952,100,100080,100,99935,100,100093,100,99934,100,100098,100,99930,100,100102,100,99923,100
2019-06-28 09:30:00.000000091,100036,100,100019,100,100041,100,99982,100,100059,100,99970,100,100062,100,99968,100,100063,100,99959,100,100069,100,99952,100,100080,100,99935,100,100093,100,99934,100,100098,100,99930,100,100102,100,99923,100
2019-06-28 09:30:00.000000092,100036,100,100019,100,100041,100,99982,100,100059,100,99970,100,100062,100,99968,100,100063,100,99959,100,100069,100,99952,100,100080,100,99935,100,100093,100,99934,100,100098,100,99930,100,100102,100,99923,100
2019-06-28 09:30:00.000000095,100041,100,100019,100,100059,100,99994,100,100062,100,99982,100,100063,100,99970,100,100069,100,99968,100,100080,100,99959,100,100093,100,99952,100,100098,100,99935,100,100102,100,99934,100,100111,100,99930,100
2019-06-28 09:30:00.968185096,100036,100,100019,100,100041,100,99994,100,100059,100,99982,100,100062,100,99970,100,100063,100,99968,100,100069,100,99959,100,100080,100,99952,100,100093,100,99935,100,100098,100,99934,100,100102,100,99930,100
2019-06-28 09:30:04.313031277,100036,100,99994,100,100041,100,99982,100,100059,100,99970,100,100062,100,99968,100,100063,100,99959,100,100080,100,99952,100,100093,100,99935,100,100098,100,99934,100,100102,100,99930,100,100111,100,99923,100
2019-06-28 09:30:10.000000000,100036,196,99994,196,100041,196,99982,196,100059,196,99970,196,100062,196,99968,196,100063,196,99959,196,100080,100,99952,100,100093,100,99935,100,100098,100,99934,100,100102,100,99930,100,100111,100,99923,100
2019-06-28 09:30:20.000000000,100036,220,99994,220,100041,220,99982,220,100059,220,99970,220,100062,220,99968,220,100063,100,99959,100,100080,100,99952,100,100093,100,99935,100,100098,100,99934,100,100102,100,99930,100,100111,100,99923,100
2019-06-28 09:30:30.000000000,100036,196,99994,196,100041,196,99982,196,100059,196,99970,196,100062,196,99968,196,100063,196,99959,196,100080,100,99952,100,100093,100,99935,100,100098,100,99934,100,100102,100,99930,100,100111,100,99923,100
2019-06-28 09:30:40.000000000,100036,196,99994,196,100041,196,99982,196,100059,196,99970,196,100062,196,99968,196,100063,196,99959,196,100080,100,99952,100,100093,100,99935,100,100098,100,99934,100,100102,100,99930,100,100111,100,99923,100
2019-06-28 09:30:50.000000000,100036,263,99994,263,100041,258,99982,258,100059,258,99970,258,100062,100,99968,100,100063,100,99959,100,100080,100,99952,100,100093,100,99935,100,100098,100,99934,100,100102,100,99930,100,100111,100,99923,100
2019-06-28 09:30:52.290997639,100036,163,99994,263,100041,258,99982,258,100059,258,99970,258,100062,100,99968,100,100080,100,99959,100,100093,100,99952,100,100098,100,99935,100,100102,100,99934,100,100111,100,99930,100,100113,100,99923,100
2019-06-28 09:31:00.000000000,100041,340,99994,340,100059,340,99982,340,100062,100,99970,100,100080,100,99968,100,100093,100,99959,100,100098,100,99952,100,100102,100,99935,100,100111,100,99934,100,100113,100,99930,100,100114,100,99923,100
2019-06-28 09:31:03.455302222,100041,340,99994,340,100059,340,99982,340,100062,100,99970,100,100080,100,99968,100,100093,100,99959,100,100098,100,99952,100,100102,100,99934,100,100111,100,99930,100,100113,100,99923,100,100114,100,99922,100
2019-06-28 09:31:04.504582611,100041,340,100019,100,100059,340,99994,340,100062,100,99982,340,100080,100,99970,100,100093,100,99968,100,100098,100,99959,100,100102,100,99952,100,100111,100,99934,100,100113,100,99930,100,100114,100,99923,100
2019-06-28 09:31:10.000000000,100041,263,100019,263,100059,258,99994,258,100062,258,99982,258,100080,100,99970,100,100093,100,99968,100,100098,100,99959,100,100102,100,99952,100,100111,100,99934,100,100113,100,99930,100,100114,100,99923,100
2019-06-28 09:31:20.000000000,100041,580,100019,580,100059,100,99994,100,100062,100,99982,100,100080,100,99970,100,100093,100,99968,100,100098,100,99959,100,100102,100,99952,100,100111,100,99934,100,100113,100,99930,100,100114,100,99923,100
2019-06-28 09:31:30.000000000,100041,580,100019,580,100059,100,99994,100,100062,100,99982,100,100080,100,99970,100,100093,100,99968,100,100098,100,99959,100,100102,100,99952,100,100111,100,99934,100,100113,100,99930,100,100114,100,99923,100
2019-06-28 09:31:36.919665041,100041,580,100019,680,100059,100,99994,100,100062,100,99982,100,100080,100,99970,100,100093,100,99968,100,100098,100,99959,100,100102,100,99952,100,100111,100,99934,100,100113,100,99930,100,100114,100,99923,100
2019-06-28 09:31:40.000000000,100041,196,100019,296,100059,196,99994,196,100062,196,99982,196,100080,196,99970,196,100093,196,99968,196,100098,100,99959,100,100102,100,99952,100,100111,100,99934,100,100113,100,99930,100,100114,100,99923,100
2019-06-28 09:31:47.837186976,100041,96,100019,296,100059,196,99994,196,100062,196,99982,196,100080,196,99970,196,100093,196,99968,196,100098,100,99959,100,100102,100,99952,100,100111,100,99934,100,100113,100,99930,100,100114,100,99923,100
2019-06-28 09:31:49.056123071,100041,96,100036,100,100059,196,100019,296,100062,196,99994,196,100080,196,99982,196,100093,196,99970,196,100098,100,99968,196,100102,100,99959,100,100111,100,99952,100,100113,100,99934,100,100114,100,99930,100
2019-06-28 09:31:50.000000000,100059,263,100036,263,100062,258,100019,358,100080,258,99994,258,100093,100,99982,100,100098,100,99970,100,100102,100,99968,100,100111,100,99959,100,100113,100,99952,100,100114,100,99934,100,100140,100,99930,100
2019-06-28 09:31:56.374841555,100059,263,100036,263,100062,258,100019,358,100080,258,99994,258,100093,100,99982,100,100098,100,99970,100,100102,100,99968,100,100111,100,99959,100,100113,100,99952,100,100114,100,99934,100,100140,100,99930,100
2019-06-28 09:32:00.000000000,100059,340,100036,340,100062,340,100019,440,100080,100,99994,100,100093,100,99982,100,100098,100,99970,100,100102,100,99968,100,100111,100,99959,100,100113,100,99952,100,100114,100,99934,100,100140,100,99930,100
2019-06-28 09:32:10.000000000,100059,340,100036,340,100062,340,100019,440,100080,100,99994,100,100093,100,99982,100,100098,100,99970,100,100102,100,99968,100,100111,100,99959,100,100113,100,99952,100,100114,100,99934,100,100140,100,99930,100
2019-06-28 09:32:19.298276385,100059,240,100036,340,100062,340,100019,440,100080,100,99994,100,100093,100,99982,100,100098,100,99970,100,100102,100,99968,100,100111,100,99959,100,100113,100,99952,100,100114,100,99934,100,100140,100,99930,100
2019-06-28 09:32:20.000000000,100062,340,100036,340,100080,340,100019,440,100093,100,99994,100,100098,100,99982,100,100102,100,99970,100,100111,100,99968,100,100113,100,99959,100,100114,100,99952,100,100140,100,99934,100,100210,100,99930,100
2019-06-28 09:32:28.062808993,100062,340,100036,340,100080,340,100019,440,100093,100,99994,100,100098,100,99982,100,100102,100,99970,100,100111,100,99968,100,100113,100,99959,100,100114,100,99952,100,100140,100,99934,100,100210,100,99930,100
2019-06-28 09:32:30.000000000,100062,220,100036,220,100080,220,100019,320,100093,220,99994,220,100098,220,99982,220,100102,100,99970,100,100111,100,99968,100,100113,100,99959,100,100114,100,99952,100,100140,100,99934,100,100210,100,99930,100
2019-06-28 09:32:32.144638061,100062,120,100036,220,100080,220,100019,320,100093,220,99994,220,100098,220,99982,220,100102,100,99970,100,100111,100,99968,100,100113,100,99959,100,100114,100,99952,100,100140,100,99934,100,100210,100,99930,100
2019-06-28 09:32:40.000000000,100080,220,100036,220,100093,220,100019,320,100098,220,99994,220,100102,220,99982,220,100111,100,99970,100,100113,100,99968,100,100114,100,99959,100,100140,100,99952,100,100210,100,99934,100,100264,100,99930,100
2019-06-28 09:32:44.527227619,100080,220,100059,100,100093,220,100036,220,100098,220,100019,320,100102,220,99994,220,100111,100,99982,220,100113,100,99970,100,100114,100,99968,100,100140,100,99959,100,100210,100,99952,100,100264,100,99934,100
2019-06-28 09:32:50.000000000,100080,196,100059,196,100093,196,100036,196,100098,196,100019,296,100102,196,99994,196,100111,196,99982,196,100113,100,99970,100,100114,100,99968,100,100140,100,99959,100,100210,100,99952,100,100264,100,99934,100
2019-06-28 09:32:56.791942132,100080,196,100059,196,100093,196,100036,196,100098,196,100019,296,100102,196,99994,196,100111,196,99982,196,100113,100,99970,100,100114,100,99968,100,100140,100,99959,100,100210,100,99952,100,100264,100,99934,100
2019-06-28 09:33:00.000000000,100080,263,100059,263,100093,258,100036,258,100098,258,100019,358,100102,100,99994,100,100111,100,99982,100,100113,100,99970,100,100114,100,99968,100,100140,100,99959,100,100210,100,99952,100,100264,100,99934,100
2019-06-28 09:33:10.000000000,100080,580,100059,580,100093,100,100036,100,100098,100,100019,200,100102,100,99994,100,100111,100,99982,100,100113,100,99970,100,100114,100,99968,100,100140,100,99959,100,100210,100,99952,100,100264,100,99934,100
2019-06-28 09:33:20.000000000,100080,196,100059,196,100093,196,100036,196,100098,196,100019,296,100102,196,99994,196,100111,196,99982,196,100113,100,99970,100,100114,100,99968,100,100140,100,99959,100,100210,100,99952,100,100264,100,99934,100
2019-06-28 09:33:30.000000000,100080,580,100059,580,100093,100,100036,100,100098,100,100019,200,100102,100,99994,100,100111,100,99982,100,100113,100,99970,100,100114,100,99968,100,100140,100,99959,100,100210,100,99952,100,100264,100,99934,100
2019-06-28 09:33:40.000000000,100080,220,100059,220,100093,220,100036,220,100098,220,100019,320,100102,220,99994,220,100111,100,99982,100,100113,100,99970,100,100114,100,99968,100,100140,100,99959,100,100210,100,99952,100,100264,100,99934,100
2019-06-28 09:33:50.000000000,100080,340,100059,340,100093,340,100036,340,100098,100,100019,200,100102,100,99994,100,100111,100,99982,100,100113,100,99970,100,100114,100,99968,100,100140,100,99959,100,100210,100,99952,100,100264,100,99934,100
2019-06-28 09:33:58.818730883,100080,240,100059,340,100093,340,100036,340,100098,100,100019,200,100102,100,99994,100,100111,100,99982,100,100113,100,99970,100,100114,100,99968,100,100140,100,99959,100,100210,100,99952,100,100264,100,99934,100
2019-06-28 09:34:00.000000000,100093,220,100059,220,100098,220,100036,220,100102,220,100019,320,100111,220,99994,220,100113,100,99982,100,100114,100,99970,100,100140,100,99968,100,100210,100,99959,100,100264,100,99952,100,100473,100,99934,100
2019-06-28 09:34:03.306515713,100093,220,100062,100,100098,220,100059,220,100102,220,100036,220,100111,220,100019,320,100113,100,99994,220,100114,100,99982,100,100140,100,99970,100,100210,100,99968,100,100264,100,99959,100,100473,100,99952,100
2019-06-28 09:34:10.000000000,100093,220,100062,220,100098,220,100059,220,100102,220,100036,220,100111,220,100019,320,100113,100,99994,100,100114,100,99982,100,100140,100,99970,100,100210,100,99968,100,100264,100,99959,100,100473,100,99952,100
2019-06-28 09:34:20.000000000,100093,196,100062,196,100098,196,100059,196,100102,196,100036,196,100111,196,100019,296,100113,196,99994,196,100114,100,99982,100,100140,100,99970,100,100210,100,99968,100,100264,100,99959,100,100473,100,99952,100
2019-06-28 09:34:30.000000000,100093,196,100062,196,100098,196,100059,196,100102,196,100036,196,100111,196,100019,296,100113,196,99994,196,100114,100,99982,100,100140,100,99970,100,100210,100,99968,100,100264,100,99959,100,100473,100,99952,100
2019-06-28 09:34:40.000000000,100093,340,100062,340,100098,340,100059,340,100102,100,100036,100,100111,100,100019,200,100113,100,99994,100,100114,100,99982,100,100140,100,99970,100,100210,100,99968,100,100264,100,99959,100,100473,100,99952,100
2019-06-28 09:34:48.382972169,100093,340,100062,340,100098,340,100059,340,100102,100,100036,100,100111,100,100019,200,100113,100,99994,100,100114,100,99982,100,100140,100,99970,100,100210,100,99968,100,100216,100,99959,100,100264,100,99952,100
2019-06-28 09:34:50.000000000,100093,263,100062,263,100098,258,100059,258,100102,258,100036,258,100111,100,100019,200,100113,100,99994,100,100114,100,99982,100,100140,100,99970,100,100210,100,99968,100,100216,100,99959,100,100264,100,99952,100
2019-06-28 09:35:00.000000000,100093,263,100062,263,100098,258,100059,258,100102,258,100036,258,100111,100,100019,200,100113,100,99994,100,100114,100,99982,100,100140,100,99970,100,100210,100,99968,100,100216,100,99959,100,100264,100,99952,100
2019-06-28 09:35:08.622021104,100093,263,100062,263,100098,258,100059,258,100102,258,100036,258,100111,100,100019,200,100113,100,99994,100,100114,100,99982,100,100140,100,99970,100,100210,100,99968,100,100216,100,99959,100,100264,100,99934,100
2019-06-28 09:35:10.000000000,100093,580,100062,580,100098,100,100059,100,100102,100,100036,100,100111,100,100019,200,100113,100,99994,100,100114,100,99982,100,100140,100,99970,100,100210,100,99968,100,100216,100,99959,100,100264,100,99934,100
2019-06-28 09:35:20.000000000,100093,196,100062,196,100098,196,100059,196,100102,196,100036,196,100111,196,100019,296,100113,196,99994,196,100114,100,99982,100,100140,100,99970,100,100210,100,99968,100,100216,100,99959,100,100264,100,99934,100
2019-06-28 09:35:30.000000000,100093,263,100062,263,100098,258,100059,258,100102,258,100036,258,100111,100,100019,200,100113,100,99994,100,100114,100,99982,100,100140,100,99970,100,100210,100,99968,100,100216,100,99959,100,100264,100,99934,100
2019-06-28 09:35:40.000000000,100093,220,100062,220,100098,220,100059,220,100102,220,100036,220,100111,220,100019,320,100113,100,99994,100,100114,100,99982,100,100140,100,99970,100,100210,100,99968,100,100216,100,99959,100,100264,100,99934,100
2019-06-28 09:35:50.000000000,100093,580,100062,580,100098,100,100059,100,100102,100,100036,100,100111,100,100019,200,100113,100,99994,100,100114,100,99982,100,100140,100,99970,100,100210,100,99968,100,100216,100,99959,100,100264,100,99934,100
2019-06-28 09:36:00.000000000,100093,340,100062,340,100098,340,100059,340,100102,100,100036,100,100111,100,100019,200,100113,100,99994,100,100114,100,99982,100,100140,100,99970,100,100210,100,99968,100,100216,100,99959,100,100264,100,99934,100
2019-06-28 09:36:00.820195501,100093,240,100062,340,100098,340,100059,340,100102,100,100036,100,100111,100,100019,200,100113,100,99994,100,100114,100,99982,100,100140,100,99970,100,100210,100,99968,100,100216,100,99959,100,100264,100,99934,100
2019-06-28 09:36:10.000000000,100098,196,100062,196,100102,196,100059,196,100111,196,100036,196,100113,196,100019,296,100114,196,99994,196,100140,100,99982,100,100210,100,99970,100,100216,100,99968,100,100264,100,99959,100,100473,100,99934,100
2019-06-28 09:36:20.000000000,100098,340,100062,340,100102,340,100059,340,100111,100,100036,100,100113,100,100019,200,100114,100,99994,100,100140,100,99982,100,100210,100,99970,100,100216,100,99968,100,100264,100,99959,100,100473,100,99934,100
2019-06-28 09:36:30.000000000,100098,220,100062,220,100102,220,100059,220,100111,220,100036,220,100113,220,100019,320,100114,100,99994,100,100140,100,99982,100,100210,100,99970,100,100216,100,99968,100,100264,100,99959,100,100473,100,99934,100
2019-06-28 09:36:39.876162211,100098,220,100062,220,100102,220,100059,220,100111,220,100036,220,100113,220,100019,320,100114,100,99994,100,100140,100,99982,100,100210,100,99970,100,100216,100,99968,100,100264,100,99934,100,100473,100,99930,100
2019-06-28 09:36:40.000000000,100098,340,100062,340,100102,340,100059,340,100111,100,100036,100,100113,100,100019,200,100114,100,99994,100,100140,100,99982,100,100210,100,99970,100,100216,100,99968,100,100264,100,99934,100,100473,100,99930,100
2019-06-28 09:36:50.000000000,100098,263,100062,263,100102,258,100059,258,100111,258,100036,258,100113,100,100019,200,100114,100,99994,100,100140,100,99982,100,100210,100,99970,100,100216,100,99968,100,100264,100,99934,100,100473,100,99930,100
2019-06-28 09:36:52.789180737,100098,163,100062,263,100102,258,100059,258,100111,258,100036,258,100113,100,100019,200,100114,100,99994,100,100140,100,99982,100,100210,100,99970,100,100216,100,99968,100,100264,100,99934,100,100473,100,99930,100
2019-06-28 09:36:56.064983710,100098,63,100062,263,100102,258,100059,258,100111,258,100036,258,100113,100,100019,200,100114,100,99994,100,100140,100,99982,100,100210,100,99970,100,100216,100,99968,100,100264,100,99934,100,100473,100,99930,100
2019-06-28 09:36:58.832396656,100102,258,100098,37,100111,258,100062,263,100114,100,100059,258,100140,100,100036,258,100210,100,100019,200,100216,100,99994,100,100264,100,99982,100,100473,100,99970,100,100678,100,99968,100,100704,100,99934,100
2019-06-28 09:37:00.000000000,100102,580,100098,517,100111,100,100062,100,100114,100,100059,100,100140,100,100036,100,100210,100,100019,200,100216,100,99994,100,100264,100,99982,100,100473,100,99970,100,100678,100,99968,100,100704,100,99934,100
2019-06-28 09:37:06.173597310,100102,480,100098,517,100111,100,100062,100,100114,100,100059,100,100140,100,100036,100,100210,100,100019,200,100216,100,99994,100,100264,100,99982,100,100473,100,99970,100,100678,100,99968,100,100704,100,99934,100
2019-06-28 09:37:10.000000000,100111,340,100098,277,100114,340,100062,340,100140,100,100059,100,100210,100,100036,100,100216,100,100019,200,100264,100,99994,100,100473,100,99982,100,100678,100,99970,100,100704,100,99968,100,101212,100,99934,100
2019-06-28 09:37:20.000000000,100111,263,100098,200,100114,258,100062,258,100140,258,100059,258,100210,100,100036,100,100216,100,100019,200,100264,100,99994,100,100473,100,99982,100,100678,100,99970,100,100704,100,99968,100,101212,100,99934,100
2019-06-28 09:37:20.013094540,100111,263,100098,200,100114,258,100062,258,100140,258,100059,258,100210,100,100036,100,100216,100,100019,200,100264,100,99994,100,100473,100,99982,100,100678,100,99970,100,100704,100,99968,100,100799,100,99934,100
2019-06-28 09:37:26.630335184,100111,263,100098,200,100114,258,100062,258,100140,258,100059,258,100210,100,100036,100,100216,100,100019,200,100264,100,99994,100,100473,100,99982,100,100678,100,99970,100,100704,100,99968,100,100799,100,99934,100
2019-06-28 09:37:30.000000000,100111,580,100098,517,100114,100,100062,100,100140,100,100059,100,100210,100,100036,100,100216,100,100019,200,100264,100,99994,100,100473,100,99982,100,100678,100,99970,100,100704,100,99968,100,100799,100,99934,100
2019-06-28 09:37:40.000000000,100111,263,100098,200,100114,258,100062,258,100140,258,100059,258,100210,100,100036,100,100216,100,100019,200,100264,100,99994,100,100473,100,99982,100,100678,100,99970,100,100704,100,99968,100,100799,100,99934,100
2019-06-28 09:37:48.811847945,100111,263,100098,200,100114,258,100062,258,100140,258,100059,258,100210,100,100036,100,100216,100,100019,200,100264,100,99994,100,100473,100,99982,100,100678,100,99970,100,100680,100,99968,100,100704,100,99934,100
2019-06-28 09:37:49.296164846,100111,263,100098,200,100114,258,100062,258,100140,258,100059,258,100210,100,100036,100,100216,100,100019,200,100264,100,99994,100,100473,100,99982,100,100678,100,99970,100,100680,100,99968,100,100704,100,99934,100
2019-06-28 09:37:50.000000000,100111,580,100098,517,100114,100,100062,100,100140,100,100059,100,100210,100,100036,100,100216,100,100019,200,100264,100,99994,100,100473,100,99982,100,100678,100,99970,100,100680,100,99968,100,100704,100,99934,100
2019-06-28 09:38:00.000000000,100111,263,100098,200,100114,258,100062,258,100140,258,100059,258,100210,100,100036,100,100216,100,100019,200,100264,100,99994,100,100473,100,99982,100,100678,100,99970,100,100680,100,99968,100,100704,100,99934,100
2019-06-28 09:38:10.000000000,100111,340,100098,277,100114,340,100062,340,100140,100,100059,100,100210,100,100036,100,100216,100,100019,200,100264,100,99994,100,100473,100,99982,100,100678,100,99970,100,100680,100,99968,100,100704,100,99934,100
2019-06-28 09:38:10.606689949,100111,340,100098,277,100114,340,100062,340,100140,100,100059,100,100210,100,100036,100,100216,100,100019,100,100264,100,99994,100,100473,100,99982,100,100678,100,99970,100,100680,100,99968,100,100704,100,99934,100
2019-06-28 09:38:12.222528784,100111,240,100098,277,100114,340,100062,340,100140,100,100059,100,100210,100,100036,100,100216,100,100019,100,100264,100,99994,100,100473,100,99982,100,100678,100,99970,100,100680,100,99968,100,100704,100,99934,100
2019-06-28 09:38:13.095085245,100111,240,100098,277,100114,340,100062,340,100140,100,100059,100,100210,100,100036,100,100216,100,100019,100,100264,100,99994,100,100473,100,99982,100,100678,100,99970,100,100680,100,99968,100,100688,100,99934,100
2019-06-28 09:38:20.000000000,100114,580,100098,517,100140,100,100062,100,100210,100,100059,100,100216,100,100036,100,100264,100,100019,100,100473,100,99994,100,100678,100,99982,100,100680,100,99970,100,100688,100,99968,100,100704,100,99934,100
2019-06-28 09:38:29.362184402,100114,480,100098,517,100140,100,100062,100,100210,100,100059,100,100216,100,100036,100,100264,100,100019,100,100473,100,99994,100,100678,100,99982,100,100680,100,99970,100,100688,100,99968,100,100704,100,99934,100
2019-06-28 09:38:30.000000000,100140,196,100098,133,100210,196,100062,196,100216,196,100059,196,100264,196,100036,196,100473,196,100019,196,100678,100,99994,100,100680,100,99982,100,100688,100,99970,100,100704,100,99968,100,100721,100,99934,100
2019-06-28 09:38:30.859236997,100140,196,100098,133,100210,196,100062,196,100216,196,100059,196,100264,196,100036,196,100473,196,100019,196,100678,100,99994,100,100680,100,99982,100,100688,100,99970,100,100704,100,99968,100,100721,100,99934,100
2019-06-28 09:38:40.000000000,100140,196,100098,133,100210,196,100062,196,100216,196,100059,196,100264,196,100036,196,100473,196,100019,196,100678,100,99994,100,100680,100,99982,100,100688,100,99970,100,100704,100,99968,100,100721,100,99934,100
2019-06-28 09:38:47.402275912,100140,196,100098,133,100210,196,100062,196,100216,196,100059,196,100264,196,100036,196,100473,196,100019,196,100678,100,99994,100,100680,100,99982,100,100688,100,99970,100,100704,100,99968,100,100721,100,99930,100
2019-06-28 09:38:48.693137912,100140,196,100098,133,100210,196,100062,196,100216,196,100059,196,100264,196,100036,196,100473,196,100019,196,100678,100,99994,100,100680,100,99982,100,100688,100,99970,100,100704,100,99968,100,100721,100,99930,100
2019-06-28 09:38:50.000000000,100140,263,100098,200,100210,258,100062,258,100216,258,100059,258,100264,100,100036,100,100473,100,100019,100,100678,100,99994,100,100680,100,99982,100,100688,100,99970,100,100704,100,99968,100,100721,100,99930,100
2019-06-28 09:39:00.000000000,100140,263,100098,200,100210,258,100062,258,100216,258,100059,258,100264,100,100036,100,100473,100,100019,100,100678,100,99994,100,100680,100,99982,100,100688,100,99970,100,100704,100,99968,100,100721,100,99930,100
2019-06-28 09:39:04.267096330,100140,163,100098,200,100210,258,100062,258,100216,258,100059,258,100264,100,100036,100,100473,100,100019,100,100678,100,99994,100,100680,100,99982,100,100688,100,99970,100,100704,100,99968,100,100721,100,99930,100
2019-06-28 09:39:10.000000000,100210,196,100098,133,100216,196,100062,196,100264,196,100059,196,100473,196,100036,196,100678,196,100019,196,100680,100,99994,100,100688,100,99982,100,100704,100,99970,100,100721,100,99968,100,100741,100,99930,100
2019-06-28 09:39:11.536027526,100210,196,100114,100,100216,196,100098,133,100264,196,100062,196,100473,196,100059,196,100678,196,100036,196,100680,100,100019,196,100688,100,99994,100,100704,100,99982,100,100721,100,99970,100,100741,100,99968,100
2019-06-28 09:39:12.333777730,100210,196,100114,100,100216,96,100098,133,100264,196,100062,196,100434,100,100059,196,100473,196,100036,196,100678,196,100019,196,100680,100,99994,100,100688,100,99982,100,100704,100,99970,100,100721,100,99968,100
2019-06-28 09:39:20.000000000,100210,580,100114,580,100264,100,100098,37,100434,100,100062,100,100473,100,100059,100,100678,100,100036,100,100680,100,100019,100,100688,100,99994,100,100704,100,99982,100,100721,100,99970,100,100741,100,99968,100
2019-06-28 09:39:29.775847739,100210,580,100196,100,100264,100,100114,580,100434,100,100098,37,100473,100,100062,100,100678,100,100059,100,100680,100,100036,100,100688,100,100019,100,100704,100,99994,100,100721,100,99982,100,100741,100,99970,100
2019-06-28 09:39:30.000000000,100210,340,100196,340,100264,340,100114,340,100434,100,100098,37,100473,100,100062,100,100678,100,100059,100,100680,100,100036,100,100688,100,100019,100,100704,100,99994,100,100721,100,99982,100,100741,100,99970,100
2019-06-28 09:39:31.801308234,100210,340,100196,240,100264,340,100114,340,100434,100,100098,37,100473,100,100062,100,100678,100,100059,100,100680,100,100036,100,100688,100,100019,100,100704,100,99994,100,100721,100,99982,100,100741,100,99970,100
2019-06-28 09:39:40.000000000,100210,263,100114,263,100264,258,100098,195,100434,258,100062,258,100473,100,100059,100,100678,100,100036,100,100680,100,100019,100,100688,100,99994,100,100704,100,99982,100,100721,100,99970,100,100741,100,99968,100
2019-06-28 09:39:50.000000000,100210,196,100114,196,100264,196,100098,133,100434,196,100062,196,100473,196,100059,196,100678,196,100036,196,100680,100,100019,100,100688,100,99994,100,100704,100,99982,100,100721,100,99970,100,100741,100,99968,100
2019-06-28 09:39:55.581187528,100210,196,100114,196,100264,196,100098,133,100434,196,100062,96,100473,196,100059,196,100678,196,100036,196,100680,100,100019,100,100688,100,99994,100,100704,100,99982,100,100721,100,99970,100,100741,100,99968,100
2019-06-28 09:40:00.000000000,100210,580,100114,580,100264,100,100098,37,100434,100,100059,100,100473,100,100036,100,100678,100,100019,100,100680,100,99994,100,100688,100,99982,100,100704,100,99970,100,100721,100,99968,100,100741,100,99930,100
2019-06-28 09:40:10.000000000,100210,340,100114,340,100264,340,100098,277,100434,100,100059,100,100473,100,100036,100,100678,100,100019,100,100680,100,99994,100,100688,100,99982,100,100704,100,99970,100,100721,100,99968,100,100741,100,99930,100
2019-06-28 09:40:20.000000000,100210,196,100114,196,100264,196,100098,133,100434,196,100059,196,100473,196,100036,196,100678,196,100019,196,100680,100,99994,100,100688,100,99982,100,100704,100,99970,100,100721,100,99968,100,100741,100,99930,100
2019-06-28 09:40:30.000000000,100210,340,100114,340,100264,340,100098,277,100434,100,100059,100,100473,100,100036,100,100678,100,100019,100,100680,100,99994,100,100688,100,99982,100,100704,100,99970,100,100721,100,99968,100,100741,100,99930,100
2019-06-28 09:40:40.000000000,100210,196,100114,196,100264,196,100098,133,100434,196,100059,196,100473,196,100036,196,100678,196,100019,196,100680,100,99994,100,100688,100,99982,100,100704,100,99970,100,100721,100,99968,100,100741,100,99930,100
2019-06-28 09:40:43.820288026,100210,196,100114,196,100264,196,100098,133,100420,100,100059,196,100434,196,100036,196,100473,196,100019,196,100678,196,99982,100,100680,100,99970,100,100688,100,99968,100,100704,100,99930,100,100721,100,99922,100
2019-06-28 09:40:50.000000000,100210,340,100114,340,100264,340,100098,277,100420,100,100059,100,100434,100,100036,100,100473,100,100019,100,100678,100,99982,100,100680,100,99970,100,100688,100,99968,100,100704,100,99930,100,100721,100,99922,100
2019-06-28 09:40:53.441820811,100210,240,100114,340,100264,340,100098,277,100420,100,100059,100,100434,100,100036,100,100473,100,100019,100,100678,100,99982,100,100680,100,99970,100,100688,100,99968,100,100704,100,99930,100,100721,100,99922,100
2019-06-28 09:40:53.683404235,100210,240,100197,100,100264,340,100114,340,100420,100,100098,277,100434,100,100059,100,100473,100,100036,100,100678,100,100019,100,100680,100,99982,100,100688,100,99970,100,100704,100,99968,100,100721,100,99930,100
2019-06-28 09:41:00.000000000,100264,196,100197,196,100420,196,100114,196,100434,196,100098,133,100473,196,100059,196,100678,196,100036,196,100680,100,100019,100,100688,100,99982,100,100704,100,99970,100,100721,100,99968,100,100741,100,99930,100
2019-06-28 09:41:10.000000000,100264,220,100197,220,100420,220,100114,220,100434,220,100098,157,100473,220,100059,220,100678,100,100036,100,100680,100,100019,100,100688,100,99982,100,100704,100,99970,100,100721,100,99968,100,100741,100,99930,100
2019-06-28 09:41:20.000000000,100264,196,100197,196,100420,196,100114,196,100434,196,100098,133,100473,196,100059,196,100678,196,100036,196,100680,100,100019,100,100688,100,99982,100,100704,100,99970,100,100721,100,99968,100,100741,100,99930,100
2019-06-28 09:41:24.729686903,100264,96,100197,196,100420,196,100114,196,100434,196,100098,133,100473,196,100059,196,100678,196,100036,196,100680,100,100019,100,100688,100,99982,100,100704,100,99970,100,100721,100,99968,100,100741,100,99930,100
2019-06-28 09:41:30.000000000,100420,220,100197,220,100434,220,100114,220,100473,220,100098,157,100678,220,100059,220,100680,100,100036,100,100688,100,100019,100,100704,100,99982,100,100721,100,99970,100,100741,100,99968,100,100814,100,99930,100
2019-06-28 09:41:31.867022475,100209,100,100197,220,100420,220,100114,220,100434,220,100098,157,100473,220,100059,220,100678,220,100036,100,100680,100,100019,100,100688,100,99982,100,100704,100,99970,100,100721,100,99968,100,100741,100,99930,100
2019-06-28 09:41:38.707735126,100209,100,100197,220,100420,120,100114,220,100434,220,100098,157,100473,220,100059,220,100678,220,100036,100,100680,100,100019,100,100688,100,99982,100,100704,100,99970,100,100721,100,99968,100,100741,100,99930,100
2019-06-28 09:41:40.000000000,100209,220,100197,220,100434,220,100114,220,100473,220,100098,157,100678,220,100059,220,100680,100,100036,100,100688,100,100019,100,100704,100,99982,100,100721,100,99970,100,100741,100,99968,100,100814,100,99930,100
2019-06-28 09:41:40.458081646,100209,220,100197,120,100434,220,100114,220,100473,220,100098,157,100678,220,100059,220,100680,100,100036,100,100688,100,100019,100,100704,100,99982,100,100721,100,99970,100,100741,100,99968,100,100814,100,99930,100
2019-06-28 09:41:43.701047287,100209,220,100197,120,100434,220,100114,220,100473,220,100098,157,100678,220,100059,120,100680,100,100036,100,100688,100,100019,100,100704,100,99982,100,100721,100,99970,100,100741,100,99968,100,100814,100,99930,100
2019-06-28 09:41:50.000000000,100209,580,100114,580,100434,100,100098,37,100473,100,100036,100,100678,100,100019,100,100680,100,99982,100,100688,100,99970,100,100704,100,99968,100,100721,100,99930,100,100741,100,99922,100,100814,100,99913,100
2019-06-28 09:41:55.123126986,100209,580,100114,580,100434,100,100098,37,100473,100,100036,100,100678,100,100019,100,100680,100,99982,100,100688,100,99970,100,100704,100,99968,100,100721,100,99930,100,100741,100,99922,100,100814,100,99913,100
2019-06-28 09:42:00.000000000,100209,580,100114,580,100434,100,100098,37,100473,100,100036,100,100678,100,100019,100,100680,100,99982,100,100688,100,99970,100,100704,100,99968,100,100721,100,99930,100,100741,100,99922,100,100814,100,99913,100
2019-06-28 09:42:10.000000000,100209,263,100114,263,100434,258,100098,195,100473,258,100036,258,100678,100,100019,100,100680,100,99982,100,100688,100,99970,100,100704,100,99968,100,100721,100,99930,100,100741,100,99922,100,100814,100,99913,100
2019-06-28 09:42:15.227142405,100209,263,100114,163,100434,258,100098,195,100473,258,100036,258,100678,100,100019,100,100680,100,99982,100,100688,100,99970,100,100704,100,99930,100,100721,100,99922,100,100741,100,99913,100,100814,100,99912,100
2019-06-28 09:42:20.000000000,100209,196,100098,133,100434,196,100036,196,100473,196,100019,196,100678,196,99982,196,100680,196,99970,196,100688,100,99930,100,100704,100,99922,100,100721,100,99913,100,100741,100,99912,100,100814,100,99882,100
2019-06-28 09:42:24.481223674,100209,196,100098,33,100434,196,100036,196,100473,196,100019,196,100678,196,99982,196,100680,196,99970,196,100688,100,99930,100,100704,100,99922,100,100721,100,99913,100,100741,100,99912,100,100814,100,99882,100
2019-06-28 09:42:30.000000000,100209,263,100036,263,100434,258,100019,258,100473,258,99982,258,100678,100,99970,100,100680,100,99930,100,100688,100,99922,100,100704,100,99913,100,100721,100,99912,100,100741,100,99882,100,100814,100,99857,100
2019-06-28 09:42:40.000000000,100209,580,100036,580,100434,100,100019,100,100473,100,99982,100,100678,100,99970,100,100680,100,99930,100,100688,100,99922,100,100704,100,99913,100,100721,100,99912,100,100741,100,99882,100,100814,100,99857,100
2019-06-28 09:42:49.849492384,100209,580,100036,580,100434,100,100019,100,100473,100,99982,100,100678,100,99970,100,100680,100,99930,100,100688,100,99922,100,100704,100,99913,100,100721,100,99912,100,100741,100,99882,100,100814,100,99857,100
2019-06-28 09:42:50.000000000,100209,263,100036,263,100434,258,100019,258,100473,258,99982,258,100678,100,99970,100,100680,100,99930,100,100688,100,99922,100,100704,100,99913,100,100721,100,99912,100,100741,100,99882,100,100814,100,99857,100
2019-06-28 09:43:00.000000000,100209,220,100036,220,100434,220,100019,220,100473,220,99982,220,100678,220,99970,220,100680,100,99930,100,100688,100,99922,100,100704,100,99913,100,100721,100,99912,100,100741,100,99882,100,100814,100,99857,100
2019-06-28 09:43:10.000000000,100209,220,100036,220,100434,220,100019,220,100473,220,99982,220,100678,220,99970,220,100680,100,99930,100,100688,100,99922,100,100704,100,99913,100,100721,100,99912,100,100741,100,99882,100,100814,100,99857,100
2019-06-28 09:43:20.000000000,100209,263,100036,263,100434,258,100019,258,100473,258,99982,258,100678,100,99970,100,100680,100,99930,100,100688,100,99922,100,100704,100,99913,100,100721,100,99912,100,100741,100,99882,100,100814,100,99857,100
2019-06-28 09:43:30.000000000,100209,263,100036,263,100434,258,100019,258,100473,258,99982,258,100678,100,99970,100,100680,100,99930,100,100688,100,99922,100,100704,100,99913,100,100721,100,99912,100,100741,100,99882,100,100814,100,99857,100
2019-06-28 09:43:40.000000000,100209,340,100036,340,100434,340,100019,340,100473,100,99982,100,100678,100,99970,100,100680,100,99930,100,100688,100,99922,100,100704,100,99913,100,100721,100,99912,100,100741,100,99882,100,100814,100,99857,100
2019-06-28 09:43:50.000000000,100209,263,100036,263,100434,258,100019,258,100473,258,99982,258,100678,100,99970,100,100680,100,99930,100,100688,100,99922,100,100704,100,99913,100,100721,100,99912,100,100741,100,99882,100,100814,100,99857,100
2019-06-28 09:43:50.050063691,100209,263,100036,263,100434,258,100019,258,100473,258,99982,258,100678,100,99970,100,100680,100,99930,100,100688,100,99922,100,100704,100,99913,100,100721,100,99912,100,100741,100,99882,100,100814,100,99857,100
2019-06-28 09:43:54.391251100,100209,263,100036,263,100434,258,100019,258,100473,258,99982,258,100678,100,99970,100,100680,100,99930,100,100688,100,99922,100,100704,100,99913,100,100721,100,99912,100,100741,100,99882,100,100814,100,99857,100
2019-06-28 09:43:57.769539891,100114,100,100036,263,100209,263,100019,258,100434,258,99982,258,100473,258,99970,100,100678,100,99930,100,100680,100,99922,100,100688,100,99913,100,100704,100,99912,100,100721,100,99882,100,100741,100,99857,100
2019-06-28 09:44:00.000000000,100114,220,100036,220,100209,220,100019,220,100434,220,99982,220,100473,220,99970,220,100678,100,99930,100,100680,100,99922,100,100688,100,99913,100,100704,100,99912,100,100721,100,99882,100,100741,100,99857,100
2019-06-28 09:44:01.622261681,100114,220,100036,120,100209,220,100019,220,100434,220,99982,220,100473,220,99970,220,100678,100,99930,100,100680,100,99922,100,100688,100,99913,100,100704,100,99912,100,100721,100,99882,100,100741,100,99857,100
2019-06-28 09:44:10.000000000,100114,196,100019,196,100209,196,99982,196,100434,196,99970,196,100473,196,99930,196,100678,196,99922,196,100680,100,99913,100,100688,100,99912,100,100704,100,99882,100,100721,100,99857,100,100741,100,99835,100
2019-06-28 09:44:19.712726464,100114,196,100019,96,100209,196,99982,196,100434,196,99970,96,100473,196,99930,196,100678,196,99922,196,100680,100,99913,100,100688,100,99912,100,100704,100,99882,100,100721,100,99857,100,100741,100,99835,100
2019-06-28 09:44:20.000000000,100114,263,99982,263,100209,258,99930,258,100434,258,99922,258,100473,100,99913,100,100678,100,99912,100,100680,100,99882,100,100688,100,99857,100,100704,100,99835,100,100721,100,99617,100,100741,100,99295,100
2019-06-28 09:44:25.602510773,100114,263,99982,163,100209,258,99930,258,100434,258,99922,258,100473,100,99913,100,100678,100,99912,100,100680,100,99882,100,100688,100,99857,100,100704,100,99835,100,100721,100,99617,100,100741,100,99295,100
2019-06-28 09:44:30.000000000,100114,580,99930,580,100209,100,99922,100,100434,100,99913,100,100473,100,99912,100,100678,100,99882,100,100680,100,99857,100,100688,100,99835,100,100704,100,99617,100,100721,100,99295,100,100741,100,98995,100
2019-06-28 09:44:40.000000000,100114,196,99930,196,100209,196,99922,196,100434,196,99913,196,100473,196,99912,196,100678,196,99882,196,100680,100,99857,100,100688,100,99835,100,100704,100,99617,100,100721,100,99295,100,100741,100,98995,100
2019-06-28 09:44:50.000000000,100114,340,99930,340,100209,340,99922,340,100434,100,99913,100,100473,100,99912,100,100678,100,99882,100,100680,100,99857,100,100688,100,99835,100,100704,100,99617,100,100721,100,99295,100,100741,100,98995,100
2019-06-28 09:45:00.000000000,100114,220,99930,220,100209,220,99922,220,100434,220,99913,220,100473,220,99912,220,100678,100,99882,100,100680,100,99857,100,100688,100,99835,100,100704,100,99617,100,100721,100,99295,100,100741,100,98995,100
2019-06-28 09:45:00.514787252,100114,220,99930,120,100209,220,99922,220,100434,220,99913,220,100473,220,99912,220,100678,100,99882,100,100680,100,99857,100,100688,100,99617,100,100704,100,99295,100,100721,100,98995,100,100741,100,98915,100
2019-06-28 09:45:10.000000000,100114,196,99922,196,100209,196,99913,196,100434,196,99912,196,100473,196,99882,196,100678,196,99857,196,100680,100,99617,100,100688,100,99295,100,100704,100,98995,100,100721,100,98915,100,100741,100,,
2019-06-28 09:45:10.046103962,100114,196,99922,196,100209,196,99913,196,100434,196,99912,196,100473,196,99882,196,100678,196,99857,196,100680,100,99617,100,100688,100,99295,100,100704,100,99269,100,100721,100,98995,100,100741,100,98915,100
2019-06-28 09:45:20.000000000,100114,196,99922,196,100209,196,99913,196,100434,196,99912,196,100473,196,99882,196,100678,196,99857,196,100680,100,99617,100,100688,100,99295,100,100704,100,99269,100,100721,100,98995,100,100741,100,98915,100
2019-06-28 09:45:25.971752891,100114,196,99922,96,100209,196,99913,196,100434,196,99912,196,100473,196,99882,196,100678,196,99857,196,100680,100,99617,100,100704,100,99295,100,100721,100,99269,100,100741,100,98995,100,100814,100,98915,100
2019-06-28 09:45:30.000000000,100114,580,99913,580,100209,100,99912,100,100434,100,99882,100,100473,100,99857,100,100678,100,99617,100,100680,100,99295,100,100704,100,99269,100,100721,100,98995,100,100741,100,98915,100,100814,100,,
2019-06-28 09:45:40.000000000,100114,340,99913,340,100209,340,99912,340,100434,100,99882,100,100473,100,99857,100,100678,100,99617,100,100680,100,99295,100,100704,100,99269,100,100721,100,98995,100,100741,100,98915,100,100814,100,,
2019-06-28 09:45:50.000000000,100114,580,99913,580,100209,100,99912,100,100434,100,99882,100,100473,100,99857,100,100678,100,99617,100,100680,100,99295,100,100704,100,99269,100,100721,100,98995,100,100741,100,98915,100,100814,100,,
2019-06-28 09:45:56.090126018,99930,100,99913,580,100114,580,99912,100,100209,100,99882,100,100434,100,99857,100,100473,100,99617,100,100678,100,99295,100,100680,100,99269,100,100704,100,98995,100,100721,100,98915,100,100741,100,,
2019-06-28 09:45:57.666762147,99930,100,99913,580,100114,580,99912,100,100209,100,99882,100,100434,100,99857,100,100473,100,99815,100,100678,100,99617,100,100680,100,99295,100,100704,100,99269,100,100721,100,98995,100,100741,100,98915,100
2019-06-28 09:46:00.000000000,99930,340,99913,340,100114,340,99912,340,100209,100,99882,100,100434,100,99857,100,100473,100,99815,100,100678,100,99617,100,100680,100,99295,100,100704,100,99269,100,100721,100,98995,100,100741,100,98915,100
2019-06-28 09:46:10.000000000,99930,340,99913,340,100114,340,99912,340,100209,100,99882,100,100434,100,99857,100,100473,100,99815,100,100678,100,99617,100,100680,100,99295,100,100704,100,99269,100,100721,100,98995,100,100741,100,98915,100
2019-06-28 09:46:20.000000000,99930,196,99913,196,100114,196,99912,196,100209,196,99882,196,100434,196,99857,196,100473,196,99815,196,100678,100,99617,100,100680,100,99295,100,100704,100,99269,100,100721,100,98995,100,100741,100,98915,100
2019-06-28 09:46:23.616468203,99930,196,99913,96,100114,196,99912,196,100209,196,99882,196,100434,196,99857,196,100473,196,99815,196,100678,100,99617,100,100680,100,99295,100,100704,100,99269,100,100721,100,98995,100,100741,100,98915,100
2019-06-28 09:46:30.000000000,99930,340,99912,340,100114,340,99882,340,100209,100,99857,100,100434,100,99815,100,100473,100,99617,100,100678,100,99295,100,100680,100,99269,100,100704,100,98995,100,100721,100,98915,100,100741,100,,
2019-06-28 09:46:40.000000000,99930,220,99912,220,100114,220,99882,220,100209,220,99857,220,100434,220,99815,220,100473,100,99617,100,100678,100,99295,100,100680,100,99269,100,100704,100,98995,100,100721,100,98915,100,100741,100,,
2019-06-28 09:46:50.000000000,99930,580,99912,580,100114,100,99882,100,100209,100,99857,100,100434,100,99815,100,100473,100,99617,100,100678,100,99295,100,100680,100,99269,100,100704,100,98995,100,100721,100,98915,100,100741,100,,
2019-06-28 09:46:58.653018924,99930,580,99912,580,100114,100,99882,100,100209,100,99857,100,100434,100,99815,100,100473,100,99657,100,100678,100,99617,100,100680,100,99295,100,100704,100,99269,100,100721,100,98995,100,100741,100,98915,100
2019-06-28 09:47:00.000000000,99930,580,99912,580,100114,100,99882,100,100209,100,99857,100,100434,100,99815,100,100473,100,99657,100,100678,100,99617,100,100680,100,99295,100,100704,100,99269,100,100721,100,98995,100,100741,100,98915,100
2019-06-28 09:47:03.303781395,99930,580,99912,580,100114,100,99882,100,100434,100,99857,100,100473,100,99815,100,100678,100,99657,100,100680,100,99617,100,100704,100,99295,100,100721,100,99269,100,100741,100,98995,100,100814,100,98915,100
2019-06-28 09:47:04.624942164,99930,580,99912,480,100114,100,99882,100,100434,100,99815,100,100473,100,99657,100,100678,100,99617,100,100680,100,99295,100,100704,100,99269,100,100721,100,98995,100,100741,100,98915,100,100814,100,,
2019-06-28 09:47:04.873355555,99913,100,99912,480,99930,580,99882,100,100434,100,99815,100,100473,100,99657,100,100678,100,99617,100,100680,100,99295,100,100704,100,99269,100,100721,100,98995,100,100741,100,98915,100,100814,100,,
2019-06-28 09:47:10.000000000,99913,196,99882,196,99930,196,99815,196,100434,196,99657,196,100473,196,99617,196,100678,196,99295,196,100680,100,99269,100,100704,100,98995,100,100721,100,98915,100,100741,100,,,100814,100,,
2019-06-28 09:47:20.000000000,99913,263,99882,263,99930,258,99815,258,100434,258,99657,258,100473,100,99617,100,100678,100,99295,100,100680,100,99269,100,100704,100,98995,100,100721,100,98915,100,100741,100,,,100814,100,,
2019-06-28 09:47:22.279756657,99913,263,99882,163,99930,258,99815,258,100434,258,99657,258,100473,100,99617,100,100678,100,99295,100,100680,100,99269,100,100704,100,98995,100,100721,100,98915,100,100741,100,,,100814,100,,
2019-06-28 09:47:26.747630279,99913,263,99882,63,99930,258,99815,258,100434,258,99657,258,100473,100,99617,100,100678,100,99295,100,100680,100,99269,100,100704,100,98995,100,100721,100,98915,100,100741,100,,,100814,100,,
2019-06-28 09:47:30.000000000,99913,263,99815,263,99930,258,99657,258,100434,258,99617,258,100473,100,99295,100,100678,100,99269,100,100680,100,98995,100,100704,100,98915,100,100721,100,,,100741,100,,,100814,100,,
2019-06-28 09:47:40.000000000,99913,340,99815,340,99930,340,99657,340,100434,100,99617,100,100473,100,99295,100,100678,100,99269,100,100680,100,98995,100,100704,100,98915,100,100721,100,,,100741,100,,,100814,100,,
2019-06-28 09:47:50.000000000,99913,580,99815,580,99930,100,99657,100,100434,100,99617,100,100473,100,99295,100,100678,100,99269,100,100680,100,98995,100,100704,100,98915,100,100721,100,,,100741,100,,,100814,100,,
2019-06-28 09:47:50.389005490,99913,580,99815,580,99930,100,99657,100,100434,100,99617,100,100473,100,99295,100,100678,100,99269,100,100680,100,98995,100,100704,100,98994,100,100721,100,98915,100,100741,100,,,100814,100,,
2019-06-28 09:48:00.000000000,99913,220,99815,220,99930,220,99657,220,100434,220,99617,220,100473,220,99295,220,100678,100,99269,100,100680,100,98995,100,100704,100,98994,100,100721,100,98915,100,100741,100,,,100814,100,,
2019-06-28 09:48:07.424479901,99913,220,99815,120,99930,220,99657,220,100434,220,99617,220,100473,220,99295,220,100678,100,99269,100,100680,100,98995,100,100704,100,98994,100,100721,100,98915,100,100741,100,,,100814,100,,
2019-06-28 09:48:10.000000000,99913,580,99657,580,99930,100,99617,100,100434,100,99295,100,100473,100,99269,100,100678,100,98995,100,100680,100,98994,100,100704,100,98915,100,100721,100,,,100741,100,,,100814,100,,
2019-06-28 09:48:20.000000000,99913,263,99657,263,99930,258,99617,258,100434,258,99295,258,100473,100,99269,100,100678,100,98995,100,100680,100,98994,100,100704,100,98915,100,100721,100,,,100741,100,,,100814,100,,
2019-06-28 09:48:22.395418581,99913,263,99657,263,99930,258,99617,258,100434,258,99295,258,100473,100,99269,100,100678,100,98995,100,100680,100,98994,100,100704,100,98949,100,100721,100,98915,100,100741,100,,,100814,100,,
2019-06-28 09:48:28.856100574,99882,100,99657,263,99913,263,99617,258,99930,258,99295,258,100434,258,99269,100,100473,100,98995,100,100678,100,98994,100,100680,100,98949,100,100704,100,98915,100,100721,100,,,100741,100,,
2019-06-28 09:48:30.000000000,99882,340,99657,340,99913,340,99617,340,99930,100,99295,100,100434,100,99269,100,100473,100,98995,100,100678,100,98994,100,100680,100,98949,100,100704,100,98915,100,100721,100,,,100741,100,,
2019-06-28 09:48:40.000000000,99882,196,99657,196,99913,196,99617,196,99930,196,99295,196,100434,196,99269,196,100473,196,98995,196,100678,100,98994,100,100680,100,98949,100,100704,100,98915,100,100721,100,,,100741,100,,
2019-06-28 09:48:50.000000000,99882,580,99657,580,99913,100,99617,100,99930,100,99295,100,100434,100,99269,100,100473,100,98995,100,100678,100,98994,100,100680,100,98949,100,100704,100,98915,100,100721,100,,,100741,100,,
2019-06-28 09:49:00.000000000,99882,580,99657,580,99913,100,99617,100,99930,100,99295,100,100434,100,99269,100,100473,100,98995,100,100678,100,98994,100,100680,100,98949,100,100704,100,98915,100,100721,100,,,100741,100,,
2019-06-28 09:49:10.000000000,99882,580,99657,580,99913,100,99617,100,99930,100,99295,100,100434,100,99269,100,100473,100,98995,100,100678,100,98994,100,100680,100,98949,100,100704,100,98915,100,100721,100,,,100741,100,,
2019-06-28 09:49:20.000000000,99882,580,99657,580,99913,100,99617,100,99930,100,99295,100,100434,100,99269,100,100473,100,98995,100,100678,100,98994,100,100680,100,98949,100,100704,100,98915,100,100721,100,,,100741,100,,
2019-06-28 09:49:30.000000000,99882,340,99657,340,99913,340,99617,340,99930,100,99295,100,100434,100,99269,100,100473,100,98995,100,100678,100,98994,100,100680,100,98949,100,100704,100,98915,100,100721,100,,,100741,100,,
2019-06-28 09:49:31.953756641,99882,340,99657,240,99913,340,99617,340,99930,100,99295,100,100434,100,99269,100,100473,100,98995,100,100678,100,98994,100,100680,100,98949,100,100704,100,98915,100,100721,100,,,100741,100,,
2019-06-28 09:49:40.000000000,99882,580,99617,580,99913,100,99295,100,99930,100,99269,100,100434,100,98995,100,100473,100,98994,100,100678,100,98949,100,100680,100,98915,100,100704,100,,,100721,100,,,100741,100,,
2019-06-28 09:49:45.292904585,99882,480,99617,580,99913,100,99295,100,99930,100,99269,100,100434,100,98995,100,100473,100,98994,100,100678,100,98949,100,100680,100,98915,100,100704,100,,,100721,100,,,100741,100,,
2019-06-28 09:49:50.000000000,99913,263,99617,263,99930,258,99295,258,100434,258,99269,258,100473,100,98995,100,100678,100,98994,100,100680,100,98949,100,100704,100,98915,100,100721,100,,,100741,100,,,100814,100,,
2019-06-28 09:50:00.000000000,99913,220,99617,220,99930,220,99295,220,100434,220,99269,220,100473,220,98995,220,100678,100,98994,100,100680,100,98949,100,100704,100,98915,100,100721,100,,,100741,100,,,100814,100,,
2019-06-28 09:50:08.474729362,99913,220,99617,220,99930,220,99295,220,100434,220,99269,220,100473,220,98995,120,100678,100,98994,100,100680,100,98949,100,100704,100,98915,100,100721,100,98865,100,100741,100,,,100814,100,,
2019-06-28 09:50:10.000000000,99913,580,99617,580,99930,100,99295,100,100434,100,99269,100,100473,100,98994,100,100678,100,98949,100,100680,100,98915,100,100704,100,98865,100,100721,100,,,100741,100,,,100814,100,,
2019-06-28 09:50:10.329366125,99913,580,99617,580,99930,100,99295,100,100434,100,99269,100,100473,100,98994,100,100678,100,98949,100,100680,100,98915,100,100704,100,98865,100,100721,100,98859,100,100741,100,,,100814,100,,
2019-06-28 09:50:20.000000000,99913,580,99617,580,99930,100,99295,100,100434,100,99269,100,100473,100,98994,100,100678,100,98949,100,100680,100,98915,100,100704,100,98865,100,100721,100,98859,100,100741,100,,,100814,100,,
2019-06-28 09:50:30.000000000,99913,263,99617,263,99930,258,99295,258,100434,258,99269,258,100473,100,98994,100,100678,100,98949,100,100680,100,98915,100,100704,100,98865,100,100721,100,98859,100,100741,100,,,100814,100,,
2019-06-28 09:50:40.000000000,99913,580,99617,580,99930,100,99295,100,100434,100,99269,100,100473,100,98994,100,100678,100,98949,100,100680,100,98915,100,100704,100,98865,100,100721,100,98859,100,100741,100,,,100814,100,,
2019-06-28 09:50:49.197296283,99913,580,99617,480,99930,100,99269,100,100434,100,98994,100,100473,100,98949,100,100678,100,98915,100,100680,100,98865,100,100704,100,98859,100,100721,100,,,100741,100,,,100814,100,,
2019-06-28 09:50:50.000000000,99913,580,99269,580,99930,100,98994,100,100434,100,98949,100,100473,100,98915,100,100678,100,98865,100,100680,100,98859,100,100704,100,,,100721,100,,,100741,100,,,100814,100,,
2019-06-28 09:50:55.937190637,99913,580,99269,480,99930,100,98994,100,100434,100,98949,100,100473,100,98915,100,100678,100,98865,100,100680,100,98859,100,100704,100,,,100721,100,,,100741,100,,,100814,100,,
2019-06-28 09:51:00.000000000,99913,220,98994,220,99930,220,98949,220,100434,220,98915,220,100473,220,98865,220,100678,100,98859,100,100680,100,,,100704,100,,,100721,100,,,100741,100,,,100814,100,,
2019-06-28 09:51:08.533749564,99617,100,98994,220,99913,220,98949,220,99930,120,98915,220,100434,220,98865,220,100473,220,98859,100,100678,100,,,100680,100,,,100704,100,,,100721,100,,,100741,100,,
2019-06-28 09:51:10.000000000,99617,220,98994,220,99913,220,98949,220,100434,220,98915,220,100473,220,98865,220,100678,100,98859,100,100680,100,,,100704,100,,,100721,100,,,100741,100,,,100814,100,,
2019-06-28 09:51:10.570723603,99617,220,98994,220,99913,220,98949,220,100434,220,98915,220,100473,220,98865,220,100678,100,98859,100,100680,100,,,100704,100,,,100721,100,,,100741,100,,,100814,100,,
2019-06-28 09:51:14.035099241,99617,320,98994,220,99913,120,98949,220,100434,220,98915,220,100473,220,98865,220,100678,100,98859,100,100680,100,,,100704,100,,,100721,100,,,100741,100,,,100814,100,,
2019-06-28 09:51:20.000000000,99617,363,98994,263,100434,258,98949,258,100473,258,98915,258,100678,100,98865,100,100680,100,98859,100,100704,100,,,100721,100,,,100741,100,,,100814,100,,,,,,
2019-06-28 09:51:30.000000000,99617,363,98994,263,100434,258,98949,258,100473,258,98915,258,100678,100,98865,100,100680,100,98859,100,100704,100,,,100721,100,,,100741,100,,,100814,100,,,,,,
2019-06-28 09:51:34.154585191,99617,363,98994,263,100434,258,98949,258,100473,258,98915,258,100678,100,98865,100,100680,100,98859,100,100704,100,98602,100,100721,100,,,100741,100,,,100814,100,,,,,,
2019-06-28 09:51:40.000000000,99617,296,98994,196,100434,196,98949,196,100473,196,98915,196,100678,196,98865,196,100680,196,98859,196,100704,100,98602,100,100721,100,,,100741,100,,,100814,100,,,,,,
2019-06-28 09:51:50.000000000,99617,296,98994,196,100434,196,98949,196,100473,196,98915,196,100678,196,98865,196,100680,196,98859,196,100704,100,98602,100,100721,100,,,100741,100,,,100814,100,,,,,,
2019-06-28 09:52:00.000000000,99617,440,98994,340,100434,340,98949,340,100473,100,98915,100,100678,100,98865,100,100680,100,98859,100,100704,100,98602,100,100721,100,,,100741,100,,,100814,100,,,,,,
2019-06-28 09:52:07.314358781,99617,540,98994,340,100434,340,98949,340,100473,100,98915,100,100678,100,98865,100,100680,100,98859,100,100704,100,98602,100,100721,100,,,100741,100,,,100814,100,,,,,,
2019-06-28 09:52:09.834454970,99617,540,98994,340,100434,340,98949,340,100473,100,98915,100,100678,100,98865,100,100680,100,98859,100,100704,100,98602,100,100721,100,,,100741,100,,,100814,100,,,,,,
2019-06-28 09:52:10.000000000,99617,463,98994,263,100434,258,98949,258,100473,258,98915,258,100678,100,98865,100,100680,100,98859,100,100704,100,98602,100,100721,100,,,100741,100,,,100814,100,,,,,,
2019-06-28 09:52:14.042561456,99617,463,98994,263,100434,258,98949,258,100473,258,98915,258,100678,100,98865,100,100680,100,98859,100,100704,100,98624,100,100721,100,98602,100,100741,100,,,100814,100,,,,,,
2019-06-28 09:52:20.000000000,99617,420,98994,220,100434,220,98949,220,100473,220,98915,220,100678,220,98865,220,100680,100,98859,100,100704,100,98624,100,100721,100,98602,100,100741,100,,,100814,100,,,,,,
2019-06-28 09:52:20.310337555,99617,420,98994,220,100434,220,98949,220,100473,220,98915,220,100678,220,98865,220,100680,100,98859,100,100704,100,98694,100,100721,100,98624,100,100741,100,98602,100,100814,100,,,,,,
2019-06-28 09:52:25.049548368,99617,520,98994,220,100434,220,98949,220,100473,220,98915,220,100678,220,98865,220,100680,100,98859,100,100704,100,98694,100,100721,100,98624,100,100741,100,98602,100,100814,100,,,,,,
2019-06-28 09:52:29.380304565,99617,620,98994,220,100434,220,98949,220,100473,220,98915,220,100678,220,98865,220,100680,100,98859,100,100704,100,98694,100,100721,100,98624,100,100741,100,98602,100,100814,100,,,,,,
2019-06-28 09:52:30.000000000,99617,980,98994,580,100434,100,98949,100,100473,100,98915,100,100678,100,98865,100,100680,100,98859,100,100704,100,98694,100,100721,100,98624,100,100741,100,98602,100,100814,100,,,,,,
2019-06-28 09:52:31.107777008,99617,980,98994,580,100434,100,98949,100,100473,100,98915,100,100678,100,98865,100,100680,100,98859,100,100704,100,98716,100,100721,100,98694,100,100741,100,98624,100,100814,100,98602,100,,,,
2019-06-28 09:52:40.000000000,99617,596,98994,196,100434,196,98949,196,100473,196,98915,196,100678,196,98865,196,100680,196,98859,196,100704,100,98716,100,100721,100,98694,100,100741,100,98624,100,100814,100,98602,100,,,,
2019-06-28 09:52:50.000000000,99617,980,98994,580,100434,100,98949,100,100473,100,98915,100,100678,100,98865,100,100680,100,98859,100,100704,100,98716,100,100721,100,98694,100,100741,100,98624,100,100814,100,98602,100,,,,
2019-06-28 09:53:00.000000000,99617,596,98994,196,100434,196,98949,196,100473,196,98915,196,100678,196,98865,196,100680,196,98859,196,100704,100,98716,100,100721,100,98694,100,100741,100,98624,100,100814,100,98602,100,,,,
2019-06-28 09:53:10.000000000,99617,663,98994,263,100434,258,98949,258,100473,258,98915,258,100678,100,98865,100,100680,100,98859,100,100704,100,98716,100,100721,100,98694,100,100741,100,98624,100,100814,100,98602,100,,,,
2019-06-28 09:53:17.826221568,99408,100,98994,263,99617,663,98949,258,100434,258,98915,258,100473,258,98865,100,100678,100,98859,100,100680,100,98716,100,100704,100,98694,100,100721,100,98624,100,100741,100,98602,100,100814,100,,
2019-06-28 09:53:20.000000000,99408,580,98994,580,99617,500,98949,100,100434,100,98915,100,100473,100,98865,100,100678,100,98859,100,100680,100,98716,100,100704,100,98694,100,100721,100,98624,100,100741,100,98602,100,100814,100,,
2019-06-28 09:53:25.521945865,99408,580,98994,580,99617,600,98949,100,100434,100,98915,100,100473,100,98865,100,100678,100,98859,100,100680,100,98716,100,100704,100,98694,100,100721,100,98624,100,100741,100,98602,100,100814,100,,
2019-06-28 09:53:26.162525122,99359,100,98994,580,99408,580,98949,100,99617,600,98915,100,100434,100,98865,100,100473,100,98859,100,100678,100,98716,100,100680,100,98694,100,100704,100,98624,100,100721,100,98602,100,100741,100,,
2019-06-28 09:53:30.000000000,99359,220,98994,220,99408,220,98949,220,99617,720,98915,220,100434,220,98865,220,100473,100,98859,100,100678,100,98716,100,100680,100,98694,100,100704,100,98624,100,100721,100,98602,100,100741,100,,
2019-06-28 09:53:31.846803193,99359,220,99242,100,99408,220,98994,220,99617,720,98949,220,100434,220,98915,220,100473,100,98865,220,100678,100,98859,100,100680,100,98716,100,100704,100,98694,100,100721,100,98624,100,100741,100,98602,100
2019-06-28 09:53:40.000000000,99359,340,99242,340,99408,340,98994,340,99617,600,98949,100,100434,100,98915,100,100473,100,98865,100,100678,100,98859,100,100680,100,98716,100,100704,100,98694,100,100721,100,98624,100,100741,100,98602,100
2019-06-28 09:53:50.000000000,99359,220,99242,220,99408,220,98994,220,99617,720,98949,220,100434,220,98915,220,100473,100,98865,100,100678,100,98859,100,100680,100,98716,100,100704,100,98694,100,100721,100,98624,100,100741,100,98602,100
2019-06-28 09:54:00.000000000,99359,220,99242,220,99408,220,98994,220,99617,720,98949,220,100434,220,98915,220,100473,100,98865,100,100678,100,98859,100,100680,100,98716,100,100704,100,98694,100,100721,100,98624,100,100741,100,98602,100
2019-06-28 09:54:10.000000000,99359,340,99242,340,99408,340,98994,340,99617,600,98949,100,100434,100,98915,100,100473,100,98865,100,100678,100,98859,100,100680,100,98716,100,100704,100,98694,100,100721,100,98624,100,100741,100,98602,100
2019-06-28 09:54:17.011746234,99359,340,99242,240,99408,340,98994,340,99617,600,98949,100,100434,100,98915,100,100473,100,98865,100,100678,100,98859,100,100680,100,98716,100,100721,100,98694,100,100741,100,98624,100,,,98602,100
2019-06-28 09:54:20.000000000,99359,220,98994,220,99408,220,98949,220,99617,720,98915,220,100434,220,98865,220,100473,100,98859,100,100678,100,98716,100,100680,100,98694,100,100721,100,98624,100,100741,100,98602,100,,,,
2019-06-28 09:54:30.000000000,99359,220,98994,220,99408,220,98949,220,99617,720,98915,220,100434,220,98865,220,100473,100,98859,100,100678,100,98716,100,100680,100,98694,100,100721,100,98624,100,100741,100,98602,100,,,,
2019-06-28 09:54:35.901694424,99359,220,98994,220,99408,220,98949,220,99617,720,98915,220,100434,220,98865,220,100473,100,98859,100,100678,100,98816,100,100680,100,98716,100,100721,100,98694,100,100741,100,98624,100,,,98602,100
2019-06-28 09:54:39.065078518,99269,100,98994,220,99359,220,98949,220,99408,220,98915,220,99617,720,98865,220,100434,220,98859,100,100473,100,98816,100,100678,100,98716,100,100680,100,98694,100,100721,100,98624,100,100741,100,98602,100
2019-06-28 09:54:40.000000000,99269,263,98994,263,99359,258,98949,258,99408,258,98915,258,99617,600,98865,100,100434,100,98859,100,100473,100,98816,100,100678,100,98716,100,100680,100,98694,100,100721,100,98624,100,100741,100,98602,100
2019-06-28 09:54:50.000000000,99269,196,98994,196,99359,196,98949,196,99408,196,98915,196,99617,696,98865,196,100434,196,98859,196,100473,100,98816,100,100678,100,98716,100,100680,100,98694,100,100721,100,98624,100,100741,100,98602,100
2019-06-28 09:54:55.047252891,99269,196,98994,96,99359,196,98949,196,99408,196,98915,196,99617,696,98865,196,100434,196,98859,196,100473,100,98816,100,100678,100,98716,100,100680,100,98694,100,100721,100,98602,100,100741,100,,
2019-06-28 09:55:00.000000000,99269,580,98949,580,99359,100,98915,100,99408,100,98865,100,99617,600,98859,100,100434,100,98816,100,100473,100,98716,100,100678,100,98694,100,100680,100,98602,100,100721,100,,,100741,100,,
2019-06-28 09:55:01.494935212,99269,580,98949,580,99359,100,98935,100,99408,100,98915,100,99617,600,98865,100,100434,100,98859,100,100678,100,98816,100,100680,100,98716,100,100721,100,98694,100,100741,100,98602,100,,,,
2019-06-28 09:55:07.916646239,99269,580,98949,580,99359,100,98935,100,99408,100,98915,100,99617,500,98865,100,100434,100,98859,100,100678,100,98816,100,100680,100,98716,100,100721,100,98694,100,100741,100,98602,100,,,,
2019-06-28 09:55:10.000000000,99269,263,98949,263,99359,258,98935,258,99408,258,98915,258,99617,500,98865,100,100434,100,98859,100,100678,100,98816,100,100680,100,98716,100,100721,100,98694,100,100741,100,98602,100,,,,
2019-06-28 09:55:20.000000000,99269,196,98949,196,99359,196,98935,196,99408,196,98915,196,99617,596,98865,196,100434,196,98859,196,100678,100,98816,100,100680,100,98716,100,100721,100,98694,100,100741,100,98602,100,,,,
2019-06-28 09:55:30.000000000,99269,196,98949,196,99359,196,98935,196,99408,196,98915,196,99617,596,98865,196,100434,196,98859,196,100678,100,98816,100,100680,100,98716,100,100721,100,98694,100,100741,100,98602,100,,,,
2019-06-28 09:55:32.739522761,99269,196,98976,100,99359,196,98949,196,99408,196,98935,196,99617,596,98915,196,100434,196,98865,196,100678,100,98859,196,100680,100,98816,100,100721,100,98716,100,100741,100,98694,100,,,98602,100
2019-06-28 09:55:33.027083791,99242,100,98976,100,99269,196,98949,196,99359,196,98935,196,99408,196,98915,196,99617,596,98865,196,100434,196,98859,196,100678,100,98816,100,100680,100,98716,100,100721,100,98694,100,100741,100,98602,100
2019-06-28 09:55:35.714030815,99242,100,98976,100,99269,196,98949,196,99359,196,98935,196,99408,196,98930,100,99617,596,98915,196,100434,196,98865,196,100678,100,98859,196,100680,100,98816,100,100721,100,98716,100,100741,100,98694,100
2019-06-28 09:55:36.669658243,99242,100,98949,196,99269,196,98935,196,99359,196,98930,100,99408,196,98915,196,99617,596,98865,196,100434,196,98859,196,100678,100,98816,100,100680,100,98716,100,100721,100,98694,100,100741,100,98602,100
2019-06-28 09:55:40.000000000,99242,340,98949,340,99269,340,98935,340,99359,100,98930,100,99408,100,98915,100,99617,500,98865,100,100434,100,98859,100,100678,100,98816,100,100680,100,98716,100,100721,100,98694,100,100741,100,98602,100
2019-06-28 09:55:50.000000000,99242,220,98949,220,99269,220,98935,220,99359,220,98930,220,99408,220,98915,220,99617,500,98865,100,100434,100,98859,100,100678,100,98816,100,100680,100,98716,100,100721,100,98694,100,100741,100,98602,100
2019-06-28 09:55:58.480198276,99242,220,98949,220,99269,220,98940,100,99359,220,98935,220,99408,220,98930,220,99617,500,98915,220,100434,100,98865,100,100678,100,98859,100,100680,100,98816,100,100721,100,98716,100,100741,100,98694,100
2019-06-28 09:56:00.000000000,99242,580,98949,580,99269,100,98940,100,99359,100,98935,100,99408,100,98930,100,99617,500,98915,100,100434,100,98865,100,100678,100,98859,100,100680,100,98816,100,100721,100,98716,100,100741,100,98694,100
2019-06-28 09:56:10.000000000,99242,340,98949,340,99269,340,98940,340,99359,100,98935,100,99408,100,98930,100,99617,500,98915,100,100434,100,98865,100,100678,100,98859,100,100680,100,98816,100,100721,100,98716,100,100741,100,98694,100
2019-06-28 09:56:10.294538762,98994,100,98949,340,99242,340,98940,340,99269,340,98935,100,99359,100,98930,100,99408,100,98915,100,99617,500,98865,100,100434,100,98859,100,100678,100,98816,100,100680,100,98716,100,100721,100,98694,100
2019-06-28 09:56:17.544145896,98994,100,98949,340,99131,100,98940,240,99242,340,98935,100,99269,340,98930,100,99359,100,98915,100,99408,100,98865,100,99617,500,98859,100,100434,100,98816,100,100678,100,98716,100,100680,100,98694,100
2019-06-28 09:56:20.000000000,98994,196,98949,196,99131,196,98935,196,99242,196,98930,196,99269,196,98915,196,99359,196,98865,196,99408,100,98859,100,99617,500,98816,100,100434,100,98716,100,100678,100,98694,100,100680,100,98602,100
2019-06-28 09:56:30.000000000,98994,580,98949,580,99131,100,98935,100,99242,100,98930,100,99269,100,98915,100,99359,100,98865,100,99408,100,98859,100,99617,500,98816,100,100434,100,98716,100,100678,100,98694,100,100680,100,98602,100
2019-06-28 09:56:40.000000000,98994,196,98949,196,99131,196,98935,196,99242,196,98930,196,99269,196,98915,196,99359,196,98865,196,99408,100,98859,100,99617,500,98816,100,100434,100,98716,100,100678,100,98694,100,100680,100,98602,100
2019-06-28 09:56:47.705913311,98994,196,98949,196,99131,196,98935,196,99242,196,98930,196,99269,196,98915,196,99359,196,98865,196,99408,100,98859,100,99617,500,98816,100,99628,100,98716,100,100434,100,98602,100,100678,100,,
2019-06-28 09:56:50.000000000,98994,340,98949,340,99131,340,98935,340,99242,100,98930,100,99269,100,98915,100,99359,100,98865,100,99408,100,98859,100,99617,500,98816,100,99628,100,98716,100,100434,100,98602,100,100678,100,,
2019-06-28 09:57:00.000000000,98994,220,98949,220,99131,220,98935,220,99242,220,98930,220,99269,220,98915,220,99359,100,98865,100,99408,100,98859,100,99617,500,98816,100,99628,100,98716,100,100434,100,98602,100,100678,100,,
2019-06-28 09:57:10.000000000,98994,220,98949,220,99131,220,98935,220,99242,220,98930,220,99269,220,98915,220,99359,100,98865,100,99408,100,98859,100,99617,500,98816,100,99628,100,98716,100,100434,100,98602,100,100678,100,,
2019-06-28 09:57:20.000000000,98994,196,98949,196,99131,196,98935,196,99242,196,98930,196,99269,196,98915,196,99359,196,98865,196,99408,100,98859,100,99617,500,98816,100,99628,100,98716,100,100434,100,98602,100,100678,100,,
2019-06-28 09:57:22.476395016,98994,96,98949,196,99131,196,98935,196,99242,196,98930,196,99269,196,98915,196,99359,196,98865,196,99408,100,98859,100,99617,500,98816,100,99628,100,98716,100,100434,100,98602,100,100678,100,,
2019-06-28 09:57:27.558785930,98994,96,98949,196,99131,196,98935,196,99242,196,98930,196,99269,196,98915,196,99359,196,98865,196,99408,100,98859,100,99617,500,98816,100,99628,100,98716,100,99985,100,98602,100,100434,100,,
2019-06-28 09:57:30.000000000,99131,196,98949,196,99242,196,98935,196,99269,196,98930,196,99359,196,98915,196,99408,196,98865,196,99617,500,98859,100,99628,100,98816,100,99985,100,98716,100,100434,100,98602,100,100678,100,,
2019-06-28 09:57:34.489576703,99131,196,98949,196,99242,196,98935,196,99269,196,98930,196,99359,196,98915,196,99408,196,98865,196,99617,500,98859,100,99628,100,98816,100,99901,100,98716,100,99985,100,98602,100,100434,100,,
2019-06-28 09:57:38.941669065,99131,96,98949,196,99242,196,98935,196,99269,196,98930,196,99359,196,98915,196,99408,196,98865,196,99617,500,98859,100,99628,100,98816,100,99901,100,98716,100,99985,100,98602,100,100434,100,,
2019-06-28 09:57:38.948344357,99131,96,98994,100,99242,196,98949,196,99269,196,98935,196,99359,196,98930,196,99408,196,98915,196,99617,500,98865,196,99628,100,98859,100,99901,100,98816,100,99985,100,98716,100,100434,100,98602,100
2019-06-28 09:57:40.000000000,99242,196,98994,196,99269,196,98949,196,99359,196,98935,196,99408,196,98930,196,99617,596,98915,196,99628,100,98865,100,99901,100,98859,100,99985,100,98816,100,100434,100,98716,100,100678,100,98602,100
2019-06-28 09:57:44.608419866,99242,196,98994,196,99269,196,98949,196,99359,196,98935,196,99408,196,98930,196,99617,596,98915,196,99628,100,98865,100,99832,100,98859,100,99901,100,98816,100,99985,100,98716,100,100678,100,98602,100
2019-06-28 09:57:48.993621709,99242,96,98994,196,99269,196,98949,196,99359,196,98935,196,99408,196,98930,196,99617,596,98915,196,99628,100,98865,100,99832,100,98859,100,99985,100,98816,100,100678,100,98716,100,100680,100,98602,100
2019-06-28 09:57:50.000000000,99269,196,98994,196,99359,196,98949,196,99408,196,98935,196,99617,596,98930,196,99628,196,98915,196,99832,100,98865,100,99985,100,98859,100,100678,100,98816,100,100680,100,98716,100,100721,100,98602,100
2019-06-28 09:57:55.041086160,99269,96,98994,196,99359,196,98949,196,99408,196,98935,196,99617,596,98930,196,99628,196,98915,196,99832,100,98865,100,99985,100,98859,100,100678,100,98816,100,100680,100,98716,100,100721,100,98602,100
2019-06-28 09:57:57.689381441,99269,96,99242,100,99359,196,98994,196,99408,196,98949,196,99617,596,98935,196,99628,196,98930,196,99832,100,98915,196,99985,100,98865,100,100678,100,98859,100,100680,100,98816,100,100721,100,98716,100
2019-06-28 09:58:00.000000000,99359,263,99242,263,99408,258,98994,258,99617,658,98949,258,99628,100,98935,100,99832,100,98930,100,99985,100,98915,100,100678,100,98865,100,100680,100,98859,100,100721,100,98816,100,100741,100,98716,100
2019-06-28 09:58:10.000000000,99359,220,99242,220,99408,220,98994,220,99617,620,98949,220,99628,220,98935,220,99832,100,98930,100,99985,100,98915,100,100678,100,98865,100,100680,100,98859,100,100721,100,98816,100,100741,100,98716,100
2019-06-28 09:58:20.000000000,99359,340,99242,340,99408,340,98994,340,99617,500,98949,100,99628,100,98935,100,99832,100,98930,100,99985,100,98915,100,100678,100,98865,100,100680,100,98859,100,100721,100,98816,100,100741,100,98716,100
2019-06-28 09:58:30.000000000,99359,340,99242,340,99408,340,98994,340,99617,500,98949,100,99628,100,98935,100,99832,100,98930,100,99985,100,98915,100,100678,100,98865,100,100680,100,98859,100,100721,100,98816,100,100741,100,98716,100
2019-06-28 09:58:40.000000000,99359,196,99242,196,99408,196,98994,196,99617,596,98949,196,99628,196,98935,196,99832,196,98930,196,99985,100,98915,100,100678,100,98865,100,100680,100,98859,100,100721,100,98816,100,100741,100,98716,100
2019-06-28 09:58:45.899495543,99359,96,99242,196,99408,196,98994,196,99617,596,98949,196,99628,196,98935,196,99832,196,98930,196,99985,100,98915,100,100678,100,98865,100,100680,100,98816,100,100721,100,98716,100,100741,100,98602,100
2019-06-28 09:58:50.000000000,99408,196,99242,196,99617,596,98994,196,99628,196,98949,196,99832,196,98935,196,99985,196,98930,196,100678,100,98915,100,100680,100,98865,100,100721,100,98816,100,100741,100,98716,100,,,98602,100
2019-06-28 09:59:00.000000000,99408,196,99242,196,99617,596,98994,196,99628,196,98949,196,99832,196,98935,196,99985,196,98930,196,100678,100,98915,100,100680,100,98865,100,100721,100,98816,100,100741,100,98716,100,,,98602,100
2019-06-28 09:59:10.000000000,99408,340,99242,340,99617,740,98994,340,99628,100,98949,100,99832,100,98935,100,99985,100,98930,100,100678,100,98915,100,100680,100,98865,100,100721,100,98816,100,100741,100,98716,100,,,98602,100
2019-06-28 09:59:18.913882145,99408,340,99242,340,99617,640,98994,340,99628,100,98949,100,99832,100,98935,100,99985,100,98930,100,100678,100,98915,100,100680,100,98865,100,100721,100,98816,100,100741,100,98716,100,,,98602,100
2019-06-28 09:59:20.000000000,99408,580,99242,580,99617,400,98994,100,99628,100,98949,100,99832,100,98935,100,99985,100,98930,100,100678,100,98915,100,100680,100,98865,100,100721,100,98816,100,100741,100,98716,100,,,98602,100
2019-06-28 09:59:30.000000000,99408,220,99242,220,99617,520,98994,220,99628,220,98949,220,99832,220,98935,220,99985,100,98930,100,100678,100,98915,100,100680,100,98865,100,100721,100,98816,100,100741,100,98716,100,,,98602,100
2019-06-28 09:59:40.000000000,99408,580,99242,580,99617,400,98994,100,99628,100,98949,100,99832,100,98935,100,99985,100,98930,100,100678,100,98915,100,100680,100,98865,100,100721,100,98816,100,100741,100,98716,100,,,98602,100
2019-06-28 09:59:46.626744982,99408,480,99242,580,99617,400,98994,100,99628,100,98949,100,99832,100,98935,100,99985,100,98930,100,100678,100,98915,100,100680,100,98865,100,100721,100,98816,100,100741,100,98716,100,,,98602,100
2019-06-28 09:59:50.000000000,99617,880,99242,580,99628,100,98994,100,99832,100,98949,100,99985,100,98935,100,100678,100,98930,100,100680,100,98915,100,100721,100,98865,100,100741,100,98816,100,,,98716,100,,,98602,100
2019-06-28 09:59:57.179150496,99617,780,99242,580,99628,100,98994,100,99832,100,98949,100,99985,100,98935,100,100678,100,98930,100,100680,100,98915,100,100721,100,98865,100,100741,100,98816,100,,,98716,100,,,98602,100
2019-06-28 10:00:00.000000000,99617,396,99242,196,99628,196,98994,196,99832,196,98949,196,99985,196,98935,196,100678,196,98930,196,100680,100,98915,100,100721,100,98865,100,100741,100,98816,100,,,98716,100,,,98602,100
2019-06-28 10:00:02.387326151,99617,396,99242,196,99628,196,98994,196,99832,196,98949,196,99985,196,98935,196,100491,100,98930,196,100678,196,98915,100,100680,100,98865,100,100721,100,98816,100,100741,100,98716,100,,,98602,100
2019-06-28 10:00:03.969973708,99617,396,99242,196,99628,96,98994,196,99832,196,98949,196,99985,196,98935,196,100491,100,98930,196,100549,100,98915,100,100678,196,98865,100,100680,100,98816,100,100721,100,98716,100,100741,100,98602,100
2019-06-28 10:00:10.000000000,99617,396,99242,196,99832,196,98994,196,99985,196,98949,196,100491,196,98935,196,100549,196,98930,196,100678,100,98915,100,100680,100,98865,100,100721,100,98816,100,100741,100,98716,100,,,98602,100
2019-06-28 10:00:20.000000000,99617,420,99242,220,99832,220,98994,220,99985,220,98949,220,100491,220,98935,220,100549,100,98930,100,100678,100,98915,100,100680,100,98865,100,100721,100,98816,100,100741,100,98716,100,,,98602,100
2019-06-28 10:00:21.569268303,99617,420,99242,220,99832,220,98994,220,99985,220,98949,220,100051,100,98935,220,100491,220,98930,100,100549,100,98915,100,100678,100,98865,100,100680,100,98816,100,100721,100,98716,100,100741,100,98602,100
2019-06-28 10:00:27.575329945,99617,320,99242,220,99832,220,98994,220,99985,220,98949,220,100051,100,98935,220,100491,220,98930,100,100549,100,98915,100,100678,100,98865,100,100680,100,98816,100,100721,100,98716,100,100741,100,98602,100
2019-06-28 10:00:30.000000000,99617,296,99242,196,99832,196,98994,196,99985,196,98949,196,100051,196,98935,196,100491,196,98930,196,100549,100,98915,100,100678,100,98865,100,100680,100,98816,100,100721,100,98716,100,100741,100,98602,100
2019-06-28 10:00:40.000000000,99617,320,99242,220,99832,220,98994,220,99985,220,98949,220,100051,220,98935,220,100491,100,98930,100,100549,100,98915,100,100678,100,98865,100,100680,100,98816,100,100721,100,98716,100,100741,100,98602,100
2019-06-28 10:00:45.875164356,99617,220,99242,220,99832,220,98994,220,99985,220,98949,220,100051,220,98935,220,100491,100,98930,100,100549,100,98915,100,100678,100,98865,100,100680,100,98816,100,100721,100,98716,100,100741,100,98602,100
2019-06-28 10:00:50.000000000,99617,580,99242,580,99832,100,98994,100,99985,100,98949,100,100051,100,98935,100,100491,100,98930,100,100549,100,98915,100,100678,100,98865,100,100680,100,98816,100,100721,100,98716,100,100741,100,98602,100
2019-06-28 10:01:00.000000000,99617,263,99242,263,99832,258,98994,258,99985,258,98949,258,100051,100,98935,100,100491,100,98930,100,100549,100,98915,100,100678,100,98865,100,100680,100,98816,100,100721,100,98716,100,100741,100,98602,100
2019-06-28 10:01:10.000000000,99617,263,99242,263,99832,258,98994,258,99985,258,98949,258,100051,100,98935,100,100491,100,98930,100,100549,100,98915,100,100678,100,98865,100,100680,100,98816,100,100721,100,98716,100,100741,100,98602,100
2019-06-28 10:01:13.969771738,99617,163,99242,263,99832,258,98994,258,99985,258,98949,258,100051,100,98935,100,100491,100,98930,100,100549,100,98915,100,100678,100,98865,100,100680,100,98816,100,100721,100,98716,100,100741,100,98602,100
2019-06-28 10:01:14.882093913,99617,63,99242,263,99832,258,98994,258,99985,258,98949,258,100051,100,98930,100,100491,100,98915,100,100549,100,98865,100,100678,100,98816,100,100680,100,98716,100,100721,100,98602,100,100741,100,,
2019-06-28 10:01:17.744639299,99832,258,99617,37,99985,258,99242,263,100051,100,98994,258,100491,100,98949,258,100549,100,98930,100,100678,100,98915,100,100680,100,98865,100,100721,100,98716,100,100741,100,98602,100,,,,
2019-06-28 10:01:20.000000000,99832,340,99617,277,99985,340,99242,340,100051,100,98994,100,100491,100,98949,100,100549,100,98930,100,100678,100,98915,100,100680,100,98865,100,100721,100,98716,100,100741,100,98602,100,,,,
2019-06-28 10:01:28.935886456,99832,240,99617,277,99985,340,99242,340,100051,100,98994,100,100491,100,98949,100,100549,100,98930,100,100678,100,98915,100,100680,100,98865,100,100721,100,98716,100,100741,100,98602,100,,,,
2019-06-28 10:01:30.000000000,99985,340,99617,277,100051,340,99242,340,100491,100,98994,100,100549,100,98949,100,100678,100,98930,100,100680,100,98915,100,100721,100,98865,100,100741,100,98716,100,,,98602,100,,,,
2019-06-28 10:01:40.000000000,99985,340,99617,277,100051,340,99242,340,100491,100,98994,100,100549,100,98949,100,100678,100,98930,100,100680,100,98915,100,100721,100,98865,100,100741,100,98716,100,,,98602,100,,,,
2019-06-28 10:01:50.000000000,99985,220,99617,157,100051,220,99242,220,100491,220,98994,220,100549,220,98949,220,100678,100,98930,100,100680,100,98915,100,100721,100,98865,100,100741,100,98716,100,,,98602,100,,,,
2019-06-28 10:02:00.000000000,99985,580,99617,517,100051,100,99242,100,100491,100,98994,100,100549,100,98949,100,100678,100,98930,100,100680,100,98915,100,100721,100,98865,100,100741,100,98716,100,,,98602,100,,,,
2019-06-28 10:02:10.000000000,99985,580,99617,517,100051,100,99242,100,100491,100,98994,100,100549,100,98949,100,100678,100,98930,100,100680,100,98915,100,100721,100,98865,100,100741,100,98716,100,,,98602,100,,,,
2019-06-28 10:02:20.000000000,99985,196,99617,133,100051,196,99242,196,100491,196,98994,196,100549,196,98949,196,100678,196,98930,196,100680,100,98915,100,100721,100,98865,100,100741,100,98716,100,,,98602,100,,,,
2019-06-28 10:02:30.000000000,99985,580,99617,517,100051,100,99242,100,100491,100,98994,100,100549,100,98949,100,100678,100,98930,100,100680,100,98915,100,100721,100,98865,100,100741,100,98716,100,,,98602,100,,,,
2019-06-28 10:02:34.056130545,99985,480,99617,517,100051,100,99242,100,100491,100,98994,100,100549,100,98949,100,100678,100,98930,100,100680,100,98915,100,100721,100,98865,100,100741,100,98716,100,,,98602,100,,,,
2019-06-28 10:02:40.000000000,100051,220,99617,157,100491,220,99242,220,100549,220,98994,220,100678,220,98949,220,100680,100,98930,100,100721,100,98915,100,100741,100,98865,100,,,98716,100,,,98602,100,,,,
2019-06-28 10:02:46.812303584,100051,220,99832,100,100491,220,99617,157,100549,220,99242,220,100678,220,98994,220,100680,100,98949,220,100721,100,98930,100,100741,100,98915,100,,,98865,100,,,98716,100,,,98602,100
2019-06-28 10:02:50.000000000,100051,580,99832,580,100491,100,99617,37,100549,100,99242,100,100678,100,98994,100,100680,100,98949,100,100721,100,98930,100,100741,100,98915,100,,,98865,100,,,98716,100,,,98602,100
2019-06-28 10:03:00.000000000,100051,580,99832,580,100491,100,99617,37,100549,100,99242,100,100678,100,98994,100,100680,100,98949,100,100721,100,98930,100,100741,100,98915,100,,,98865,100,,,98716,100,,,98602,100
2019-06-28 10:03:10.000000000,100051,196,99832,196,100491,196,99617,133,100549,196,99242,196,100678,196,98994,196,100680,196,98949,196,100721,100,98930,100,100741,100,98915,100,,,98865,100,,,98716,100,,,98602,100
2019-06-28 10:03:20.000000000,100051,220,99832,220,100491,220,99617,157,100549,220,99242,220,100678,220,98994,220,100680,100,98949,100,100721,100,98930,100,100741,100,98915,100,,,98865,100,,,98716,100,,,98602,100
2019-06-28 10:03:28.454828628,100051,220,99832,220,100491,220,99617,157,100549,220,99242,220,100678,220,98994,220,100680,100,98949,100,100721,100,98930,100,100741,100,98915,100,101562,100,98865,100,,,98716,100,,,98602,100
2019-06-28 10:03:30.000000000,100051,196,99832,196,100491,196,99617,133,100549,196,99242,196,100678,196,98994,196,100680,196,98949,196,100721,100,98930,100,100741,100,98915,100,101562,100,98865,100,,,98716,100,,,98602,100
2019-06-28 10:03:35.508471467,100051,96,99832,196,100491,196,99617,133,100549,196,99242,196,100678,196,98994,196,100680,196,98949,196,100741,100,98930,100,101562,100,98915,100,,,98865,100,,,98716,100,,,98602,100
2019-06-28 10:03:40.000000000,100491,340,99832,340,100549,340,99617,277,100678,100,99242,100,100680,100,98994,100,100741,100,98949,100,101562,100,98930,100,,,98915,100,,,98865,100,,,98716,100,,,98602,100
2019-06-28 10:03:50.000000000,100491,580,99832,580,100549,100,99617,37,100678,100,99242,100,100680,100,98994,100,100741,100,98949,100,101562,100,98930,100,,,98915,100,,,98865,100,,,98716,100,,,98602,100
2019-06-28 10:04:00.000000000,100491,220,99832,220,100549,220,99617,157,100678,220,99242,220,100680,220,98994,220,100741,100,98949,100,101562,100,98930,100,,,98915,100,,,98865,100,,,98716,100,,,98602,100
2019-06-28 10:04:10.000000000,100491,196,99832,196,100549,196,99617,133,100678,196,99242,196,100680,196,98994,196,100741,196,98949,196,101562,100,98930,100,,,98915,100,,,98865,100,,,98716,100,,,98602,100
2019-06-28 10:04:20.000000000,100491,220,99832,220,100549,220,99617,157,100678,220,99242,220,100680,220,98994,220,100741,100,98949,100,101562,100,98930,100,,,98915,100,,,98865,100,,,98716,100,,,98602,100
2019-06-28 10:04:30.000000000,100491,580,99832,580,100549,100,99617,37,100678,100,99242,100,100680,100,98994,100,100741,100,98949,100,101562,100,98930,100,,,98915,100,,,98865,100,,,98716,100,,,98602,100
2019-06-28 10:04:40.000000000,100491,220,99832,220,100549,220,99617,157,100678,220,99242,220,100680,220,98994,220,100741,100,98949,100,101562,100,98930,100,,,98915,100,,,98865,100,,,98716,100,,,98602,100
2019-06-28 10:04:50.000000000,100491,196,99832,196,100549,196,99617,133,100678,196,99242,196,100680,196,98994,196,100741,196,98949,196,101562,100,98930,100,,,98915,100,,,98865,100,,,98716,100,,,98602,100
2019-06-28 10:04:54.328861323,100491,196,99832,196,100549,196,99617,133,100627,100,99242,196,100678,196,98994,196,100680,196,98949,196,100741,196,98930,100,101562,100,98915,100,,,98865,100,,,98716,100,,,98602,100
2019-06-28 10:05:00.000000000,100491,580,99832,580,100549,100,99617,37,100627,100,99242,100,100678,100,98994,100,100680,100,98949,100,100741,100,98930,100,101562,100,98915,100,,,98865,100,,,98716,100,,,98602,100
2019-06-28 10:05:04.172069207,100491,580,99985,100,100549,100,99832,480,100627,100,99617,37,100678,100,99242,100,100680,100,98994,100,100741,100,98949,100,101562,100,98930,100,,,98915,100,,,98865,100,,,98716,100
2019-06-28 10:05:04.814140654,100491,480,99985,100,100549,100,99832,480,100627,100,99617,37,100678,100,99242,100,100680,100,98994,100,100741,100,98949,100,101562,100,98930,100,,,98915,100,,,98865,100,,,98716,100
2019-06-28 10:05:10.000000000,100549,263,99985,263,100627,258,99617,195,100678,258,99242,258,100680,100,98994,100,100741,100,98949,100,101562,100,98930,100,,,98915,100,,,98865,100,,,98716,100,,,98602,100
2019-06-28 10:05:14.820806681,100549,263,100473,100,100627,258,99985,263,100678,258,99617,195,100680,100,99242,258,100741,100,98994,100,101562,100,98949,100,,,98930,100,,,98915,100,,,98865,100,,,98716,100
2019-06-28 10:05:20.000000000,100549,196,100473,196,100627,196,99985,196,100678,196,99617,133,100680,196,99242,196,100741,196,98994,196,101562,100,98949,100,,,98930,100,,,98915,100,,,98865,100,,,98716,100
2019-06-28 10:05:30.000000000,100549,340,100473,340,100627,340,99985,340,100678,100,99617,37,100680,100,99242,100,100741,100,98994,100,101562,100,98949,100,,,98930,100,,,98915,100,,,98865,100,,,98716,100
2019-06-28 10:05:40.000000000,100549,196,100473,196,100627,196,99985,196,100678,196,99617,133,100680,196,99242,196,100741,196,98994,196,101562,100,98949,100,,,98930,100,,,98915,100,,,98865,100,,,98716,100
2019-06-28 10:05:43.399376392,100549,96,100473,196,100627,196,100106,100,100678,196,99985,196,100680,196,99617,133,100741,196,99242,196,101562,100,98994,196,,,98949,100,,,98930,100,,,98915,100,,,98865,100
2019-06-28 10:05:50.000000000,100627,220,100473,220,100678,220,100106,220,100680,220,99985,220,100741,220,99617,157,101562,100,99242,100,,,98994,100,,,98949,100,,,98930,100,,,98915,100,,,98865,100
2019-06-28 10:06:00.000000000,100627,340,100473,340,100678,340,100106,340,100680,100,99985,100,100741,100,99617,37,101562,100,99242,100,,,98994,100,,,98949,100,,,98930,100,,,98915,100,,,98865,100
2019-06-28 10:06:10.000000000,100627,220,100473,220,100678,220,100106,220,100680,220,99985,220,100741,220,99617,157,101562,100,99242,100,,,98994,100,,,98949,100,,,98930,100,,,98915,100,,,98865,100
2019-06-28 10:06:11.335242302,100627,220,100473,120,100678,220,100106,220,100680,220,99985,220,100741,220,99617,157,101562,100,99242,100,,,98994,100,,,98949,100,,,98930,100,,,98915,100,,,98865,100
2019-06-28 10:06:12.812020821,100627,220,100473,120,100678,220,100106,220,100680,220,99985,220,100741,220,99771,100,101562,100,99617,157,,,99242,100,,,98994,100,,,98930,100,,,98915,100,,,98865,100
2019-06-28 10:06:20.000000000,100627,263,100106,263,100678,258,99985,258,100680,258,99771,258,100741,100,99617,37,101562,100,99242,100,,,98994,100,,,98930,100,,,98915,100,,,98865,100,,,98716,100
2019-06-28 10:06:30.000000000,100627,340,100106,340,100678,340,99985,340,100680,100,99771,100,100741,100,99617,37,101562,100,99242,100,,,98994,100,,,98930,100,,,98915,100,,,98865,100,,,98716,100
2019-06-28 10:06:35.600824849,100627,340,100188,100,100678,340,100106,340,100680,100,99985,340,100741,100,99771,100,101562,100,99617,37,,,99242,100,,,98994,100,,,98930,100,,,98915,100,,,98865,100
2019-06-28 10:06:40.000000000,100627,196,100188,196,100678,196,100106,196,100680,196,99985,196,100741,196,99771,196,101562,196,99617,133,,,99242,100,,,98994,100,,,98930,100,,,98915,100,,,98865,100
2019-06-28 10:06:46.107928343,100410,100,100188,196,100627,196,100106,196,100678,196,99985,196,100680,196,99771,196,100741,196,99617,133,101562,196,99242,100,,,98994,100,,,98930,100,,,98915,100,,,98865,100
2019-06-28 10:06:50.000000000,100410,196,100188,196,100627,196,100106,196,100678,196,99985,196,100680,196,99771,196,100741,196,99617,133,101562,100,99242,100,,,98994,100,,,98930,100,,,98915,100,,,98865,100
2019-06-28 10:06:56.849548092,100410,196,100188,196,100627,196,100161,100,100678,96,100106,196,100680,196,99985,196,100741,196,99771,196,101562,100,99617,133,,,99242,100,,,98994,100,,,98930,100,,,98915,100
2019-06-28 10:06:57.121555794,100410,196,100188,196,100627,196,100161,100,100678,96,100106,196,100680,196,99985,196,100741,196,99771,196,101562,100,99617,133,,,98994,100,,,98930,100,,,98915,100,,,98865,100
2019-06-28 10:07:00.000000000,100410,220,100188,220,100627,220,100161,220,100680,220,100106,220,100741,220,99985,220,101562,100,99771,100,,,99617,37,,,98994,100,,,98930,100,,,98915,100,,,98865,100
2019-06-28 10:07:10.000000000,100410,263,100188,263,100627,258,100161,258,100680,258,100106,258,100741,100,99985,100,101562,100,99771,100,,,99617,37,,,98994,100,,,98930,100,,,98915,100,,,98865,100
2019-06-28 10:07:18.824111693,100410,263,100188,263,100558,100,100161,258,100627,258,100106,258,100680,258,99985,100,100741,100,99771,100,101562,100,99617,37,,,98994,100,,,98930,100,,,98915,100,,,98865,100
2019-06-28 10:07:20.000000000,100410,340,100188,340,100558,340,100161,340,100627,100,100106,100,100680,100,99985,100,100741,100,99771,100,101562,100,99617,37,,,98994,100,,,98930,100,,,98915,100,,,98865,100
2019-06-28 10:07:21.531400617,100410,240,100188,340,100558,340,100161,340,100627,100,100106,100,100680,100,99985,100,100741,100,99771,100,101562,100,99617,37,,,98994,100,,,98930,100,,,98865,100,,,98602,100
2019-06-28 10:07:30.000000000,100558,580,100188,580,100627,100,100161,100,100680,100,100106,100,100741,100,99985,100,101562,100,99771,100,,,99617,37,,,98994,100,,,98930,100,,,98865,100,,,98602,100
2019-06-28 10:07:31.456177581,100558,580,100188,580,100578,100,100161,100,100627,100,100106,100,100680,100,99985,100,100741,100,99771,100,101562,100,99617,37,,,98994,100,,,98930,100,,,98865,100,,,98602,100
2019-06-28 10:07:33.406213353,100558,580,100188,580,100578,100,100161,100,100627,100,100106,100,100680,100,99985,100,100684,100,99771,100,100741,100,99617,37,101562,100,98994,100,,,98930,100,,,98865,100,,,98602,100
2019-06-28 10:07:34.621346788,100558,580,100188,580,100578,100,100161,100,100597,100,100106,100,100627,100,99985,100,100680,100,99771,100,100684,100,99617,37,100741,100,98994,100,101562,100,98930,100,,,98865,100,,,98602,100
2019-06-28 10:07:37.735695341,100558,480,100188,580,100578,100,100161,100,100597,100,100106,100,100627,100,99985,100,100680,100,99771,100,100684,100,99617,37,100741,100,98994,100,101562,100,98930,100,,,98865,100,,,98602,100
2019-06-28 10:07:40.000000000,100578,263,100188,263,100597,258,100161,258,100627,258,100106,258,100680,100,99985,100,100684,100,99771,100,100741,100,99617,37,101562,100,98994,100,,,98930,100,,,98865,100,,,98602,100
2019-06-28 10:07:44.582171045,100578,263,100188,263,100597,258,100161,258,100627,258,100106,258,100680,100,99985,100,100684,100,99771,100,100741,100,99617,37,100807,100,98994,100,101562,100,98930,100,,,98865,100,,,98602,100
2019-06-28 10:07:50.000000000,100578,220,100188,220,100597,220,100161,220,100627,220,100106,220,100680,220,99985,220,100684,100,99771,100,100741,100,99617,37,100807,100,98994,100,101562,100,98930,100,,,98865,100,,,98602,100
2019-06-28 10:08:00.000000000,100578,220,100188,220,100597,220,100161,220,100627,220,100106,220,100680,220,99985,220,100684,100,99771,100,100741,100,99617,37,100807,100,98994,100,101562,100,98930,100,,,98865,100,,,98602,100
2019-06-28 10:08:10.000000000,100578,196,100188,196,100597,196,100161,196,100627,196,100106,196,100680,196,99985,196,100684,196,99771,196,100741,100,99617,37,100807,100,98994,100,101562,100,98930,100,,,98865,100,,,98602,100
2019-06-28 10:08:20.000000000,100578,263,100188,263,100597,258,100161,258,100627,258,100106,258,100680,100,99985,100,100684,100,99771,100,100741,100,99617,37,100807,100,98994,100,101562,100,98930,100,,,98865,100,,,98602,100
2019-06-28 10:08:30.000000000,100578,263,100188,263,100597,258,100161,258,100627,258,100106,258,100680,100,99985,100,100684,100,99771,100,100741,100,99617,37,100807,100,98994,100,101562,100,98930,100,,,98865,100,,,98602,100
2019-06-28 10:08:40.000000000,100578,196,100188,196,100597,196,100161,196,100627,196,100106,196,100680,196,99985,196,100684,196,99771,196,100741,100,99617,37,100807,100,98994,100,101562,100,98930,100,,,98865,100,,,98602,100
2019-06-28 10:08:50.000000000,100578,340,100188,340,100597,340,100161,340,100627,100,100106,100,100680,100,99985,100,100684,100,99771,100,100741,100,99617,37,100807,100,98994,100,101562,100,98930,100,,,98865,100,,,98602,100
2019-06-28 10:08:56.572778455,100578,340,100505,100,100597,340,100188,340,100627,100,100161,340,100680,100,100106,100,100684,100,99985,100,100741,100,99771,100,100807,100,99617,37,101562,100,98994,100,,,98930,100,,,98865,100
2019-06-28 10:09:00.000000000,100578,196,100505,196,100597,196,100188,196,100627,196,100161,196,100680,196,100106,196,100684,196,99985,196,100741,100,99771,100,100807,100,99617,37,101562,100,98994,100,,,98930,100,,,98865,100
2019-06-28 10:09:10.000000000,100578,263,100505,263,100597,258,100188,258,100627,258,100161,258,100680,100,100106,100,100684,100,99985,100,100741,100,99771,100,100807,100,99617,37,101562,100,98994,100,,,98930,100,,,98865,100
2019-06-28 10:09:20.000000000,100578,220,100505,220,100597,220,100188,220,100627,220,100161,220,100680,220,100106,220,100684,100,99985,100,100741,100,99771,100,100807,100,99617,37,101562,100,98994,100,,,98930,100,,,98865,100
2019-06-28 10:09:27.097062371,100578,120,100505,220,100597,220,100188,220,100627,220,100161,220,100680,220,100106,220,100684,100,99985,100,100741,100,99771,100,100807,100,99617,37,101562,100,98994,100,,,98930,100,,,98865,100
2019-06-28 10:09:30.000000000,100597,580,100505,580,100627,100,100188,100,100680,100,100161,100,100684,100,100106,100,100741,100,99985,100,100807,100,99771,100,101562,100,99617,37,,,98994,100,,,98930,100,,,98865,100
2019-06-28 10:09:40.000000000,100597,580,100505,580,100627,100,100188,100,100680,100,100161,100,100684,100,100106,100,100741,100,99985,100,100807,100,99771,100,101562,100,99617,37,,,98994,100,,,98930,100,,,98865,100
2019-06-28 10:09:50.000000000,100597,196,100505,196,100627,196,100188,196,100680,196,100161,196,100684,196,100106,196,100741,196,99985,196,100807,100,99771,100,101562,100,99617,37,,,98994,100,,,98930,100,,,98865,100
2019-06-28 10:09:51.931947467,100597,196,100505,196,100627,196,100188,196,100680,196,100161,196,100684,196,100106,196,100723,100,99985,196,100741,196,99771,100,100807,100,99617,37,101562,100,98994,100,,,98930,100,,,98865,100
