,ask_price_1,ask_size_1,bid_price_1,bid_size_1,ask_price_2,ask_size_2,bid_price_2,bid_size_2,ask_price_3,ask_size_3,bid_price_3,bid_size_3,ask_price_4,ask_size_4,bid_price_4,bid_size_4,ask_price_5,ask_size_5,bid_price_5,bid_size_5,ask_price_6,ask_size_6,bid_price_6,bid_size_6,ask_price_7,ask_size_7,bid_price_7,bid_size_7,ask_price_8,ask_size_8,bid_price_8,bid_size_8,ask_price_9,ask_size_9,bid_price_9,bid_size_9,ask_price_10,ask_size_10,bid_price_10,bid_size_10
2019-06-28 09:30:00.000000000,,,99938,100,,,,,,,,,,,,,,,,,,,,,,,,,,,,,,,,,,,,
2019-06-28 09:30:00.000000001,100164,100,99938,100,,,,,,,,,,,,,,,,,,,,,,,,,,,,,,,,,,,,
2019-06-28 09:30:00.000000002,100164,100,100076,100,,,99938,100,,,,,,,,,,,,,,,,,,,,,,,,,,,,,,,,
2019-06-28 09:30:00.000000004,100164,100,100076,100,100204,100,99938,100,,,,,,,,,,,,,,,,,,,,,,,,,,,,,,,,
2019-06-28 09:30:00.000000008,100145,100,100076,100,100164,100,99938,100,100204,100,,,,,,,,,,,,,,,,,,,,,,,,,,,,,,
2019-06-28 09:30:00.000000009,100145,100,99938,100,100164,100,,,100204,100,,,,,,,,,,,,,,,,,,,,,,,,,,,,,,
2019-06-28 09:30:00.000000010,100145,100,99977,100,100164,100,99938,100,100204,100,,,,,,,,,,,,,,,,,,,,,,,,,,,,,,
2019-06-28 09:30:00.000000012,100145,100,99977,100,100164,100,99938,100,100204,100,99858,100,,,,,,,,,,,,,,,,,,,,,,,,,,,,
2019-06-28 09:30:00.000000013,100098,100,99977,100,100145,100,99938,100,100164,100,99858,100,100204,100,,,,,,,,,,,,,,,,,,,,,,,,,,
2019-06-28 09:30:00.000000016,100098,100,99977,100,100145,100,99938,100,100164,100,99903,100,100204,100,99858,100,,,,,,,,,,,,,,,,,,,,,,,,
2019-06-28 09:30:00.000000017,100098,100,100018,100,100145,100,99977,100,100164,100,99938,100,100204,100,99903,100,,,99858,100,,,,,,,,,,,,,,,,,,,,
2019-06-28 09:30:00.000000018,100098,100,100018,100,100145,100,99977,100,100164,100,99964,100,100204,100,99938,100,,,99903,100,,,99858,100,,,,,,,,,,,,,,,,
2019-06-28 09:30:00.000000022,100090,100,100018,100,100098,100,99977,100,100145,100,99976,100,100164,100,99964,100,100204,100,99938,100,,,99903,100,,,99858,100,,,99855,100,,,,,,,,
2019-06-28 09:30:00.000000023,100090,100,100018,100,100098,100,99977,100,100145,100,99976,100,100164,100,99964,100,100204,100,99938,100,,,99903,200,,,99858,100,,,99855,100,,,,,,,,
2019-06-28 09:30:00.000000024,100090,100,100018,100,100098,100,99977,100,100145,100,99976,100,100164,100,99964,100,100204,100,99938,100,,,99903,200,,,99885,100,,,99858,100,,,99855,100,,,,
2019-06-28 09:30:00.000000027,100090,100,100018,100,100098,100,99990,100,100145,100,99977,100,100164,100,99976,100,100204,100,99964,100,,,99938,100,,,99903,200,,,99885,100,,,99858,100,,,99855,100
2019-06-28 09:30:00.000000030,100090,100,100018,100,100098,100,99990,100,100145,100,99977,100,100164,100,99976,100,100204,100,99964,100,,,99938,100,,,99905,100,,,99903,200,,,99885,100,,,99858,100
2019-06-28 09:30:00.000000031,100090,100,100018,100,100098,100,99990,100,100145,100,99977,100,100164,100,99976,100,100204,100,99968,100,,,99964,100,,,99938,100,,,99905,100,,,99903,200,,,99885,100
2019-06-28 09:30:00.000000034,100090,200,100018,100,100098,100,99990,100,100145,100,99977,100,100164,100,99976,100,100204,100,99968,100,,,99964,100,,,99938,100,,,99905,100,,,99903,200,,,99885,100
2019-06-28 09:30:00.000000035,100090,200,100018,100,100098,100,99990,100,100123,100,99977,100,100145,100,99976,100,100164,100,99968,100,100204,100,99964,100,,,99938,100,,,99905,100,,,99903,200,,,99885,100
2019-06-28 09:30:00.000000038,100038,100,100018,100,100090,200,99990,100,100098,100,99977,100,100123,100,99976,100,100145,100,99968,100,100164,100,99964,100,100204,100,99961,100,,,99938,100,,,99905,100,,,99903,200
2019-06-28 09:30:00.000000039,100038,100,99990,100,100090,200,99977,100,100098,100,99976,100,100123,100,99968,100,100145,100,99964,100,100164,100,99961,100,100204,100,99938,100,,,99905,100,,,99903,200,,,99885,100
2019-06-28 09:30:00.000000041,100038,100,99990,100,100076,100,99977,100,100090,200,99976,100,100098,100,99968,100,100123,100,99964,100,100145,100,99961,100,100164,100,99938,100,100204,100,99905,100,,,99903,200,,,99885,100
2019-06-28 09:30:00.000000043,100038,100,99990,100,100076,200,99977,100,100090,200,99976,100,100098,100,99968,100,100123,100,99964,100,100145,100,99961,100,100164,100,99938,100,100204,100,99905,100,,,99903,200,,,99885,100
2019-06-28 09:30:00.000000044,100076,200,99990,100,100090,200,99977,100,100098,100,99976,100,100123,100,99968,100,100145,100,99964,100,100164,100,99961,100,100169,100,99938,100,100204,100,99905,100,,,99903,200,,,99885,100
2019-06-28 09:30:00.000000046,100076,200,100018,100,100090,200,99990,100,100098,100,99977,100,100123,100,99976,100,100145,100,99968,100,100164,100,99964,100,100169,100,99961,100,100204,100,99938,100,,,99905,100,,,99903,200
2019-06-28 09:30:00.000000047,100038,100,100018,100,100048,100,99990,100,100076,200,99977,100,100090,200,99976,100,100098,100,99968,100,100123,100,99964,100,100145,100,99961,100,100164,100,99938,100,100169,100,99916,100,100204,100,99905,100
2019-06-28 09:30:00.000000049,100037,100,99990,100,100038,100,99977,100,100048,100,99976,100,100076,200,99968,100,100090,200,99964,100,100098,100,99961,100,100123,100,99938,100,100145,100,99916,100,100164,100,99905,100,100169,100,99903,200
2019-06-28 09:30:00.000000050,100037,100,99990,100,100038,100,99977,100,100048,100,99976,100,100076,200,99968,100,100090,200,99964,100,100098,100,99963,100,100123,100,99961,100,100145,100,99938,100,100164,100,99916,100,100169,100,99905,100
2019-06-28 09:30:00.000000053,100037,100,99990,100,100038,100,99977,100,100048,100,99976,100,100066,100,99968,100,100076,200,99964,100,100090,200,99963,100,100098,100,99961,100,100123,100,99938,100,100145,100,99916,100,100164,100,99905,100
2019-06-28 09:30:00.000000054,100037,200,99990,100,100038,100,99977,100,100048,100,99976,100,100066,100,99968,100,100076,200,99964,100,100090,200,99963,100,100098,100,99961,100,100123,100,99938,100,100145,100,99916,100,100164,100,99905,100
2019-06-28 09:30:00.000000055,100037,200,99977,100,100038,100,99976,100,100048,100,99968,100,100066,100,99964,100,100076,200,99963,100,100090,200,99961,100,100098,100,99938,100,100123,100,99916,100,100145,100,99905,100,100164,100,99903,200
2019-06-28 09:30:00.000000056,100037,200,99990,200,100038,100,99977,100,100048,100,99976,100,100066,100,99968,100,100076,200,99964,100,100090,200,99963,100,100098,100,99961,100,100123,100,99938,100,100145,100,99928,100,100164,100,99916,100
2019-06-28 09:30:00.000000060,100037,200,99990,200,100038,100,99977,100,100048,100,99976,100,100066,100,99968,100,100076,200,99964,100,100090,200,99963,100,100098,100,99961,100,100123,100,99938,100,100145,100,99928,100,100164,100,99916,100
2019-06-28 09:30:00.000000062,100037,200,99990,200,100038,100,99982,100,100048,100,99977,100,100066,100,99976,100,100076,200,99968,100,100090,200,99964,100,100098,100,99963,100,100123,100,99961,100,100145,100,99938,100,100164,100,99928,100
2019-06-28 09:30:00.000000064,100037,200,99990,200,100038,100,99982,100,100048,100,99977,100,100066,100,99976,100,100076,200,99968,100,100090,200,99964,100,100098,100,99963,100,100123,100,99961,100,100134,100,99938,100,100145,100,99928,100
2019-06-28 09:30:00.000000067,100025,100,99990,200,100037,200,99982,100,100038,100,99977,100,100048,100,99976,100,100066,100,99968,100,100076,200,99964,100,100090,200,99963,100,100098,100,99961,100,100123,100,99938,100,100134,100,99928,100
2019-06-28 09:30:00.000000068,100025,100,99990,200,100037,200,99982,100,100038,100,99977,100,100048,100,99976,100,100066,100,99968,100,100076,200,99964,100,100086,100,99963,100,100090,200,99961,100,100098,100,99938,100,100123,100,99928,100
2019-06-28 09:30:00.000000070,100025,100,99990,200,100037,200,99982,100,100038,100,99977,100,100048,100,99976,100,100066,100,99968,100,100076,200,99964,100,100086,100,99963,100,100090,200,99961,100,100098,100,99939,100,100123,100,99938,100
2019-06-28 09:30:00.000000071,100025,100,99990,200,100037,200,99982,100,100038,100,99977,100,100048,100,99976,100,100066,100,99968,100,100076,200,99964,100,100086,100,99963,100,100090,200,99961,100,100098,100,99939,100,100123,100,99938,100
2019-06-28 09:30:00.000000073,100025,200,99990,200,100037,200,99982,100,100038,100,99977,100,100048,100,99976,100,100055,100,99968,100,100066,100,99964,100,100076,200,99963,100,100086,100,99961,100,100090,200,99939,100,100098,100,99938,100
2019-06-28 09:30:00.000000075,100025,100,99990,200,100037,200,99982,100,100038,100,99977,100,100048,100,99976,100,100055,100,99968,100,100066,100,99964,100,100076,200,99963,100,100086,100,99961,100,100090,200,99939,100,100098,100,99938,100
2019-06-28 09:30:00.000000077,100025,100,99990,200,100033,100,99982,100,100037,200,99977,100,100038,100,99976,100,100048,100,99968,100,100055,100,99964,100,100066,100,99963,100,100076,200,99961,100,100086,100,99939,100,100090,200,99938,100
2019-06-28 09:30:00.000000078,100025,100,99990,200,100033,100,99982,100,100037,200,99977,100,100038,100,99976,100,100048,100,99968,100,100055,100,99964,100,100060,100,99963,100,100066,100,99961,100,100076,200,99939,100,100086,100,99938,100
2019-06-28 09:30:00.000000079,100033,100,99990,200,100037,200,99982,100,100038,100,99977,100,100048,100,99976,100,100055,100,99968,100,100060,100,99964,100,100066,100,99963,100,100076,200,99961,100,100086,100,99939,100,100090,200,99938,100
2019-06-28 09:30:00.000000081,100033,100,100025,100,100037,200,99990,200,100038,100,99982,100,100048,100,99977,100,100055,100,99976,100,100060,100,99968,100,100066,100,99964,100,100076,200,99963,100,100086,100,99961,100,100090,200,99939,100
2019-06-28 09:30:00.000000082,100033,100,100025,200,100037,200,99990,200,100038,100,99982,100,100048,100,99977,100,100055,100,99976,100,100060,100,99968,100,100066,100,99964,100,100076,200,99963,100,100086,100,99961,100,100090,200,99939,100
2019-06-28 09:30:00.000000086,100033,100,100025,200,100037,200,99990,200,100038,100,99982,100,100048,100,99977,100,100052,100,99976,100,100055,100,99968,100,100060,100,99964,100,100066,100,99963,100,100076,200,99961,100,100086,100,99939,100
2019-06-28 09:30:00.000000087,100033,100,100025,200,100037,200,99990,200,100038,100,99982,100,100048,100,99977,100,100052,100,99976,100,100053,100,99968,100,100055,100,99964,100,100060,100,99963,100,100066,100,99961,100,100076,200,99939,100
2019-06-28 09:30:00.000000089,100033,100,100025,100,100037,200,99990,200,100038,100,99982,100,100048,100,99977,100,100052,100,99976,100,100053,100,99968,100,100055,100,99964,100,100060,100,99963,100,100066,100,99961,100,100076,200,99939,100
2019-06-28 09:30:00.000000090,100033,100,99990,200,100037,200,99982,100,100038,100,99977,100,100048,100,99976,100,100052,100,99968,100,100053,100,99964,100,100055,100,99963,100,100060,100,99961,100,100066,100,99939,100,100076,200,99938,100
2019-06-28 09:30:00.000000094,100033,100,99990,200,100037,200,99982,100,100038,100,99977,100,100048,100,99976,100,100052,100,99968,100,100053,100,99964,100,100055,100,99963,100,100060,100,99961,100,100066,100,99939,100,100076,200,99938,100
2019-06-28 09:30:00.000000097,100025,100,99990,200,100033,100,99982,100,100037,200,99977,100,100038,100,99976,100,100048,100,99968,100,100052,100,99964,100,100053,100,99963,100,100055,100,99961,100,100060,100,99939,100,100066,100,99938,100
2019-06-28 09:30:09.726091429,100025,100,99990,200,100033,100,99982,100,100037,200,99977,100,100038,100,99976,100,100048,100,99968,100,100052,100,99964,100,100053,100,99963,100,100055,100,99961,100,100060,100,99939,100,100066,100,99928,100
2019-06-28 09:30:10.000000000,100025,426,99990,526,100033,100,99982,100,100037,200,99977,100,100038,100,99976,100,100048,100,99968,100,100052,100,99964,100,100053,100,99963,100,100055,100,99961,100,100060,100,99939,100,100066,100,99928,100
2019-06-28 09:30:10.939591026,100025,326,99990,526,100033,100,99982,100,100037,200,99977,100,100038,100,99976,100,100048,100,99968,100,100052,100,99964,100,100053,100,99963,100,100055,100,99961,100,100060,100,99939,100,100066,100,99928,100
2019-06-28 09:30:12.208578866,100025,326,99990,526,100033,100,99982,100,100037,200,99977,100,100038,100,99976,100,100048,100,99968,100,100052,100,99964,100,100053,100,99963,100,100055,100,99961,100,100060,100,99948,100,100066,100,99939,100
2019-06-28 09:30:20.000000000,100033,182,99990,282,100037,282,99982,182,100038,182,99977,182,100048,182,99976,182,100052,100,99968,100,100053,100,99964,100,100055,100,99963,100,100060,100,99961,100,100066,100,99948,100,100071,100,99939,100
2019-06-28 09:30:30.000000000,100033,263,99990,363,100037,363,99982,263,100038,100,99977,100,100048,100,99976,100,100052,100,99968,100,100053,100,99964,100,100055,100,99963,100,100060,100,99961,100,100066,100,99948,100,100071,100,99939,100
2019-06-28 09:30:38.129187271,100033,263,99990,363,100037,363,99982,263,100038,100,99977,100,100048,100,99976,100,100052,100,99968,100,100053,100,99964,100,100055,100,99963,100,100060,100,99961,100,100066,100,99948,100,100071,100,99939,100
2019-06-28 09:30:40.000000000,100033,211,99990,311,100037,308,99982,208,100038,208,99977,208,100048,100,99976,100,100052,100,99968,100,100053,100,99964,100,100055,100,99963,100,100060,100,99961,100,100066,100,99948,100,100071,100,99939,100
2019-06-28 09:30:50.000000000,100033,263,99990,363,100037,363,99982,263,100038,100,99977,100,100048,100,99976,100,100052,100,99968,100,100053,100,99964,100,100055,100,99963,100,100060,100,99961,100,100066,100,99948,100,100071,100,99939,100
2019-06-28 09:31:00.000000000,100033,426,99990,526,100037,200,99982,100,100038,100,99977,100,100048,100,99976,100,100052,100,99968,100,100053,100,99964,100,100055,100,99963,100,100060,100,99961,100,100066,100,99948,100,100071,100,99939,100
2019-06-28 09:31:10.000000000,100033,211,99990,311,100037,308,99982,208,100038,208,99977,208,100048,100,99976,100,100052,100,99968,100,100053,100,99964,100,100055,100,99963,100,100060,100,99961,100,100066,100,99948,100,100071,100,99939,100
2019-06-28 09:31:10.875304704,100033,211,99990,211,100037,308,99982,208,100038,208,99977,208,100048,100,99976,100,100052,100,99968,100,100053,100,99964,100,100055,100,99963,100,100060,100,99961,100,100066,100,99948,100,100071,100,99939,100
2019-06-28 09:31:14.488285368,100033,211,99990,211,100036,100,99982,208,100037,308,99977,208,100038,208,99976,100,100048,100,99968,100,100052,100,99964,100,100053,100,99963,100,100055,100,99961,100,100060,100,99948,100,100066,100,99939,100
2019-06-28 09:31:20.000000000,100033,165,99990,165,100036,165,99982,165,100037,265,99977,165,100038,165,99976,165,100048,165,99968,165,100052,100,99964,100,100053,100,99963,100,100055,100,99961,100,100060,100,99948,100,100066,100,99939,100
2019-06-28 09:31:30.000000000,100033,165,99990,165,100036,165,99982,165,100037,265,99977,165,100038,165,99976,165,100048,165,99968,165,100052,100,99964,100,100053,100,99963,100,100055,100,99961,100,100060,100,99948,100,100066,100,99939,100
2019-06-28 09:31:40.000000000,100033,165,99990,165,100036,165,99982,165,100037,265,99977,165,100038,165,99976,165,100048,165,99968,165,100052,100,99964,100,100053,100,99963,100,100055,100,99961,100,100060,100,99948,100,100066,100,99939,100
2019-06-28 09:31:50.000000000,100033,211,99990,211,100036,208,99982,208,100037,308,99977,208,100038,100,99976,100,100048,100,99968,100,100052,100,99964,100,100053,100,99963,100,100055,100,99961,100,100060,100,99948,100,100066,100,99939,100
2019-06-28 09:31:56.493063325,100033,211,99990,211,100036,208,99982,208,100037,308,99977,208,100038,100,99976,100,100048,100,99968,100,100052,100,99964,100,100053,100,99963,100,100055,100,99961,100,100060,100,99948,100,100066,100,99939,100
2019-06-28 09:32:00.000000000,100033,165,99990,165,100036,165,99982,165,100037,265,99977,165,100038,165,99976,165,100048,165,99968,165,100052,100,99964,100,100053,100,99963,100,100055,100,99961,100,100060,100,99948,100,100066,100,99939,100
2019-06-28 09:32:10.000000000,100033,211,99990,211,100036,208,99982,208,100037,308,99977,208,100038,100,99976,100,100048,100,99968,100,100052,100,99964,100,100053,100,99963,100,100055,100,99961,100,100060,100,99948,100,100066,100,99939,100
2019-06-28 09:32:20.000000000,100033,182,99990,182,100036,182,99982,182,100037,282,99977,182,100038,182,99976,182,100048,100,99968,100,100052,100,99964,100,100053,100,99963,100,100055,100,99961,100,100060,100,99948,100,100066,100,99939,100
2019-06-28 09:32:24.478946682,100033,182,99990,182,100036,182,99982,182,100037,282,99977,182,100038,182,99976,182,100048,100,99968,100,100052,100,99964,100,100053,100,99963,100,100055,100,99961,100,100060,100,99948,100,100066,100,99939,100
2019-06-28 09:32:30.000000000,100033,182,99990,182,100036,182,99982,182,100037,282,99977,182,100038,182,99976,182,100048,100,99968,100,100052,100,99964,100,100053,100,99963,100,100055,100,99961,100,100060,100,99948,100,100066,100,99939,100
2019-06-28 09:32:30.887434802,100033,182,99990,182,100036,182,99982,182,100037,282,99977,182,100038,182,99976,182,100048,100,99968,100,100052,100,99964,100,100053,100,99963,100,100055,100,99961,100,100060,100,99948,100,100066,100,99939,100
2019-06-28 09:32:40.000000000,100033,165,99990,165,100036,165,99982,165,100037,265,99977,165,100038,165,99976,165,100048,165,99968,165,100052,100,99964,100,100053,100,99963,100,100055,100,99961,100,100060,100,99948,100,100066,100,99939,100
2019-06-28 09:32:50.000000000,100033,182,99990,182,100036,182,99982,182,100037,282,99977,182,100038,182,99976,182,100048,100,99968,100,100052,100,99964,100,100053,100,99963,100,100055,100,99961,100,100060,100,99948,100,100066,100,99939,100
2019-06-28 09:33:00.000000000,100033,263,99990,263,100036,263,99982,263,100037,200,99977,100,100038,100,99976,100,100048,100,99968,100,100052,100,99964,100,100053,100,99963,100,100055,100,99961,100,100060,100,99948,100,100066,100,99939,100
2019-06-28 09:33:10.000000000,100033,211,99990,211,100036,208,99982,208,100037,308,99977,208,100038,100,99976,100,100048,100,99968,100,100052,100,99964,100,100053,100,99963,100,100055,100,99961,100,100060,100,99948,100,100066,100,99939,100
2019-06-28 09:33:20.000000000,100033,426,99990,426,100036,100,99982,100,100037,200,99977,100,100038,100,99976,100,100048,100,99968,100,100052,100,99964,100,100053,100,99963,100,100055,100,99961,100,100060,100,99948,100,100066,100,99939,100
2019-06-28 09:33:30.000000000,100033,165,99990,165,100036,165,99982,165,100037,265,99977,165,100038,165,99976,165,100048,165,99968,165,100052,100,99964,100,100053,100,99963,100,100055,100,99961,100,100060,100,99948,100,100066,100,99939,100
2019-06-28 09:33:40.000000000,100033,426,99990,426,100036,100,99982,100,100037,200,99977,100,100038,100,99976,100,100048,100,99968,100,100052,100,99964,100,100053,100,99963,100,100055,100,99961,100,100060,100,99948,100,100066,100,99939,100
2019-06-28 09:33:43.417940146,100024,100,99990,426,100033,426,99982,100,100036,100,99977,100,100037,200,99976,100,100038,100,99968,100,100048,100,99964,100,100052,100,99963,100,100053,100,99961,100,100055,100,99948,100,100060,100,99939,100
2019-06-28 09:33:50.000000000,100024,263,99990,263,100033,263,99982,263,100036,100,99977,100,100037,200,99976,100,100038,100,99968,100,100048,100,99964,100,100052,100,99963,100,100053,100,99961,100,100055,100,99948,100,100060,100,99939,100
2019-06-28 09:33:51.418691012,100024,263,99990,163,100033,263,99982,263,100036,100,99977,100,100037,200,99976,100,100038,100,99968,100,100048,100,99964,100,100052,100,99963,100,100053,100,99961,100,100055,100,99948,100,100060,100,99939,100
2019-06-28 09:34:00.000000000,100024,426,99982,426,100033,100,99977,100,100036,100,99976,100,100037,200,99968,100,100038,100,99964,100,100048,100,99963,100,100052,100,99961,100,100053,100,99948,100,100055,100,99939,100,100060,100,99928,100
2019-06-28 09:34:02.592605770,100024,426,99982,326,100033,100,99977,100,100036,100,99976,100,100037,200,99968,100,100038,100,99964,100,100048,100,99963,100,100052,100,99961,100,100053,100,99948,100,100055,100,99939,100,100060,100,99928,100
2019-06-28 09:34:10.000000000,100024,182,99977,182,100033,182,99976,182,100036,182,99968,182,100037,282,99964,182,100038,100,99963,100,100048,100,99961,100,100052,100,99948,100,100053,100,99939,100,100055,100,99928,100,100060,100,99916,100
2019-06-28 09:34:12.673062446,100024,182,99977,182,100033,182,99976,182,100036,182,99968,182,100037,282,99964,182,100038,100,99963,100,100048,100,99961,100,100052,100,99948,100,100053,100,99939,100,100055,100,99928,100,100060,100,99916,100
2019-06-28 09:34:20.000000000,100024,182,99977,182,100033,182,99976,182,100036,182,99968,182,100037,282,99964,182,100038,100,99963,100,100048,100,99961,100,100052,100,99948,100,100053,100,99939,100,100055,100,99928,100,100060,100,99916,100
2019-06-28 09:34:30.000000000,100024,165,99977,165,100033,165,99976,165,100036,165,99968,165,100037,265,99964,165,100038,165,99963,165,100048,100,99961,100,100052,100,99948,100,100053,100,99939,100,100055,100,99928,100,100060,100,99916,100
2019-06-28 09:34:30.111282676,100024,165,99977,165,100033,165,99976,165,100036,165,99968,165,100037,265,99964,165,100038,165,99963,165,100048,100,99961,100,100052,100,99948,100,100053,100,99939,100,100055,100,99928,100,100060,100,99916,100
2019-06-28 09:34:31.328601320,100024,165,99977,165,100033,165,99976,165,100036,165,99968,165,100037,265,99964,165,100038,165,99963,165,100048,100,99961,100,100052,100,99948,100,100053,100,99939,100,100055,100,99928,100,100060,100,99916,100
2019-06-28 09:34:40.000000000,100024,182,99977,182,100033,182,99976,182,100036,182,99968,182,100037,282,99964,182,100038,100,99963,100,100048,100,99961,100,100052,100,99948,100,100053,100,99939,100,100055,100,99928,100,100060,100,99916,100
2019-06-28 09:34:50.000000000,100024,426,99977,426,100033,100,99976,100,100036,100,99968,100,100037,200,99964,100,100038,100,99963,100,100048,100,99961,100,100052,100,99948,100,100053,100,99939,100,100055,100,99928,100,100060,100,99916,100
2019-06-28 09:34:57.285142568,100024,426,99977,326,100036,100,99976,100,100037,200,99968,100,100038,100,99964,100,100048,100,99963,100,100052,100,99961,100,100053,100,99948,100,100055,100,99939,100,100060,100,99928,100,100076,100,99916,100
2019-06-28 09:35:00.000000000,100024,263,99976,263,100036,263,99968,263,100037,200,99964,100,100038,100,99963,100,100048,100,99961,100,100052,100,99948,100,100053,100,99939,100,100055,100,99928,100,100060,100,99916,100,100076,100,99905,100
2019-06-28 09:35:01.530315487,100024,263,99976,163,100036,263,99968,263,100037,200,99964,100,100038,100,99963,100,100048,100,99961,100,100052,100,99948,100,100053,100,99939,100,100055,100,99928,100,100060,100,99916,100,100076,100,99905,100
2019-06-28 09:35:09.196196784,100024,263,99976,163,100036,263,99968,263,100037,200,99964,100,100038,100,99963,100,100052,100,99961,100,100053,100,99948,100,100055,100,99939,100,100060,100,99928,100,100076,100,99916,100,100086,100,99905,100
2019-06-28 09:35:10.000000000,100024,182,99968,182,100036,182,99964,182,100037,282,99963,182,100038,182,99961,182,100052,100,99948,100,100053,100,99939,100,100055,100,99928,100,100060,100,99916,100,100076,100,99905,100,100086,100,99903,100
2019-06-28 09:35:20.000000000,100024,211,99968,211,100036,208,99964,208,100037,308,99963,208,100038,100,99961,100,100052,100,99948,100,100053,100,99939,100,100055,100,99928,100,100060,100,99916,100,100076,100,99905,100,100086,100,99903,100
2019-06-28 09:35:21.662308727,100024,111,99968,211,100036,208,99964,208,100037,308,99963,208,100038,100,99961,100,100052,100,99948,100,100053,100,99939,100,100055,100,99928,100,100060,100,99916,100,100076,100,99905,100,100086,100,99903,100
2019-06-28 09:35:30.000000000,100036,165,99968,165,100037,265,99964,165,100038,165,99963,165,100052,165,99961,165,100053,165,99948,165,100055,100,99939,100,100060,100,99928,100,100076,100,99916,100,100086,100,99905,100,100098,100,99903,100
2019-06-28 09:35:40.000000000,100036,165,99968,165,100037,265,99964,165,100038,165,99963,165,100052,165,99961,165,100053,165,99948,165,100055,100,99939,100,100060,100,99928,100,100076,100,99916,100,100086,100,99905,100,100098,100,99903,100
2019-06-28 09:35:40.719156016,100036,165,99968,165,100037,265,99964,165,100038,165,99963,165,100052,165,99961,165,100053,165,99948,165,100055,100,99939,100,100060,100,99928,100,100076,100,99916,100,100086,100,99905,100,100098,100,99903,100
2019-06-28 09:35:41.324841562,100036,165,99977,100,100037,265,99968,165,100038,165,99964,165,100052,165,99963,165,100053,165,99961,165,100055,100,99948,165,100060,100,99939,100,100076,100,99928,100,100086,100,99916,100,100098,100,99905,100
2019-06-28 09:35:50.000000000,100036,263,99977,263,100037,363,99968,263,100038,100,99964,100,100052,100,99963,100,100053,100,99961,100,100055,100,99948,100,100060,100,99939,100,100076,100,99928,100,100086,100,99916,100,100098,100,99905,100
2019-06-28 09:35:59.922083538,100036,263,99977,263,100037,363,99968,263,100038,100,99964,100,100052,100,99963,100,100053,100,99961,100,100055,100,99948,100,100060,100,99939,100,100076,100,99928,100,100086,100,99916,100,100098,100,99905,100
2019-06-28 09:36:00.000000000,100036,426,99977,426,100037,200,99968,100,100038,100,99964,100,100052,100,99963,100,100053,100,99961,100,100055,100,99948,100,100060,100,99939,100,100076,100,99928,100,100086,100,99916,100,100098,100,99905,100
2019-06-28 09:36:01.475413674,100036,426,99977,426,100037,200,99968,100,100038,100,99964,100,100052,100,99963,100,100053,100,99961,100,100055,100,99948,100,100060,100,99939,100,100076,100,99928,100,100086,100,99916,100,100098,100,99905,100
2019-06-28 09:36:06.911008869,100036,326,99977,426,100037,200,99968,100,100038,100,99964,100,100052,100,99963,100,100053,100,99961,100,100055,100,99948,100,100060,100,99939,100,100076,100,99928,100,100086,100,99916,100,100098,100,99905,100
2019-06-28 09:36:10.000000000,100037,265,99977,165,100038,165,99968,165,100052,165,99964,165,100053,165,99963,165,100055,165,99961,165,100060,100,99948,100,100076,100,99939,100,100086,100,99928,100,100098,100,99916,100,100113,100,99905,100
2019-06-28 09:36:12.679329936,100037,265,99977,165,100038,165,99968,165,100052,165,99964,165,100053,165,99963,165,100055,165,99961,165,100060,100,99948,100,100076,100,99939,100,100086,100,99928,100,100098,100,99916,100,100113,100,99905,100
2019-06-28 09:36:20.000000000,100037,363,99977,263,100038,263,99968,263,100052,100,99964,100,100053,100,99963,100,100055,100,99961,100,100060,100,99948,100,100076,100,99939,100,100086,100,99928,100,100098,100,99916,100,100113,100,99905,100
2019-06-28 09:36:30.000000000,100037,282,99977,182,100038,182,99968,182,100052,182,99964,182,100053,182,99963,182,100055,100,99961,100,100060,100,99948,100,100076,100,99939,100,100086,100,99928,100,100098,100,99916,100,100113,100,99905,100
2019-06-28 09:36:34.502045093,100037,282,100024,100,100038,182,99977,182,100052,182,99968,182,100053,182,99964,182,100055,100,99963,182,100060,100,99961,100,100076,100,99948,100,100086,100,99939,100,100098,100,99928,100,100113,100,99916,100
2019-06-28 09:36:40.000000000,100037,526,100024,426,100038,100,99977,100,100052,100,99968,100,100053,100,99964,100,100055,100,99963,100,100060,100,99961,100,100076,100,99948,100,100086,100,99939,100,100098,100,99928,100,100113,100,99916,100
2019-06-28 09:36:50.000000000,100037,265,100024,165,100038,165,99977,165,100052,165,99968,165,100053,165,99964,165,100055,165,99963,165,100060,100,99961,100,100076,100,99948,100,100086,100,99939,100,100098,100,99928,100,100113,100,99916,100
2019-06-28 09:36:51.249681076,100037,165,100024,165,100038,165,99977,165,100052,165,99968,165,100053,165,99964,165,100055,165,99963,165,100060,100,99961,100,100076,100,99948,100,100086,100,99928,100,100098,100,99916,100,100113,100,99905,100
2019-06-28 09:37:00.000000000,100037,426,100024,426,100038,100,99977,100,100052,100,99968,100,100053,100,99964,100,100055,100,99963,100,100060,100,99961,100,100076,100,99948,100,100086,100,99928,100,100098,100,99916,100,100113,100,99905,100
2019-06-28 09:37:10.000000000,100037,182,100024,182,100038,182,99977,182,100052,182,99968,182,100053,182,99964,182,100055,100,99963,100,100060,100,99961,100,100076,100,99948,100,100086,100,99928,100,100098,100,99916,100,100113,100,99905,100
2019-06-28 09:37:20.000000000,100037,211,100024,211,100038,208,99977,208,100052,208,99968,208,100053,100,99964,100,100055,100,99963,100,100060,100,99961,100,100076,100,99948,100,100086,100,99928,100,100098,100,99916,100,100113,100,99905,100
2019-06-28 09:37:30.000000000,100037,165,100024,165,100038,165,99977,165,100052,165,99968,165,100053,165,99964,165,100055,165,99963,165,100060,100,99961,100,100076,100,99948,100,100086,100,99928,100,100098,100,99916,100,100113,100,99905,100
2019-06-28 09:37:40.000000000,100037,182,100024,182,100038,182,99977,182,100052,182,99968,182,100053,182,99964,182,100055,100,99963,100,100060,100,99961,100,100076,100,99948,100,100086,100,99928,100,100098,100,99916,100,100113,100,99905,100
2019-06-28 09:37:50.000000000,100037,263,100024,263,100038,263,99977,263,100052,100,99968,100,100053,100,99964,100,100055,100,99963,100,100060,100,99961,100,100076,100,99948,100,100086,100,99928,100,100098,100,99916,100,100113,100,99905,100
2019-06-28 09:37:57.077105733,100037,163,100024,263,100038,263,99977,263,100052,100,99968,100,100053,100,99964,100,100055,100,99963,100,100060,100,99961,100,100076,100,99948,100,100086,100,99928,100,100098,100,99916,100,100113,100,99905,100
2019-06-28 09:38:00.000000000,100038,165,100024,165,100052,165,99977,165,100053,165,99968,165,100055,165,99964,165,100060,165,99963,165,100076,100,99961,100,100086,100,99948,100,100098,100,99928,100,100113,100,99916,100,100123,100,99905,100
2019-06-28 09:38:05.727488349,100038,165,100024,165,100052,165,99977,165,100053,165,99968,165,100055,165,99964,165,100060,165,99963,165,100076,100,99961,100,100086,100,99948,100,100113,100,99928,100,100123,100,99916,100,100134,100,99905,100
2019-06-28 09:38:07.428132707,100038,65,100024,165,100052,165,99977,165,100053,165,99968,165,100055,165,99964,165,100060,165,99963,165,100076,100,99948,100,100086,100,99928,100,100113,100,99916,100,100123,100,99905,100,100134,100,99903,100
2019-06-28 09:38:10.000000000,100052,165,100024,165,100053,165,99977,165,100055,165,99968,165,100060,165,99964,165,100076,165,99963,165,100086,100,99948,100,100113,100,99928,100,100123,100,99916,100,100134,100,99905,100,100145,100,99903,100
2019-06-28 09:38:20.000000000,100052,211,100024,211,100053,208,99977,208,100055,208,99968,208,100060,100,99964,100,100076,100,99963,100,100086,100,99948,100,100113,100,99928,100,100123,100,99916,100,100134,100,99905,100,100145,100,99903,100
2019-06-28 09:38:30.000000000,100052,182,100024,182,100053,182,99977,182,100055,182,99968,182,100060,182,99964,182,100076,100,99963,100,100086,100,99948,100,100113,100,99928,100,100123,100,99916,100,100134,100,99905,100,100145,100,99903,100
2019-06-28 09:38:40.000000000,100052,211,100024,211,100053,208,99977,208,100055,208,99968,208,100060,100,99964,100,100076,100,99963,100,100086,100,99948,100,100113,100,99928,100,100123,100,99916,100,100134,100,99905,100,100145,100,99903,100
2019-06-28 09:38:41.892492828,100052,111,100024,211,100053,208,99977,208,100055,208,99968,208,100060,100,99964,100,100076,100,99963,100,100086,100,99948,100,100113,100,99928,100,100123,100,99916,100,100134,100,99905,100,100145,100,99903,100
2019-06-28 09:38:50.000000000,100053,426,100024,426,100055,100,99977,100,100060,100,99968,100,100076,100,99964,100,100086,100,99963,100,100113,100,99948,100,100123,100,99928,100,100134,100,99916,100,100145,100,99905,100,100183,100,99903,100
2019-06-28 09:39:00.000000000,100053,165,100024,165,100055,165,99977,165,100060,165,99968,165,100076,165,99964,165,100086,165,99963,165,100113,100,99948,100,100123,100,99928,100,100134,100,99916,100,100145,100,99905,100,100183,100,99903,100
2019-06-28 09:39:02.460871209,100053,65,100024,165,100055,165,99977,165,100060,165,99968,165,100076,165,99964,165,100086,165,99963,165,100113,100,99948,100,100123,100,99928,100,100134,100,99916,100,100145,100,99905,100,100183,100,99903,100
2019-06-28 09:39:03.967055356,100053,65,100052,100,100055,165,100024,165,100060,165,99977,165,100076,165,99968,165,100086,165,99964,165,100113,100,99963,165,100123,100,99948,100,100134,100,99928,100,100145,100,99916,100,100183,100,99905,100
2019-06-28 09:39:05.949015832,100055,165,100053,35,100060,165,100052,100,100076,165,100024,165,100086,165,99977,165,100113,100,99968,165,100123,100,99964,165,100134,100,99963,165,100145,100,99948,100,100183,100,99928,100,100195,100,99916,100
2019-06-28 09:39:10.000000000,100055,426,100053,361,100060,100,100052,100,100076,100,100024,100,100086,100,99977,100,100113,100,99968,100,100123,100,99964,100,100134,100,99963,100,100145,100,99948,100,100183,100,99928,100,100195,100,99916,100
2019-06-28 09:39:20.000000000,100055,165,100053,100,100060,165,100052,165,100076,165,100024,165,100086,165,99977,165,100113,165,99968,165,100123,100,99964,100,100134,100,99963,100,100145,100,99948,100,100183,100,99928,100,100195,100,99916,100
2019-06-28 09:39:23.971715518,100055,65,100053,100,100060,165,100052,165,100076,165,100024,165,100086,165,99977,165,100113,165,99968,165,100123,100,99964,100,100134,100,99963,100,100145,100,99948,100,100183,100,99928,100,100195,100,99916,100
2019-06-28 09:39:30.000000000,100060,263,100053,198,100076,263,100052,263,100086,100,100024,100,100113,100,99977,100,100123,100,99968,100,100134,100,99964,100,100145,100,99963,100,100183,100,99948,100,100195,100,99928,100,100229,100,99916,100
2019-06-28 09:39:40.000000000,100060,426,100053,361,100076,100,100052,100,100086,100,100024,100,100113,100,99977,100,100123,100,99968,100,100134,100,99964,100,100145,100,99963,100,100183,100,99948,100,100195,100,99928,100,100229,100,99916,100
2019-06-28 09:39:48.741915380,100060,326,100053,361,100076,100,100052,100,100086,100,100024,100,100113,100,99977,100,100123,100,99968,100,100134,100,99964,100,100145,100,99963,100,100183,100,99948,100,100195,100,99928,100,100229,100,99905,100
2019-06-28 09:39:50.000000000,100076,182,100053,117,100086,182,100052,182,100113,182,100024,182,100123,182,99977,182,100134,100,99968,100,100145,100,99964,100,100183,100,99963,100,100195,100,99948,100,100229,100,99928,100,100261,100,99905,100
2019-06-28 09:40:00.000000000,100076,165,100053,100,100086,165,100052,165,100113,165,100024,165,100123,165,99977,165,100134,165,99968,165,100145,100,99964,100,100183,100,99963,100,100195,100,99948,100,100229,100,99928,100,100261,100,99905,100
2019-06-28 09:40:10.000000000,100076,211,100053,146,100086,208,100052,208,100113,208,100024,208,100123,100,99977,100,100134,100,99968,100,100145,100,99964,100,100183,100,99963,100,100195,100,99948,100,100229,100,99928,100,100261,100,99905,100
2019-06-28 09:40:17.039000739,100076,211,100055,100,100086,208,100053,146,100113,208,100052,208,100123,100,100024,208,100134,100,99977,100,100145,100,99968,100,100183,100,99964,100,100195,100,99963,100,100229,100,99948,100,100261,100,99928,100
2019-06-28 09:40:20.000000000,100076,165,100055,165,100086,165,100053,100,100113,165,100052,165,100123,165,100024,165,100134,165,99977,165,100145,100,99968,100,100183,100,99964,100,100195,100,99963,100,100229,100,99948,100,100261,100,99928,100
2019-06-28 09:40:30.000000000,100076,263,100055,263,100086,263,100053,198,100113,100,100052,100,100123,100,100024,100,100134,100,99977,100,100145,100,99968,100,100183,100,99964,100,100195,100,99963,100,100229,100,99948,100,100261,100,99928,100
2019-06-28 09:40:40.000000000,100076,263,100055,263,100086,263,100053,198,100113,100,100052,100,100123,100,100024,100,100134,100,99977,100,100145,100,99968,100,100183,100,99964,100,100195,100,99963,100,100229,100,99948,100,100261,100,99928,100
2019-06-28 09:40:42.997999354,100076,263,100055,363,100086,263,100053,198,100113,100,100052,100,100123,100,100024,100,100134,100,99977,100,100145,100,99968,100,100183,100,99964,100,100195,100,99963,100,100229,100,99948,100,100261,100,99928,100
2019-06-28 09:40:48.251951424,100076,263,100055,463,100086,263,100053,198,100113,100,100052,100,100123,100,100024,100,100134,100,99977,100,100145,100,99968,100,100183,100,99964,100,100195,100,99963,100,100229,100,99948,100,100261,100,99928,100
2019-06-28 09:40:50.000000000,100076,263,100055,463,100086,263,100053,198,100113,100,100052,100,100123,100,100024,100,100134,100,99977,100,100145,100,99968,100,100183,100,99964,100,100195,100,99963,100,100229,100,99948,100,100261,100,99928,100
2019-06-28 09:41:00.000000000,100076,426,100055,626,100086,100,100053,35,100113,100,100052,100,100123,100,100024,100,100134,100,99977,100,100145,100,99968,100,100183,100,99964,100,100195,100,99963,100,100229,100,99948,100,100261,100,99928,100
2019-06-28 09:41:10.000000000,100076,211,100055,411,100086,208,100053,143,100113,208,100052,208,100123,100,100024,100,100134,100,99977,100,100145,100,99968,100,100183,100,99964,100,100195,100,99963,100,100229,100,99948,100,100261,100,99928,100
2019-06-28 09:41:19.293842500,100076,211,100055,411,100086,208,100053,143,100113,208,100052,208,100123,100,100024,100,100134,100,99977,100,100145,100,99968,100,100183,100,99964,100,100195,100,99963,100,100229,100,99948,100,100261,100,99928,100
2019-06-28 09:41:20.000000000,100076,211,100055,411,100086,208,100053,143,100113,208,100052,208,100123,100,100024,100,100134,100,99977,100,100145,100,99968,100,100183,100,99964,100,100195,100,99963,100,100229,100,99948,100,100261,100,99928,100
2019-06-28 09:41:22.325927015,100076,211,100055,411,100086,208,100053,143,100113,208,100052,208,100123,100,100024,100,100134,100,99977,100,100145,100,99968,100,100183,100,99964,100,100195,100,99963,100,100229,100,99948,100,100261,100,99928,100
2019-06-28 09:41:25.892964574,100076,111,100055,411,100086,208,100053,143,100113,208,100052,208,100123,100,100024,100,100134,100,99977,100,100145,100,99968,100,100183,100,99964,100,100195,100,99963,100,100229,100,99948,100,100261,100,99928,100
2019-06-28 09:41:30.000000000,100086,211,100055,411,100113,208,100053,143,100123,208,100052,208,100134,100,100024,100,100145,100,99977,100,100183,100,99968,100,100195,100,99964,100,100229,100,99963,100,100261,100,99948,100,100333,100,99928,100
2019-06-28 09:41:34.535391589,100086,211,100055,411,100113,208,100053,143,100123,208,100052,208,100134,100,100024,100,100145,100,99977,100,100183,100,99968,100,100195,100,99964,100,100229,100,99963,100,100261,100,99948,100,100333,100,99928,100
2019-06-28 09:41:40.000000000,100086,426,100055,626,100113,100,100053,35,100123,100,100052,100,100134,100,100024,100,100145,100,99977,100,100183,100,99968,100,100195,100,99964,100,100229,100,99963,100,100261,100,99948,100,100333,100,99928,100
2019-06-28 09:41:50.000000000,100086,426,100055,626,100113,100,100053,35,100123,100,100052,100,100134,100,100024,100,100145,100,99977,100,100183,100,99968,100,100195,100,99964,100,100229,100,99963,100,100261,100,99948,100,100333,100,99928,100
2019-06-28 09:42:00.000000000,100086,182,100055,382,100113,182,100053,117,100123,182,100052,182,100134,182,100024,182,100145,100,99977,100,100183,100,99968,100,100195,100,99964,100,100229,100,99963,100,100261,100,99948,100,100333,100,99928,100
2019-06-28 09:42:07.008256109,100086,182,100055,482,100113,182,100053,117,100123,182,100052,182,100134,182,100024,182,100145,100,99977,100,100183,100,99968,100,100195,100,99964,100,100229,100,99963,100,100261,100,99948,100,100333,100,99928,100
2019-06-28 09:42:10.000000000,100086,426,100055,726,100113,100,100053,35,100123,100,100052,100,100134,100,100024,100,100145,100,99977,100,100183,100,99968,100,100195,100,99964,100,100229,100,99963,100,100261,100,99948,100,100333,100,99928,100
2019-06-28 09:42:10.920302112,100086,426,100055,626,100113,100,100053,35,100123,100,100052,100,100134,100,100024,100,100145,100,99977,100,100183,100,99968,100,100195,100,99964,100,100229,100,99963,100,100261,100,99948,100,100333,100,99928,100
2019-06-28 09:42:20.000000000,100086,263,100055,463,100113,263,100053,198,100123,100,100052,100,100134,100,100024,100,100145,100,99977,100,100183,100,99968,100,100195,100,99964,100,100229,100,99963,100,100261,100,99948,100,100333,100,99928,100
2019-06-28 09:42:21.791542900,100086,263,100055,463,100113,263,100053,198,100123,100,100024,100,100134,100,99977,100,100145,100,99968,100,100183,100,99964,100,100195,100,99963,100,100229,100,99948,100,100261,100,99928,100,100333,100,99905,100
2019-06-28 09:42:23.463978013,100086,263,100055,363,100113,263,100053,198,100123,100,100024,100,100134,100,99977,100,100145,100,99968,100,100183,100,99964,100,100195,100,99963,100,100229,100,99948,100,100261,100,99928,100,100333,100,99905,100
2019-06-28 09:42:30.000000000,100086,263,100055,363,100113,263,100053,198,100123,100,100024,100,100134,100,99977,100,100145,100,99968,100,100183,100,99964,100,100195,100,99963,100,100229,100,99948,100,100261,100,99928,100,100333,100,99905,100
2019-06-28 09:42:40.000000000,100086,211,100055,311,100113,208,100053,143,100123,208,100024,208,100134,100,99977,100,100145,100,99968,100,100183,100,99964,100,100195,100,99963,100,100229,100,99948,100,100261,100,99928,100,100333,100,99905,100
2019-06-28 09:42:48.980465938,100086,211,100055,211,100113,208,100053,143,100123,208,100024,208,100134,100,99977,100,100145,100,99964,100,100183,100,99963,100,100195,100,99948,100,100229,100,99928,100,100261,100,99905,100,100333,100,99903,100
2019-06-28 09:42:50.000000000,100086,182,100055,182,100113,182,100053,117,100123,182,100024,182,100134,182,99977,182,100145,100,99964,100,100183,100,99963,100,100195,100,99948,100,100229,100,99928,100,100261,100,99905,100,100333,100,99903,100
2019-06-28 09:42:53.386950665,100086,182,100055,182,100113,182,100053,117,100123,182,100024,182,100134,182,100000,100,100145,100,99977,182,100195,100,99964,100,100229,100,99963,100,100261,100,99948,100,100333,100,99928,100,100338,100,99905,100
2019-06-28 09:42:59.164201233,100086,182,100055,82,100113,182,100053,117,100123,182,100024,182,100134,182,100000,100,100145,100,99977,182,100195,100,99964,100,100229,100,99963,100,100261,100,99948,100,100333,100,99928,100,100338,100,99905,100
2019-06-28 09:43:00.000000000,100086,182,100053,117,100113,182,100024,182,100123,182,100000,182,100134,182,99977,182,100145,100,99964,100,100195,100,99963,100,100229,100,99948,100,100261,100,99928,100,100333,100,99905,100,100338,100,99903,100
2019-06-28 09:43:10.000000000,100086,426,100053,361,100113,100,100024,100,100123,100,100000,100,100134,100,99977,100,100145,100,99964,100,100195,100,99963,100,100229,100,99948,100,100261,100,99928,100,100333,100,99905,100,100338,100,99903,100
2019-06-28 09:43:10.049370967,100086,426,100053,261,100113,100,100024,100,100123,100,100000,100,100134,100,99977,100,100145,100,99964,100,100195,100,99963,100,100229,100,99948,100,100261,100,99928,100,100333,100,99905,100,100338,100,99903,100
2019-06-28 09:43:20.000000000,100086,182,100024,182,100113,182,100000,182,100123,182,99977,182,100134,182,99964,182,100145,100,99963,100,100195,100,99948,100,100229,100,99928,100,100261,100,99905,100,100333,100,99903,100,100338,100,99895,100
2019-06-28 09:43:28.590222126,100086,182,100024,82,100113,182,100000,182,100123,182,99977,182,100134,182,99964,182,100145,100,99963,100,100195,100,99948,100,100229,100,99928,100,100261,100,99905,100,100333,100,99903,100,100338,100,99895,100
2019-06-28 09:43:30.000000000,100086,182,100000,182,100113,182,99977,182,100123,182,99964,182,100134,182,99963,182,100145,100,99948,100,100195,100,99928,100,100229,100,99905,100,100261,100,99903,100,100333,100,99895,100,100338,100,99887,100
2019-06-28 09:43:35.143487586,100086,182,100000,82,100113,182,99977,182,100123,182,99964,182,100134,182,99963,182,100145,100,99948,100,100195,100,99928,100,100229,100,99905,100,100261,100,99903,100,100333,100,99895,100,100338,100,99887,100
2019-06-28 09:43:40.000000000,100086,182,99977,182,100113,182,99964,182,100123,182,99963,182,100134,182,99948,182,100145,100,99928,100,100195,100,99905,100,100229,100,99903,100,100261,100,99895,100,100333,100,99887,100,100338,100,99885,100
2019-06-28 09:43:42.636255466,100051,100,99977,182,100086,182,99964,182,100113,182,99963,182,100123,182,99948,182,100134,182,99928,100,100145,100,99905,100,100195,100,99903,100,100229,100,99895,100,100261,100,99887,100,100333,100,99885,100
2019-06-28 09:43:50.000000000,100051,165,99977,165,100086,165,99964,165,100113,165,99963,165,100123,165,99948,165,100134,165,99928,165,100145,100,99905,100,100195,100,99903,100,100229,100,99895,100,100261,100,99887,100,100333,100,99885,100
2019-06-28 09:44:00.000000000,100051,426,99977,426,100086,100,99964,100,100113,100,99963,100,100123,100,99948,100,100134,100,99928,100,100145,100,99905,100,100195,100,99903,100,100229,100,99895,100,100261,100,99887,100,100333,100,99885,100
2019-06-28 09:44:10.000000000,100051,182,99977,182,100086,182,99964,182,100113,182,99963,182,100123,182,99948,182,100134,100,99928,100,100145,100,99905,100,100195,100,99903,100,100229,100,99895,100,100261,100,99887,100,100333,100,99885,100
2019-06-28 09:44:11.444559311,100051,182,99977,182,100086,182,99964,182,100113,182,99963,182,100123,182,99948,182,100134,100,99928,100,100195,100,99905,100,100229,100,99903,100,100261,100,99895,100,100333,100,99887,100,100338,100,99885,100
2019-06-28 09:44:20.000000000,100051,426,99977,426,100086,100,99964,100,100113,100,99963,100,100123,100,99948,100,100134,100,99928,100,100195,100,99905,100,100229,100,99903,100,100261,100,99895,100,100333,100,99887,100,100338,100,99885,100
2019-06-28 09:44:23.118470695,100051,426,99977,426,100086,100,99964,100,100113,100,99963,100,100123,100,99948,100,100134,100,99928,100,100195,100,99905,100,100229,100,99903,100,100261,100,99895,100,100275,100,99887,100,100333,100,99885,100
2019-06-28 09:44:30.000000000,100051,263,99977,263,100086,263,99964,263,100113,100,99963,100,100123,100,99948,100,100134,100,99928,100,100195,100,99905,100,100229,100,99903,100,100261,100,99895,100,100275,100,99887,100,100333,100,99885,100
2019-06-28 09:44:40.000000000,100051,211,99977,211,100086,208,99964,208,100113,208,99963,208,100123,100,99948,100,100134,100,99928,100,100195,100,99905,100,100229,100,99903,100,100261,100,99895,100,100275,100,99887,100,100333,100,99885,100
2019-06-28 09:44:41.924147930,100051,211,100025,100,100086,208,99977,111,100113,208,99964,208,100123,100,99963,208,100134,100,99948,100,100195,100,99928,100,100229,100,99905,100,100261,100,99903,100,100275,100,99895,100,100333,100,99887,100
2019-06-28 09:44:49.173499902,100051,211,100025,100,100086,208,99977,111,100113,208,99964,208,100123,100,99963,208,100134,100,99948,100,100195,100,99928,100,100229,100,99905,100,100261,100,99903,100,100275,100,99895,100,100333,100,99887,100
2019-06-28 09:44:50.000000000,100051,211,100025,211,100086,208,99964,208,100113,208,99963,208,100123,100,99948,100,100134,100,99928,100,100195,100,99905,100,100229,100,99903,100,100261,100,99895,100,100275,100,99887,100,100333,100,99885,100
2019-06-28 09:44:51.755195296,100051,211,100025,211,100086,208,99964,208,100113,208,99963,208,100123,100,99948,100,100134,100,99928,100,100195,100,99905,100,100229,100,99903,100,100261,100,99895,100,100275,100,99887,100,100333,100,99885,100
2019-06-28 09:45:00.000000000,100051,182,100025,182,100086,182,99964,182,100113,182,99963,182,100123,182,99948,182,100134,100,99928,100,100195,100,99905,100,100229,100,99903,100,100261,100,99895,100,100275,100,99887,100,100333,100,99885,100
2019-06-28 09:45:10.000000000,100051,263,100025,263,100086,263,99964,263,100113,100,99963,100,100123,100,99948,100,100134,100,99928,100,100195,100,99905,100,100229,100,99903,100,100261,100,99895,100,100275,100,99887,100,100333,100,99885,100
2019-06-28 09:45:20.000000000,100051,165,100025,165,100086,165,99964,165,100113,165,99963,165,100123,165,99948,165,100134,165,99928,165,100195,100,99905,100,100229,100,99903,100,100261,100,99895,100,100275,100,99887,100,100333,100,99885,100
2019-06-28 09:45:30.000000000,100051,211,100025,211,100086,208,99964,208,100113,208,99963,208,100123,100,99948,100,100134,100,99928,100,100195,100,99905,100,100229,100,99903,100,100261,100,99895,100,100275,100,99887,100,100333,100,99885,100
2019-06-28 09:45:30.293872585,100051,111,100025,211,100086,208,99964,208,100113,208,99963,208,100123,100,99948,100,100134,100,99928,100,100195,100,99905,100,100229,100,99903,100,100261,100,99895,100,100275,100,99887,100,100333,100,99885,100
2019-06-28 09:45:40.000000000,100086,263,100025,263,100113,263,99964,263,100123,100,99963,100,100134,100,99948,100,100195,100,99928,100,100229,100,99905,100,100261,100,99903,100,100275,100,99895,100,100333,100,99887,100,100338,100,99885,100
2019-06-28 09:45:49.424043876,100086,263,100025,263,100113,263,99964,263,100123,100,99963,100,100134,100,99948,100,100195,100,99928,100,100229,100,99905,100,100261,100,99903,100,100275,100,99895,100,100333,100,99887,100,100338,100,99885,100
2019-06-28 09:45:50.000000000,100086,211,100025,211,100113,208,99964,208,100123,208,99963,208,100134,100,99948,100,100195,100,99928,100,100229,100,99905,100,100261,100,99903,100,100275,100,99895,100,100333,100,99887,100,100338,100,99885,100
2019-06-28 09:45:55.760412232,100086,211,100026,100,100113,208,100025,211,100123,208,99964,208,100134,100,99963,208,100195,100,99948,100,100229,100,99928,100,100261,100,99905,100,100275,100,99903,100,100333,100,99895,100,100338,100,99887,100
2019-06-28 09:46:00.000000000,100086,426,100026,426,100113,100,100025,100,100123,100,99964,100,100134,100,99963,100,100195,100,99948,100,100229,100,99928,100,100261,100,99905,100,100275,100,99903,100,100333,100,99895,100,100338,100,99887,100
2019-06-28 09:46:10.000000000,100086,426,100026,426,100113,100,100025,100,100123,100,99964,100,100134,100,99963,100,100195,100,99948,100,100229,100,99928,100,100261,100,99905,100,100275,100,99903,100,100333,100,99895,100,100338,100,99887,100
2019-06-28 09:46:20.000000000,100086,211,100026,211,100113,208,100025,208,100123,208,99964,208,100134,100,99963,100,100195,100,99948,100,100229,100,99928,100,100261,100,99905,100,100275,100,99903,100,100333,100,99895,100,100338,100,99887,100
2019-06-28 09:46:30.000000000,100086,182,100026,182,100113,182,100025,182,100123,182,99964,182,100134,182,99963,182,100195,100,99948,100,100229,100,99928,100,100261,100,99905,100,100275,100,99903,100,100333,100,99895,100,100338,100,99887,100
2019-06-28 09:46:40.000000000,100086,182,100026,182,100113,182,100025,182,100123,182,99964,182,100134,182,99963,182,100195,100,99948,100,100229,100,99928,100,100261,100,99905,100,100275,100,99903,100,100333,100,99895,100,100338,100,99887,100
2019-06-28 09:46:50.000000000,100086,165,100026,165,100113,165,100025,165,100123,165,99964,165,100134,165,99963,165,100195,165,99948,165,100229,100,99928,100,100261,100,99905,100,100275,100,99903,100,100333,100,99895,100,100338,100,99887,100
2019-06-28 09:47:00.000000000,100086,263,100026,263,100113,263,100025,263,100123,100,99964,100,100134,100,99963,100,100195,100,99948,100,100229,100,99928,100,100261,100,99905,100,100275,100,99903,100,100333,100,99895,100,100338,100,99887,100
2019-06-28 09:47:10.000000000,100086,165,100026,165,100113,165,100025,165,100123,165,99964,165,100134,165,99963,165,100195,165,99948,165,100229,100,99928,100,100261,100,99905,100,100275,100,99903,100,100333,100,99895,100,100338,100,99887,100
2019-06-28 09:47:20.000000000,100086,165,100026,165,100113,165,100025,165,100123,165,99964,165,100134,165,99963,165,100195,165,99948,165,100229,100,99928,100,100261,100,99905,100,100275,100,99903,100,100333,100,99895,100,100338,100,99887,100
2019-06-28 09:47:30.000000000,100086,165,100026,165,100113,165,100025,165,100123,165,99964,165,100134,165,99963,165,100195,165,99948,165,100229,100,99928,100,100261,100,99905,100,100275,100,99903,100,100333,100,99895,100,100338,100,99887,100
2019-06-28 09:47:40.000000000,100086,182,100026,182,100113,182,100025,182,100123,182,99964,182,100134,182,99963,182,100195,100,99948,100,100229,100,99928,100,100261,100,99905,100,100275,100,99903,100,100333,100,99895,100,100338,100,99887,100
2019-06-28 09:47:50.000000000,100086,263,100026,263,100113,263,100025,263,100123,100,99964,100,100134,100,99963,100,100195,100,99948,100,100229,100,99928,100,100261,100,99905,100,100275,100,99903,100,100333,100,99895,100,100338,100,99887,100
2019-06-28 09:47:52.269997005,100086,263,100026,263,100113,263,100025,263,100123,100,99964,100,100134,100,99963,100,100195,100,99948,100,100229,100,99928,100,100261,100,99905,100,100275,100,99903,100,100333,100,99895,100,100338,100,99887,100
2019-06-28 09:48:00.000000000,100086,211,100026,211,100113,208,100025,208,100123,208,99964,208,100134,100,99963,100,100195,100,99948,100,100229,100,99928,100,100261,100,99905,100,100275,100,99903,100,100333,100,99895,100,100338,100,99887,100
2019-06-28 09:48:10.000000000,100086,263,100026,263,100113,263,100025,263,100123,100,99964,100,100134,100,99963,100,100195,100,99948,100,100229,100,99928,100,100261,100,99905,100,100275,100,99903,100,100333,100,99895,100,100338,100,99887,100
2019-06-28 09:48:20.000000000,100086,165,100026,165,100113,165,100025,165,100123,165,99964,165,100134,165,99963,165,100195,165,99948,165,100229,100,99928,100,100261,100,99905,100,100275,100,99903,100,100333,100,99895,100,100338,100,99887,100
2019-06-28 09:48:30.000000000,100086,165,100026,165,100113,165,100025,165,100123,165,99964,165,100134,165,99963,165,100195,165,99948,165,100229,100,99928,100,100261,100,99905,100,100275,100,99903,100,100333,100,99895,100,100338,100,99887,100
2019-06-28 09:48:40.000000000,100086,426,100026,426,100113,100,100025,100,100123,100,99964,100,100134,100,99963,100,100195,100,99948,100,100229,100,99928,100,100261,100,99905,100,100275,100,99903,100,100333,100,99895,100,100338,100,99887,100
2019-06-28 09:48:50.000000000,100086,211,100026,211,100113,208,100025,208,100123,208,99964,208,100134,100,99963,100,100195,100,99948,100,100229,100,99928,100,100261,100,99905,100,100275,100,99903,100,100333,100,99895,100,100338,100,99887,100
2019-06-28 09:48:56.878507654,100086,211,100026,211,100113,208,100025,208,100123,208,99964,208,100134,100,99963,100,100195,100,99948,100,100229,100,99928,100,100261,100,99905,100,100275,100,99903,100,100333,100,99895,100,100338,100,99887,100
2019-06-28 09:48:58.333979681,100086,211,100026,211,100113,208,100025,208,100123,208,99964,208,100134,100,99963,100,100195,100,99948,100,100229,100,99928,100,100261,100,99905,100,100275,100,99903,100,100333,100,99895,100,100404,100,99887,100
2019-06-28 09:49:00.000000000,100086,182,100026,182,100113,182,100025,182,100123,182,99964,182,100134,182,99963,182,100195,100,99948,100,100229,100,99928,100,100261,100,99905,100,100275,100,99903,100,100333,100,99895,100,100404,100,99887,100
2019-06-28 09:49:10.000000000,100086,182,100026,182,100113,182,100025,182,100123,182,99964,182,100134,182,99963,182,100195,100,99948,100,100229,100,99928,100,100261,100,99905,100,100275,100,99903,100,100333,100,99895,100,100404,100,99887,100
2019-06-28 09:49:18.460947471,100086,182,100026,182,100113,182,100025,182,100123,182,99964,182,100134,182,99963,182,100195,100,99948,100,100229,100,99928,100,100261,100,99905,100,100275,100,99903,100,100333,100,99895,100,100404,100,99887,100
2019-06-28 09:49:20.000000000,100086,263,100026,263,100113,263,100025,263,100123,100,99964,100,100134,100,99963,100,100195,100,99948,100,100229,100,99928,100,100261,100,99905,100,100275,100,99903,100,100333,100,99895,100,100404,100,99887,100
2019-06-28 09:49:23.633990887,100086,163,100026,263,100113,263,100025,263,100123,100,99963,100,100134,100,99948,100,100195,100,99928,100,100229,100,99905,100,100261,100,99903,100,100275,100,99895,100,100333,100,99887,100,100404,100,99885,100
2019-06-28 09:49:26.867392862,100086,163,100026,263,100113,263,100025,263,100123,100,99963,100,100134,100,99948,100,100195,100,99928,100,100229,100,99905,100,100261,100,99903,100,100275,100,99895,100,100333,100,99887,100,100404,100,99885,100
2019-06-28 09:49:30.000000000,100113,165,100026,165,100123,165,100025,165,100134,165,99963,165,100195,165,99948,165,100229,165,99928,165,100261,100,99905,100,100275,100,99903,100,100333,100,99895,100,100404,100,99887,100,100435,100,99885,100
2019-06-28 09:49:33.656886027,100113,165,100026,165,100123,165,100025,165,100134,165,99963,165,100195,165,99948,165,100229,165,99928,165,100261,100,99905,100,100275,100,99903,100,100333,100,99895,100,100404,100,99887,100,100435,100,99885,100
2019-06-28 09:49:40.000000000,100113,263,100026,263,100123,263,100025,263,100134,100,99963,100,100195,100,99948,100,100229,100,99928,100,100261,100,99905,100,100275,100,99903,100,100333,100,99895,100,100404,100,99887,100,100435,100,99885,100
2019-06-28 09:49:43.183988490,100113,263,100051,100,100123,263,100026,263,100134,100,100025,263,100195,100,99963,100,100229,100,99948,100,100261,100,99928,100,100275,100,99905,100,100333,100,99903,100,100404,100,99895,100,100435,100,99887,100
2019-06-28 09:49:50.000000000,100113,426,100051,426,100123,100,100026,100,100134,100,100025,100,100195,100,99963,100,100229,100,99948,100,100261,100,99928,100,100275,100,99905,100,100333,100,99903,100,100404,100,99895,100,100435,100,99887,100
2019-06-28 09:50:00.000000000,100113,211,100051,211,100123,208,100026,208,100134,208,100025,208,100195,100,99963,100,100229,100,99948,100,100261,100,99928,100,100275,100,99905,100,100333,100,99903,100,100404,100,99895,100,100435,100,99887,100
2019-06-28 09:50:01.114792596,100113,211,100051,211,100123,208,100026,208,100134,208,100025,208,100195,100,99963,100,100229,100,99948,100,100261,100,99928,100,100275,100,99905,100,100333,100,99903,100,100404,100,99895,100,100435,100,99887,100
2019-06-28 09:50:10.000000000,100113,263,100051,263,100123,263,100026,263,100134,100,100025,100,100195,100,99963,100,100229,100,99948,100,100261,100,99928,100,100275,100,99905,100,100333,100,99903,100,100404,100,99895,100,100435,100,99887,100
2019-06-28 09:50:20.000000000,100113,426,100051,426,100123,100,100026,100,100134,100,100025,100,100195,100,99963,100,100229,100,99948,100,100261,100,99928,100,100275,100,99905,100,100333,100,99903,100,100404,100,99895,100,100435,100,99887,100
2019-06-28 09:50:23.957102893,100113,326,100051,426,100123,100,100026,100,100134,100,100025,100,100195,100,99963,100,100229,100,99948,100,100261,100,99928,100,100275,100,99905,100,100333,100,99903,100,100404,100,99895,100,100435,100,99887,100
2019-06-28 09:50:30.000000000,100123,165,100051,165,100134,165,100026,165,100195,165,100025,165,100229,165,99963,165,100261,165,99948,165,100275,100,99928,100,100333,100,99905,100,100404,100,99903,100,100435,100,99895,100,100475,100,99887,100
2019-06-28 09:50:40.000000000,100123,165,100051,165,100134,165,100026,165,100195,165,100025,165,100229,165,99963,165,100261,165,99948,165,100275,100,99928,100,100333,100,99905,100,100404,100,99903,100,100435,100,99895,100,100475,100,99887,100
2019-06-28 09:50:50.000000000,100123,263,100051,263,100134,263,100026,263,100195,100,100025,100,100229,100,99963,100,100261,100,99948,100,100275,100,99928,100,100333,100,99905,100,100404,100,99903,100,100435,100,99895,100,100475,100,99887,100
2019-06-28 09:51:00.000000000,100123,263,100051,263,100134,263,100026,263,100195,100,100025,100,100229,100,99963,100,100261,100,99948,100,100275,100,99928,100,100333,100,99905,100,100404,100,99903,100,100435,100,99895,100,100475,100,99887,100
2019-06-28 09:51:10.000000000,100123,182,100051,182,100134,182,100026,182,100195,182,100025,182,100229,182,99963,182,100261,100,99948,100,100275,100,99928,100,100333,100,99905,100,100404,100,99903,100,100435,100,99895,100,100475,100,99887,100
2019-06-28 09:51:20.000000000,100123,165,100051,165,100134,165,100026,165,100195,165,100025,165,100229,165,99963,165,100261,165,99948,165,100275,100,99928,100,100333,100,99905,100,100404,100,99903,100,100435,100,99895,100,100475,100,99887,100
2019-06-28 09:51:23.240833110,100123,65,100051,165,100134,165,100026,165,100195,165,100025,165,100229,165,99963,165,100261,165,99948,165,100275,100,99928,100,100333,100,99905,100,100404,100,99903,100,100435,100,99895,100,100475,100,99887,100
2019-06-28 09:51:30.000000000,100134,165,100051,165,100195,165,100026,165,100229,165,100025,165,100261,165,99963,165,100275,165,99948,165,100333,100,99928,100,100404,100,99905,100,100435,100,99903,100,100475,100,99895,100,100571,100,99887,100
2019-06-28 09:51:40.000000000,100134,165,100051,165,100195,165,100026,165,100229,165,100025,165,100261,165,99963,165,100275,165,99948,165,100333,100,99928,100,100404,100,99905,100,100435,100,99903,100,100475,100,99895,100,100571,100,99887,100
2019-06-28 09:51:50.000000000,100134,426,100051,426,100195,100,100026,100,100229,100,100025,100,100261,100,99963,100,100275,100,99948,100,100333,100,99928,100,100404,100,99905,100,100435,100,99903,100,100475,100,99895,100,100571,100,99887,100
2019-06-28 09:52:00.000000000,100134,263,100051,263,100195,263,100026,263,100229,100,100025,100,100261,100,99963,100,100275,100,99948,100,100333,100,99928,100,100404,100,99905,100,100435,100,99903,100,100475,100,99895,100,100571,100,99887,100
2019-06-28 09:52:01.031265490,100134,263,100051,163,100195,263,100026,263,100229,100,100025,100,100261,100,99963,100,100275,100,99948,100,100333,100,99928,100,100404,100,99905,100,100435,100,99903,100,100475,100,99895,100,100571,100,99887,100
2019-06-28 09:52:03.776525329,100134,163,100051,163,100195,263,100026,263,100229,100,100025,100,100250,100,99963,100,100261,100,99948,100,100275,100,99928,100,100333,100,99905,100,100404,100,99903,100,100435,100,99895,100,100475,100,99887,100
2019-06-28 09:52:07.780407993,100134,163,100052,100,100195,263,100051,163,100229,100,100026,263,100250,100,100025,100,100261,100,99963,100,100275,100,99948,100,100333,100,99928,100,100404,100,99905,100,100435,100,99903,100,100475,100,99895,100
2019-06-28 09:52:10.000000000,100195,182,100052,182,100229,182,100026,182,100250,182,100025,182,100261,182,99963,182,100275,100,99948,100,100333,100,99928,100,100404,100,99905,100,100435,100,99903,100,100475,100,99895,100,100571,100,99887,100
2019-06-28 09:52:12.386344183,100195,182,100052,282,100229,182,100026,182,100250,182,100025,82,100261,182,99963,182,100275,100,99948,100,100333,100,99928,100,100404,100,99905,100,100435,100,99903,100,100475,100,99895,100,100571,100,99887,100
2019-06-28 09:52:20.000000000,100195,211,100052,311,100229,208,100026,208,100250,208,99963,208,100261,100,99948,100,100275,100,99928,100,100333,100,99905,100,100404,100,99903,100,100435,100,99895,100,100475,100,99887,100,100571,100,99885,100
2019-06-28 09:52:27.510124112,100195,211,100165,100,100229,208,100052,311,100250,208,100026,208,100261,100,99963,208,100275,100,99948,100,100333,100,99928,100,100404,100,99905,100,100435,100,99903,100,100475,100,99895,100,100571,100,99887,100
2019-06-28 09:52:30.000000000,100195,263,100165,263,100229,263,100052,363,100250,100,100026,100,100261,100,99963,100,100275,100,99948,100,100333,100,99928,100,100404,100,99905,100,100435,100,99903,100,100475,100,99895,100,100571,100,99887,100
2019-06-28 09:52:32.118624057,100195,263,100165,263,100229,263,100052,263,100250,100,100026,100,100261,100,99963,100,100275,100,99948,100,100333,100,99928,100,100404,100,99905,100,100435,100,99903,100,100475,100,99895,100,100571,100,99887,100
2019-06-28 09:52:40.000000000,100195,182,100165,182,100229,182,100052,182,100250,182,100026,182,100261,182,99963,182,100275,100,99948,100,100333,100,99928,100,100404,100,99905,100,100435,100,99903,100,100475,100,99895,100,100571,100,99887,100
2019-06-28 09:52:45.789886641,100195,182,100165,182,100229,182,100052,182,100250,182,100026,182,100261,182,99963,182,100275,100,99948,100,100333,100,99933,100,100404,100,99928,100,100435,100,99905,100,100475,100,99903,100,100571,100,99895,100
2019-06-28 09:52:49.539447394,100195,182,100165,182,100229,182,100052,182,100250,182,100026,182,100261,182,99963,182,100275,100,99948,100,100333,100,99933,100,100345,100,99928,100,100404,100,99905,100,100435,100,99903,100,100571,100,99895,100
2019-06-28 09:52:50.000000000,100195,263,100165,263,100229,263,100052,263,100250,100,100026,100,100261,100,99963,100,100275,100,99948,100,100333,100,99933,100,100345,100,99928,100,100404,100,99905,100,100435,100,99903,100,100571,100,99895,100
2019-06-28 09:52:50.474647295,100195,263,100165,163,100229,263,100052,263,100250,100,100026,100,100261,100,99963,100,100275,100,99948,100,100333,100,99933,100,100345,100,99928,100,100404,100,99905,100,100435,100,99903,100,100571,100,99895,100
2019-06-28 09:52:59.630758597,100195,263,100165,163,100229,263,100052,263,100250,100,100026,100,100261,100,99963,100,100269,100,99948,100,100275,100,99933,100,100333,100,99928,100,100345,100,99905,100,100404,100,99903,100,100435,100,99895,100
2019-06-28 09:53:00.000000000,100195,263,100052,263,100229,263,100026,263,100250,100,99963,100,100261,100,99948,100,100269,100,99933,100,100275,100,99928,100,100333,100,99905,100,100345,100,99903,100,100404,100,99895,100,100435,100,99887,100
2019-06-28 09:53:01.909118113,100195,263,100052,263,100212,100,100026,263,100229,263,99963,100,100250,100,99948,100,100261,100,99933,100,100269,100,99928,100,100275,100,99905,100,100333,100,99903,100,100345,100,99895,100,100404,100,99887,100
2019-06-28 09:53:10.000000000,100195,211,100052,211,100212,208,100026,208,100229,208,99963,208,100250,100,99948,100,100261,100,99933,100,100269,100,99928,100,100275,100,99905,100,100333,100,99903,100,100345,100,99895,100,100404,100,99887,100
2019-06-28 09:53:20.000000000,100195,211,100052,211,100212,208,100026,208,100229,208,99963,208,100250,100,99948,100,100261,100,99933,100,100269,100,99928,100,100275,100,99905,100,100333,100,99903,100,100345,100,99895,100,100404,100,99887,100
2019-06-28 09:53:29.169316013,100195,211,100052,211,100212,208,100026,208,100229,208,99963,208,100250,100,99948,100,100261,100,99933,100,100269,100,99928,100,100275,100,99905,100,100333,100,99903,100,100345,100,99895,100,100404,100,99887,100
2019-06-28 09:53:30.000000000,100195,165,100052,165,100212,165,100026,165,100229,165,99963,165,100250,165,99948,165,100261,165,99933,165,100269,100,99928,100,100275,100,99905,100,100333,100,99903,100,100345,100,99895,100,100404,100,99887,100
2019-06-28 09:53:40.000000000,100195,263,100052,263,100212,263,100026,263,100229,100,99963,100,100250,100,99948,100,100261,100,99933,100,100269,100,99928,100,100275,100,99905,100,100333,100,99903,100,100345,100,99895,100,100404,100,99887,100
2019-06-28 09:53:47.681326217,100195,163,100052,163,100212,263,100026,263,100229,100,99963,100,100250,100,99948,100,100261,100,99933,100,100269,100,99928,100,100275,100,99905,100,100333,100,99903,100,100345,100,99895,100,100404,100,99887,100
2019-06-28 09:53:50.000000000,100212,426,100026,426,100229,100,99963,100,100250,100,99948,100,100261,100,99933,100,100269,100,99928,100,100275,100,99905,100,100333,100,99903,100,100345,100,99895,100,100404,100,99887,100,100571,100,99885,100
2019-06-28 09:54:00.000000000,100212,426,100026,426,100229,100,99963,100,100250,100,99948,100,100261,100,99933,100,100269,100,99928,100,100275,100,99905,100,100333,100,99903,100,100345,100,99895,100,100404,100,99887,100,100571,100,99885,100
2019-06-28 09:54:10.000000000,100212,426,100026,426,100229,100,99963,100,100250,100,99948,100,100261,100,99933,100,100269,100,99928,100,100275,100,99905,100,100333,100,99903,100,100345,100,99895,100,100404,100,99887,100,100571,100,99885,100
2019-06-28 09:54:10.833075622,100165,100,100026,426,100212,426,99963,100,100229,100,99948,100,100250,100,99933,100,100261,100,99928,100,100269,100,99905,100,100275,100,99903,100,100333,100,99895,100,100345,100,99887,100,100404,100,99885,100
2019-06-28 09:54:20.000000000,100165,211,100026,211,100212,208,99963,208,100229,208,99948,208,100250,100,99933,100,100261,100,99928,100,100269,100,99905,100,100275,100,99903,100,100333,100,99895,100,100345,100,99887,100,100404,100,99885,100
2019-06-28 09:54:30.000000000,100165,211,100026,211,100212,208,99963,208,100229,208,99948,208,100250,100,99933,100,100261,100,99928,100,100269,100,99905,100,100275,100,99903,100,100333,100,99895,100,100345,100,99887,100,100404,100,99885,100
2019-06-28 09:54:40.000000000,100165,426,100026,426,100212,100,99963,100,100229,100,99948,100,100250,100,99933,100,100261,100,99928,100,100269,100,99905,100,100275,100,99903,100,100333,100,99895,100,100345,100,99887,100,100404,100,99885,100
2019-06-28 09:54:50.000000000,100165,182,100026,182,100212,182,99963,182,100229,182,99948,182,100250,182,99933,182,100261,100,99928,100,100269,100,99905,100,100275,100,99903,100,100333,100,99895,100,100345,100,99887,100,100404,100,99885,100
2019-06-28 09:54:54.429189921,100165,282,100026,182,100212,182,99963,182,100229,182,99948,182,100250,182,99933,182,100261,100,99928,100,100269,100,99905,100,100275,100,99903,100,100333,100,99895,100,100345,100,99887,100,100404,100,99885,100
2019-06-28 09:54:56.100039550,100165,282,100026,82,100212,182,99963,182,100229,182,99948,182,100250,182,99933,182,100261,100,99928,100,100269,100,99905,100,100275,100,99903,100,100333,100,99895,100,100345,100,99887,100,100404,100,99885,100
2019-06-28 09:55:00.000000000,100165,282,99963,182,100212,182,99948,182,100229,182,99933,182,100250,182,99928,182,100261,100,99905,100,100269,100,99903,100,100275,100,99895,100,100333,100,99887,100,100345,100,99885,100,100404,100,99853,100
2019-06-28 09:55:10.000000000,100165,311,99963,211,100212,208,99948,208,100229,208,99933,208,100250,100,99928,100,100261,100,99905,100,100269,100,99903,100,100275,100,99895,100,100333,100,99887,100,100345,100,99885,100,100404,100,99853,100
2019-06-28 09:55:14.670637002,100052,100,99963,211,100165,311,99948,208,100212,208,99933,208,100229,208,99928,100,100250,100,99905,100,100261,100,99903,100,100269,100,99895,100,100275,100,99887,100,100333,100,99885,100,100345,100,99853,100
2019-06-28 09:55:20.000000000,100052,426,99963,426,100165,200,99948,100,100212,100,99933,100,100229,100,99928,100,100250,100,99905,100,100261,100,99903,100,100269,100,99895,100,100275,100,99887,100,100333,100,99885,100,100345,100,99853,100
2019-06-28 09:55:30.000000000,100052,182,99963,182,100165,282,99948,182,100212,182,99933,182,100229,182,99928,182,100250,100,99905,100,100261,100,99903,100,100269,100,99895,100,100275,100,99887,100,100333,100,99885,100,100345,100,99853,100
2019-06-28 09:55:40.000000000,100052,211,99963,211,100165,308,99948,208,100212,208,99933,208,100229,100,99928,100,100250,100,99905,100,100261,100,99903,100,100269,100,99895,100,100275,100,99887,100,100333,100,99885,100,100345,100,99853,100
2019-06-28 09:55:49.246849906,100052,211,99963,211,100138,100,99948,208,100165,308,99933,208,100212,208,99928,100,100229,100,99905,100,100250,100,99903,100,100261,100,99895,100,100269,100,99887,100,100275,100,99885,100,100333,100,99853,100
2019-06-28 09:55:50.000000000,100052,182,99963,182,100138,182,99948,182,100165,282,99933,182,100212,182,99928,182,100229,100,99905,100,100250,100,99903,100,100261,100,99895,100,100269,100,99887,100,100275,100,99885,100,100333,100,99853,100
2019-06-28 09:56:00.000000000,100052,263,99963,263,100138,263,99948,263,100165,200,99933,100,100212,100,99928,100,100229,100,99905,100,100250,100,99903,100,100261,100,99895,100,100269,100,99887,100,100275,100,99885,100,100333,100,99853,100
2019-06-28 09:56:08.489454075,100052,163,99963,263,100138,263,99948,263,100165,200,99933,100,100212,100,99928,100,100229,100,99905,100,100250,100,99903,100,100261,100,99895,100,100269,100,99887,100,100275,100,99885,100,100333,100,99853,100
2019-06-28 09:56:10.000000000,100138,211,99963,211,100165,308,99948,208,100212,208,99933,208,100229,100,99928,100,100250,100,99905,100,100261,100,99903,100,100269,100,99895,100,100275,100,99887,100,100333,100,99885,100,100345,100,99853,100
2019-06-28 09:56:20.000000000,100138,211,99963,211,100165,308,99948,208,100212,208,99933,208,100229,100,99928,100,100250,100,99905,100,100261,100,99903,100,100269,100,99895,100,100275,100,99887,100,100333,100,99885,100,100345,100,99853,100
2019-06-28 09:56:28.410094666,100138,111,99963,211,100165,308,99948,208,100212,208,99933,208,100229,100,99928,100,100250,100,99905,100,100261,100,99903,100,100269,100,99895,100,100275,100,99887,100,100333,100,99885,100,100345,100,99853,100
2019-06-28 09:56:30.000000000,100165,363,99963,263,100212,263,99948,263,100229,100,99933,100,100250,100,99928,100,100261,100,99905,100,100269,100,99903,100,100275,100,99895,100,100333,100,99887,100,100345,100,99885,100,100404,100,99853,100
2019-06-28 09:56:40.000000000,100165,282,99963,182,100212,182,99948,182,100229,182,99933,182,100250,182,99928,182,100261,100,99905,100,100269,100,99903,100,100275,100,99895,100,100333,100,99887,100,100345,100,99885,100,100404,100,99853,100
2019-06-28 09:56:50.000000000,100165,265,99963,165,100212,165,99948,165,100229,165,99933,165,100250,165,99928,165,100261,165,99905,165,100269,100,99903,100,100275,100,99895,100,100333,100,99887,100,100345,100,99885,100,100404,100,99853,100
2019-06-28 09:57:00.000000000,100165,282,99963,182,100212,182,99948,182,100229,182,99933,182,100250,182,99928,182,100261,100,99905,100,100269,100,99903,100,100275,100,99895,100,100333,100,99887,100,100345,100,99885,100,100404,100,99853,100
2019-06-28 09:57:10.000000000,100165,265,99963,165,100212,165,99948,165,100229,165,99933,165,100250,165,99928,165,100261,165,99905,165,100269,100,99903,100,100275,100,99895,100,100333,100,99887,100,100345,100,99885,100,100404,100,99853,100
2019-06-28 09:57:13.484191742,100165,265,100109,100,100212,165,99963,165,100229,165,99948,165,100250,165,99933,165,100261,165,99928,165,100269,100,99905,165,100275,100,99903,100,100333,100,99895,100,100345,100,99887,100,100404,100,99885,100
2019-06-28 09:57:14.881557680,100137,100,100109,100,100165,265,99963,165,100212,165,99948,165,100229,165,99933,165,100250,165,99928,165,100261,165,99905,165,100269,100,99903,100,100275,100,99895,100,100333,100,99887,100,100345,100,99885,100
2019-06-28 09:57:15.522350972,100010,100,99963,165,100137,100,99948,165,100165,265,99933,165,100212,165,99928,165,100229,165,99905,165,100250,165,99903,100,100261,165,99895,100,100269,100,99887,100,100275,100,99885,100,100333,100,99853,100
2019-06-28 09:57:20.000000000,100010,182,99963,182,100137,182,99948,182,100165,282,99933,182,100212,182,99928,182,100229,100,99905,100,100250,100,99903,100,100261,100,99895,100,100269,100,99887,100,100275,100,99885,100,100333,100,99853,100
2019-06-28 09:57:29.580850039,100010,182,99963,182,100137,182,99948,182,100165,282,99933,182,100212,182,99928,182,100229,100,99905,100,100246,100,99903,100,100250,100,99895,100,100261,100,99887,100,100269,100,99885,100,100275,100,99853,100
2019-06-28 09:57:30.000000000,100010,165,99963,165,100137,165,99948,165,100165,265,99933,165,100212,165,99928,165,100229,165,99905,165,100246,100,99903,100,100250,100,99895,100,100261,100,99887,100,100269,100,99885,100,100275,100,99853,100
2019-06-28 09:57:40.000000000,100010,211,99963,211,100137,208,99948,208,100165,308,99933,208,100212,100,99928,100,100229,100,99905,100,100246,100,99903,100,100250,100,99895,100,100261,100,99887,100,100269,100,99885,100,100275,100,99853,100
2019-06-28 09:57:50.000000000,100010,426,99963,426,100137,100,99948,100,100165,200,99933,100,100212,100,99928,100,100229,100,99905,100,100246,100,99903,100,100250,100,99895,100,100261,100,99887,100,100269,100,99885,100,100275,100,99853,100
2019-06-28 09:58:00.000000000,100010,182,99963,182,100137,182,99948,182,100165,282,99933,182,100212,182,99928,182,100229,100,99905,100,100246,100,99903,100,100250,100,99895,100,100261,100,99887,100,100269,100,99885,100,100275,100,99853,100
2019-06-28 09:58:02.087467053,100010,82,99963,182,100137,182,99948,182,100165,282,99933,182,100212,182,99928,182,100229,100,99905,100,100246,100,99903,100,100250,100,99895,100,100261,100,99887,100,100269,100,99885,100,100275,100,99853,100
2019-06-28 09:58:06.126517234,100137,182,100010,18,100165,282,99963,182,100212,182,99948,182,100229,100,99933,182,100246,100,99928,82,100250,100,99905,100,100261,100,99903,100,100269,100,99895,100,100275,100,99887,100,100333,100,99885,100
2019-06-28 09:58:06.189750612,100137,182,100010,118,100165,282,99963,182,100212,182,99948,182,100229,100,99933,182,100246,100,99928,82,100250,100,99905,100,100261,100,99903,100,100269,100,99895,100,100275,100,99887,100,100333,100,99885,100
2019-06-28 09:58:10.000000000,100137,182,100010,200,100165,282,99963,182,100212,182,99948,182,100229,182,99933,182,100246,100,99905,100,100250,100,99903,100,100261,100,99895,100,100269,100,99887,100,100275,100,99885,100,100333,100,99853,100
2019-06-28 09:58:20.000000000,100137,426,100010,444,100165,200,99963,100,100212,100,99948,100,100229,100,99933,100,100246,100,99905,100,100250,100,99903,100,100261,100,99895,100,100269,100,99887,100,100275,100,99885,100,100333,100,99853,100
2019-06-28 09:58:30.000000000,100137,182,100010,200,100165,282,99963,182,100212,182,99948,182,100229,182,99933,182,100246,100,99905,100,100250,100,99903,100,100261,100,99895,100,100269,100,99887,100,100275,100,99885,100,100333,100,99853,100
2019-06-28 09:58:40.000000000,100137,165,100010,183,100165,265,99963,165,100212,165,99948,165,100229,165,99933,165,100246,165,99905,165,100250,100,99903,100,100261,100,99895,100,100269,100,99887,100,100275,100,99885,100,100333,100,99853,100
2019-06-28 09:58:50.000000000,100137,263,100010,281,100165,363,99963,263,100212,100,99948,100,100229,100,99933,100,100246,100,99905,100,100250,100,99903,100,100261,100,99895,100,100269,100,99887,100,100275,100,99885,100,100333,100,99853,100
2019-06-28 09:59:00.000000000,100137,165,100010,183,100165,265,99963,165,100212,165,99948,165,100229,165,99933,165,100246,165,99905,165,100250,100,99903,100,100261,100,99895,100,100269,100,99887,100,100275,100,99885,100,100333,100,99853,100
2019-06-28 09:59:10.000000000,100137,426,100010,444,100165,200,99963,100,100212,100,99948,100,100229,100,99933,100,100246,100,99905,100,100250,100,99903,100,100261,100,99895,100,100269,100,99887,100,100275,100,99885,100,100333,100,99853,100
2019-06-28 09:59:20.000000000,100137,426,100010,444,100165,200,99963,100,100212,100,99948,100,100229,100,99933,100,100246,100,99905,100,100250,100,99903,100,100261,100,99895,100,100269,100,99887,100,100275,100,99885,100,100333,100,99853,100
2019-06-28 09:59:30.000000000,100137,211,100010,229,100165,308,99963,208,100212,208,99948,208,100229,100,99933,100,100246,100,99905,100,100250,100,99903,100,100261,100,99895,100,100269,100,99887,100,100275,100,99885,100,100333,100,99853,100
2019-06-28 09:59:34.266354419,100137,211,100078,100,100165,308,100010,229,100212,208,99963,208,100229,100,99948,208,100246,100,99933,100,100250,100,99905,100,100261,100,99903,100,100269,100,99895,100,100275,100,99887,100,100333,100,99885,100
2019-06-28 09:59:40.000000000,100137,211,100078,211,100165,308,100010,226,100212,208,99963,208,100229,100,99948,100,100246,100,99933,100,100250,100,99905,100,100261,100,99903,100,100269,100,99895,100,100275,100,99887,100,100333,100,99885,100
2019-06-28 09:59:50.000000000,100137,211,100078,211,100165,308,100010,226,100212,208,99963,208,100229,100,99948,100,100246,100,99933,100,100250,100,99905,100,100261,100,99903,100,100269,100,99895,100,100275,100,99887,100,100333,100,99885,100
2019-06-28 10:00:00.000000000,100137,263,100078,263,100165,363,100010,281,100212,100,99963,100,100229,100,99948,100,100246,100,99933,100,100250,100,99905,100,100261,100,99903,100,100269,100,99895,100,100275,100,99887,100,100333,100,99885,100
2019-06-28 10:00:00.319985775,100137,263,100078,263,100165,363,100010,281,100212,100,99963,100,100229,100,99948,100,100246,100,99933,100,100250,100,99905,100,100261,100,99903,100,100269,100,99895,100,100275,100,99887,100,100345,100,99885,100
2019-06-28 10:00:10.000000000,100137,211,100078,211,100165,308,100010,226,100212,208,99963,208,100229,100,99948,100,100246,100,99933,100,100250,100,99905,100,100261,100,99903,100,100269,100,99895,100,100275,100,99887,100,100345,100,99885,100
2019-06-28 10:00:19.756324355,100137,211,100078,111,100165,308,100010,226,100212,208,99963,208,100229,100,99948,100,100246,100,99933,100,100250,100,99903,100,100261,100,99895,100,100269,100,99887,100,100275,100,99885,100,100345,100,99853,100
2019-06-28 10:00:20.000000000,100137,211,100010,229,100165,308,99963,208,100212,208,99948,208,100229,100,99933,100,100246,100,99903,100,100250,100,99895,100,100261,100,99887,100,100269,100,99885,100,100275,100,99853,100,100345,100,99804,100
2019-06-28 10:00:27.844472323,100137,211,100010,129,100165,308,99963,208,100212,208,99948,208,100229,100,99933,100,100246,100,99903,100,100250,100,99895,100,100261,100,99887,100,100269,100,99885,100,100275,100,99853,100,100345,100,99804,100
2019-06-28 10:00:30.000000000,100137,426,100010,344,100165,200,99963,100,100212,100,99948,100,100229,100,99933,100,100246,100,99903,100,100250,100,99895,100,100261,100,99887,100,100269,100,99885,100,100275,100,99853,100,100345,100,99804,100
2019-06-28 10:00:40.000000000,100137,211,100010,129,100165,308,99963,208,100212,208,99948,208,100229,100,99933,100,100246,100,99903,100,100250,100,99895,100,100261,100,99887,100,100269,100,99885,100,100275,100,99853,100,100345,100,99804,100
2019-06-28 10:00:50.000000000,100137,263,100010,181,100165,363,99963,263,100212,100,99948,100,100229,100,99933,100,100246,100,99903,100,100250,100,99895,100,100261,100,99887,100,100269,100,99885,100,100275,100,99853,100,100345,100,99804,100
2019-06-28 10:01:00.000000000,100137,426,100010,344,100165,200,99963,100,100212,100,99948,100,100229,100,99933,100,100246,100,99903,100,100250,100,99895,100,100261,100,99887,100,100269,100,99885,100,100275,100,99853,100,100345,100,99804,100
2019-06-28 10:01:04.303614543,100137,426,100010,344,100165,200,99963,100,100212,100,99948,100,100229,100,99933,100,100246,100,99903,100,100261,100,99895,100,100269,100,99887,100,100275,100,99885,100,100345,100,99860,100,100404,100,99853,100
2019-06-28 10:01:10.000000000,100137,165,100010,83,100165,265,99963,165,100212,165,99948,165,100229,165,99933,165,100246,165,99903,165,100261,100,99895,100,100269,100,99887,100,100275,100,99885,100,100345,100,99860,100,100404,100,99853,100
2019-06-28 10:01:20.000000000,100137,211,100010,129,100165,308,99963,208,100212,208,99948,208,100229,100,99933,100,100246,100,99903,100,100261,100,99895,100,100269,100,99887,100,100275,100,99885,100,100345,100,99860,100,100404,100,99853,100
2019-06-28 10:01:30.000000000,100137,426,100010,344,100165,200,99963,100,100212,100,99948,100,100229,100,99933,100,100246,100,99903,100,100261,100,99895,100,100269,100,99887,100,100275,100,99885,100,100345,100,99860,100,100404,100,99853,100
2019-06-28 10:01:40.000000000,100137,263,100010,181,100165,363,99963,263,100212,100,99948,100,100229,100,99933,100,100246,100,99903,100,100261,100,99895,100,100269,100,99887,100,100275,100,99885,100,100345,100,99860,100,100404,100,99853,100
2019-06-28 10:01:50.000000000,100137,165,100010,83,100165,265,99963,165,100212,165,99948,165,100229,165,99933,165,100246,165,99903,165,100261,100,99895,100,100269,100,99887,100,100275,100,99885,100,100345,100,99860,100,100404,100,99853,100
2019-06-28 10:02:00.000000000,100137,182,100010,100,100165,282,99963,182,100212,182,99948,182,100229,182,99933,182,100246,100,99903,100,100261,100,99895,100,100269,100,99887,100,100275,100,99885,100,100345,100,99860,100,100404,100,99853,100
2019-06-28 10:02:10.000000000,100137,182,100010,100,100165,282,99963,182,100212,182,99948,182,100229,182,99933,182,100246,100,99903,100,100261,100,99895,100,100269,100,99887,100,100275,100,99885,100,100345,100,99860,100,100404,100,99853,100
2019-06-28 10:02:20.000000000,100137,211,100010,129,100165,308,99963,208,100212,208,99948,208,100229,100,99933,100,100246,100,99903,100,100261,100,99895,100,100269,100,99887,100,100275,100,99885,100,100345,100,99860,100,100404,100,99853,100
2019-06-28 10:02:30.000000000,100137,263,100010,181,100165,363,99963,263,100212,100,99948,100,100229,100,99933,100,100246,100,99903,100,100261,100,99895,100,100269,100,99887,100,100275,100,99885,100,100345,100,99860,100,100404,100,99853,100
2019-06-28 10:02:40.000000000,100137,211,100010,129,100165,308,99963,208,100212,208,99948,208,100229,100,99933,100,100246,100,99903,100,100261,100,99895,100,100269,100,99887,100,100275,100,99885,100,100345,100,99860,100,100404,100,99853,100
2019-06-28 10:02:43.128095364,100137,111,100010,129,100165,308,99963,208,100212,208,99948,208,100229,100,99933,100,100246,100,99903,100,100261,100,99895,100,100269,100,99887,100,100275,100,99885,100,100345,100,99860,100,100404,100,99804,100
2019-06-28 10:02:46.304068458,100137,111,100010,129,100165,308,99963,208,100212,208,99948,208,100229,100,99903,100,100246,100,99895,100,100261,100,99887,100,100269,100,99885,100,100275,100,99860,100,100345,100,99804,100,100404,100,99624,100
2019-06-28 10:02:50.000000000,100165,282,100010,100,100212,182,99963,182,100229,182,99948,182,100246,182,99903,182,100261,100,99895,100,100269,100,99887,100,100275,100,99885,100,100345,100,99860,100,100404,100,99804,100,100470,100,99624,100
2019-06-28 10:03:00.000000000,100165,526,100010,344,100212,100,99963,100,100229,100,99948,100,100246,100,99903,100,100261,100,99895,100,100269,100,99887,100,100275,100,99885,100,100345,100,99860,100,100404,100,99804,100,100470,100,99624,100
2019-06-28 10:03:05.621818875,100165,426,100010,344,100212,100,99963,100,100229,100,99948,100,100246,100,99903,100,100261,100,99887,100,100269,100,99885,100,100275,100,99860,100,100345,100,99804,100,100404,100,99624,100,100470,100,,
2019-06-28 10:03:07.796145860,100165,426,100010,344,100229,100,99963,100,100246,100,99948,100,100261,100,99903,100,100269,100,99887,100,100275,100,99885,100,100345,100,99860,100,100404,100,99804,100,100470,100,99624,100,100591,100,,
2019-06-28 10:03:08.020601073,100165,426,100137,100,100229,100,100010,344,100246,100,99963,100,100261,100,99948,100,100269,100,99903,100,100275,100,99887,100,100345,100,99885,100,100404,100,99860,100,100470,100,99804,100,100591,100,99624,100
2019-06-28 10:03:10.000000000,100165,211,100137,211,100229,208,100010,126,100246,208,99963,208,100261,100,99948,100,100269,100,99903,100,100275,100,99887,100,100345,100,99885,100,100404,100,99860,100,100470,100,99804,100,100591,100,99624,100
2019-06-28 10:03:13.982630685,100165,211,100137,211,100229,208,100010,126,100246,208,99963,208,100261,100,99948,100,100275,100,99903,100,100345,100,99887,100,100404,100,99885,100,100470,100,99860,100,100591,100,99804,100,100952,100,99624,100
2019-06-28 10:03:20.000000000,100165,211,100137,211,100229,208,100010,126,100246,208,99963,208,100261,100,99948,100,100275,100,99903,100,100345,100,99887,100,100404,100,99885,100,100470,100,99860,100,100591,100,99804,100,100952,100,99624,100
2019-06-28 10:03:30.000000000,100165,426,100137,426,100229,100,100010,18,100246,100,99963,100,100261,100,99948,100,100275,100,99903,100,100345,100,99887,100,100404,100,99885,100,100470,100,99860,100,100591,100,99804,100,100952,100,99624,100
2019-06-28 10:03:40.000000000,100165,211,100137,211,100229,208,100010,126,100246,208,99963,208,100261,100,99948,100,100275,100,99903,100,100345,100,99887,100,100404,100,99885,100,100470,100,99860,100,100591,100,99804,100,100952,100,99624,100
2019-06-28 10:03:50.000000000,100165,165,100137,165,100229,165,100010,83,100246,165,99963,165,100261,165,99948,165,100275,165,99903,165,100345,100,99887,100,100404,100,99885,100,100470,100,99860,100,100591,100,99804,100,100952,100,99624,100
2019-06-28 10:04:00.000000000,100165,426,100137,426,100229,100,100010,18,100246,100,99963,100,100261,100,99948,100,100275,100,99903,100,100345,100,99887,100,100404,100,99885,100,100470,100,99860,100,100591,100,99804,100,100952,100,99624,100
2019-06-28 10:04:10.000000000,100165,182,100137,182,100229,182,100010,100,100246,182,99963,182,100261,182,99948,182,100275,100,99903,100,100345,100,99887,100,100404,100,99885,100,100470,100,99860,100,100591,100,99804,100,100952,100,99624,100
2019-06-28 10:04:20.000000000,100165,182,100137,182,100229,182,100010,100,100246,182,99963,182,100261,182,99948,182,100275,100,99903,100,100345,100,99887,100,100404,100,99885,100,100470,100,99860,100,100591,100,99804,100,100952,100,99624,100
2019-06-28 10:04:22.922853762,100165,82,100137,182,100229,182,100010,100,100246,182,99963,182,100261,182,99948,182,100275,100,99903,100,100345,100,99887,100,100404,100,99885,100,100470,100,99860,100,100591,100,99804,100,100952,100,99624,100
2019-06-28 10:04:30.000000000,100229,211,100137,211,100246,208,100010,126,100261,208,99963,208,100275,100,99948,100,100345,100,99903,100,100404,100,99887,100,100470,100,99885,100,100591,100,99860,100,100952,100,99804,100,101009,100,99624,100
2019-06-28 10:04:38.128866312,100229,211,100137,211,100246,208,100010,126,100261,208,99963,208,100275,100,99948,100,100345,100,99903,100,100404,100,99887,100,100470,100,99885,100,100591,100,99860,100,100952,100,99804,100,101009,100,99624,100
2019-06-28 10:04:40.000000000,100229,165,100137,165,100246,165,100010,83,100261,165,99963,165,100275,165,99948,165,100345,165,99903,165,100404,100,99887,100,100470,100,99885,100,100591,100,99860,100,100952,100,99804,100,101009,100,99624,100
2019-06-28 10:04:50.000000000,100229,263,100137,263,100246,263,100010,181,100261,100,99963,100,100275,100,99948,100,100345,100,99903,100,100404,100,99887,100,100470,100,99885,100,100591,100,99860,100,100952,100,99804,100,101009,100,99624,100
2019-06-28 10:04:53.842601855,100229,263,100165,100,100246,263,100137,263,100261,100,100010,181,100275,100,99963,100,100345,100,99948,100,100404,100,99903,100,100470,100,99887,100,100591,100,99885,100,100952,100,99860,100,101009,100,99804,100
2019-06-28 10:04:56.935749417,100229,263,100165,100,100246,263,100137,263,100261,100,100010,181,100275,100,99963,100,100345,100,99948,100,100404,100,99903,100,100470,100,99887,100,100952,100,99885,100,101009,100,99860,100,101047,100,99804,100
2019-06-28 10:05:00.000000000,100229,426,100165,426,100246,100,100137,100,100261,100,100010,18,100275,100,99963,100,100345,100,99948,100,100404,100,99903,100,100470,100,99887,100,100952,100,99885,100,101009,100,99860,100,101047,100,99804,100
2019-06-28 10:05:10.000000000,100229,263,100165,263,100246,263,100137,263,100261,100,100010,18,100275,100,99963,100,100345,100,99948,100,100404,100,99903,100,100470,100,99887,100,100952,100,99885,100,101009,100,99860,100,101047,100,99804,100
2019-06-28 10:05:12.089346217,100229,163,100165,263,100246,263,100137,263,100261,100,100010,18,100275,100,99963,100,100345,100,99948,100,100404,100,99903,100,100470,100,99887,100,100952,100,99885,100,101009,100,99860,100,101047,100,99804,100
2019-06-28 10:05:19.232697188,100229,63,100165,263,100246,263,100137,263,100261,100,100010,18,100275,100,99963,100,100345,100,99948,100,100404,100,99903,100,100470,100,99887,100,100952,100,99885,100,101009,100,99860,100,101047,100,99804,100
2019-06-28 10:05:20.000000000,100246,211,100165,211,100261,208,100137,208,100275,208,100010,126,100345,100,99963,100,100404,100,99948,100,100470,100,99903,100,100952,100,99887,100,101009,100,99885,100,101047,100,99860,100,101165,100,99804,100
2019-06-28 10:05:23.509981321,100246,211,100165,211,100261,108,100137,208,100275,208,100010,126,100345,100,99963,100,100404,100,99948,100,100470,100,99903,100,100952,100,99887,100,101009,100,99885,100,101047,100,99860,100,101165,100,99804,100
2019-06-28 10:05:26.654884016,100246,211,100229,100,100261,108,100165,211,100275,208,100137,208,100345,100,100010,126,100404,100,99963,100,100470,100,99948,100,100952,100,99903,100,101009,100,99887,100,101047,100,99885,100,101165,100,99860,100
2019-06-28 10:05:27.590126802,100246,111,100229,100,100261,108,100165,211,100275,208,100137,208,100345,100,100010,126,100404,100,99963,100,100470,100,99948,100,100952,100,99903,100,101009,100,99887,100,101047,100,99885,100,101165,100,99860,100
2019-06-28 10:05:30.000000000,100275,263,100229,263,100345,263,100165,263,100404,100,100137,100,100470,100,100010,18,100952,100,99963,100,101009,100,99948,100,101047,100,99903,100,101165,100,99887,100,101172,100,99885,100,101203,100,99860,100
2019-06-28 10:05:40.000000000,100275,211,100229,211,100345,208,100165,208,100404,208,100137,208,100470,100,100010,18,100952,100,99963,100,101009,100,99948,100,101047,100,99903,100,101165,100,99887,100,101172,100,99885,100,101203,100,99860,100
2019-06-28 10:05:50.000000000,100275,182,100229,182,100345,182,100165,182,100404,182,100137,182,100470,182,100010,100,100952,100,99963,100,101009,100,99948,100,101047,100,99903,100,101165,100,99887,100,101172,100,99885,100,101203,100,99860,100
2019-06-28 10:05:58.677790627,100275,182,100229,182,100345,182,100165,182,100404,182,100137,182,100470,182,100010,100,100952,100,99963,100,101000,100,99948,100,101009,100,99903,100,101047,100,99887,100,101165,100,99885,100,101172,100,99860,100
2019-06-28 10:06:00.000000000,100275,211,100229,211,100345,208,100165,208,100404,208,100137,208,100470,100,100010,18,100952,100,99963,100,101000,100,99948,100,101009,100,99903,100,101047,100,99887,100,101165,100,99885,100,101172,100,99860,100
2019-06-28 10:06:10.000000000,100275,211,100229,211,100345,208,100165,208,100404,208,100137,208,100470,100,100010,18,100952,100,99963,100,101000,100,99948,100,101009,100,99903,100,101047,100,99887,100,101165,100,99885,100,101172,100,99860,100
2019-06-28 10:06:20.000000000,100275,165,100229,165,100345,165,100165,165,100404,165,100137,165,100470,165,100010,83,100952,165,99963,165,101000,100,99948,100,101009,100,99903,100,101047,100,99887,100,101165,100,99885,100,101172,100,99860,100
2019-06-28 10:06:23.841523878,100275,165,100230,100,100345,165,100229,165,100404,165,100165,165,100470,165,100137,165,100952,165,100010,83,101000,100,99963,165,101009,100,99948,100,101047,100,99903,100,101165,100,99887,100,101172,100,99885,100
2019-06-28 10:06:27.006350403,100275,165,100230,100,100345,165,100229,165,100404,165,100165,165,100470,165,100137,165,100721,100,100010,83,100952,165,99963,165,101000,100,99948,100,101009,100,99903,100,101047,100,99887,100,101165,100,99860,100
2019-06-28 10:06:30.000000000,100275,211,100230,211,100345,208,100229,208,100404,208,100165,208,100470,100,100137,100,100721,100,100010,18,100952,100,99963,100,101000,100,99948,100,101009,100,99903,100,101047,100,99887,100,101165,100,99860,100
2019-06-28 10:06:40.000000000,100275,426,100230,426,100345,100,100229,100,100404,100,100165,100,100470,100,100137,100,100721,100,100010,18,100952,100,99963,100,101000,100,99948,100,101009,100,99903,100,101047,100,99887,100,101165,100,99860,100
2019-06-28 10:06:46.654621593,100275,326,100230,426,100345,100,100229,100,100404,100,100165,100,100470,100,100137,100,100721,100,100010,18,101000,100,99963,100,101009,100,99948,100,101047,100,99903,100,101165,100,99887,100,101172,100,99860,100
2019-06-28 10:06:50.000000000,100345,165,100230,165,100404,165,100229,165,100470,165,100165,165,100721,165,100137,165,101000,165,100010,83,101009,100,99963,100,101047,100,99948,100,101165,100,99903,100,101172,100,99887,100,101203,100,99860,100
2019-06-28 10:06:50.573652636,100345,165,100230,165,100404,165,100229,165,100470,165,100165,165,100721,165,100137,165,100820,100,100010,83,101000,165,99963,100,101009,100,99948,100,101047,100,99903,100,101165,100,99887,100,101172,100,99860,100
2019-06-28 10:06:51.113861862,100345,165,100230,65,100404,165,100229,165,100470,165,100165,165,100721,165,100137,165,100820,100,100010,83,101000,165,99963,100,101009,100,99948,100,101047,100,99903,100,101165,100,99887,100,101172,100,99860,100
2019-06-28 10:06:56.208619889,100345,165,100246,100,100404,165,100230,65,100470,165,100229,165,100721,165,100165,165,100820,100,100137,165,101000,165,100010,83,101009,100,99963,100,101047,100,99948,100,101165,100,99903,100,101172,100,99887,100
2019-06-28 10:07:00.000000000,100345,165,100246,165,100404,165,100229,165,100470,165,100165,165,100721,165,100137,165,100820,165,100010,83,101000,100,99963,100,101009,100,99948,100,101047,100,99903,100,101165,100,99887,100,101172,100,99860,100
2019-06-28 10:07:10.000000000,100345,182,100246,182,100404,182,100229,182,100470,182,100165,182,100721,182,100137,182,100820,100,100010,18,101000,100,99963,100,101009,100,99948,100,101047,100,99903,100,101165,100,99887,100,101172,100,99860,100
2019-06-28 10:07:20.000000000,100345,182,100246,182,100404,182,100229,182,100470,182,100165,182,100721,182,100137,182,100820,100,100010,18,101000,100,99963,100,101009,100,99948,100,101047,100,99903,100,101165,100,99887,100,101172,100,99860,100
2019-06-28 10:07:25.285318133,100345,182,100246,182,100404,182,100229,182,100470,182,100165,182,100721,182,100137,182,100820,100,100010,18,101000,100,99963,100,101009,100,99948,100,101047,100,99887,100,101165,100,99860,100,101172,100,99804,100
2019-06-28 10:07:30.000000000,100345,182,100246,182,100404,182,100229,182,100470,182,100165,182,100721,182,100137,182,100820,100,100010,18,101000,100,99963,100,101009,100,99948,100,101047,100,99887,100,101165,100,99860,100,101172,100,99804,100
2019-06-28 10:07:40.000000000,100345,426,100246,426,100404,100,100229,100,100470,100,100165,100,100721,100,100137,100,100820,100,100010,18,101000,100,99963,100,101009,100,99948,100,101047,100,99887,100,101165,100,99860,100,101172,100,99804,100
2019-06-28 10:07:50.000000000,100345,182,100246,182,100404,182,100229,182,100470,182,100165,182,100721,182,100137,182,100820,100,100010,18,101000,100,99963,100,101009,100,99948,100,101047,100,99887,100,101165,100,99860,100,101172,100,99804,100
2019-06-28 10:07:50.970267653,100345,182,100246,82,100404,182,100229,182,100470,182,100165,182,100721,182,100137,182,100820,100,100010,18,101000,100,99963,100,101009,100,99948,100,101047,100,99887,100,101165,100,99860,100,101172,100,99804,100
2019-06-28 10:07:59.015531778,100345,182,100246,82,100404,182,100229,182,100470,182,100165,182,100721,182,100137,182,100820,100,100036,100,101000,100,100010,18,101009,100,99963,100,101047,100,99948,100,101165,100,99887,100,101172,100,99860,100
2019-06-28 10:08:00.000000000,100345,263,100229,263,100404,263,100165,263,100470,100,100137,100,100721,100,100036,100,100820,100,100010,18,101000,100,99963,100,101009,100,99948,100,101047,100,99887,100,101165,100,99860,100,101172,100,99804,100
2019-06-28 10:08:02.139035863,100345,263,100229,263,100404,263,100165,263,100470,100,100148,100,100721,100,100137,100,100820,100,100036,100,101000,100,100010,18,101009,100,99963,100,101047,100,99948,100,101165,100,99887,100,101172,100,99860,100
2019-06-28 10:08:10.000000000,100345,165,100229,165,100404,165,100165,165,100470,165,100148,165,100721,165,100137,165,100820,165,100036,165,101000,100,100010,18,101009,100,99963,100,101047,100,99948,100,101165,100,99887,100,101172,100,99860,100
2019-06-28 10:08:20.000000000,100345,165,100229,165,100404,165,100165,165,100470,165,100148,165,100721,165,100137,165,100820,165,100036,165,101000,100,100010,18,101009,100,99963,100,101047,100,99948,100,101165,100,99887,100,101172,100,99860,100
2019-06-28 10:08:30.000000000,100345,263,100229,263,100404,263,100165,263,100470,100,100148,100,100721,100,100137,100,100820,100,100036,100,101000,100,100010,18,101009,100,99963,100,101047,100,99948,100,101165,100,99887,100,101172,100,99860,100
2019-06-28 10:08:39.638495505,100274,100,100229,263,100345,263,100165,263,100404,263,100148,100,100470,100,100137,100,100721,100,100036,100,100820,100,100010,18,101000,100,99963,100,101009,100,99948,100,101047,100,99887,100,101165,100,99860,100
2019-06-28 10:08:40.000000000,100274,182,100229,182,100345,182,100165,182,100404,182,100148,182,100470,182,100137,182,100721,100,100036,100,100820,100,100010,18,101000,100,99963,100,101009,100,99948,100,101047,100,99887,100,101165,100,99860,100
2019-06-28 10:08:50.000000000,100274,182,100229,182,100345,182,100165,182,100404,182,100148,182,100470,182,100137,182,100721,100,100036,100,100820,100,100010,18,101000,100,99963,100,101009,100,99948,100,101047,100,99887,100,101165,100,99860,100
2019-06-28 10:08:58.264163177,100274,182,100229,182,100345,182,100165,182,100404,182,100148,182,100470,182,100137,182,100721,100,100036,100,100820,100,100010,18,101000,100,99963,100,101009,100,99948,100,101047,100,99887,100,101165,100,99860,100
2019-06-28 10:09:00.000000000,100274,182,100229,182,100345,182,100165,182,100404,182,100148,182,100470,182,100137,182,100721,100,100036,100,100820,100,100010,18,101000,100,99963,100,101009,100,99948,100,101047,100,99887,100,101165,100,99860,100
