,ask_price_1,ask_size_1,bid_price_1,bid_size_1,ask_price_2,ask_size_2,bid_price_2,bid_size_2,ask_price_3,ask_size_3,bid_price_3,bid_size_3,ask_price_4,ask_size_4,bid_price_4,bid_size_4,ask_price_5,ask_size_5,bid_price_5,bid_size_5,ask_price_6,ask_size_6,bid_price_6,bid_size_6,ask_price_7,ask_size_7,bid_price_7,bid_size_7,ask_price_8,ask_size_8,bid_price_8,bid_size_8,ask_price_9,ask_size_9,bid_price_9,bid_size_9,ask_price_10,ask_size_10,bid_price_10,bid_size_10
2019-06-28 09:30:00.000000000,,,99896,100,,,,,,,,,,,,,,,,,,,,,,,,,,,,,,,,,,,,
2019-06-28 09:30:00.000000001,99989,100,99896,100,,,,,,,,,,,,,,,,,,,,,,,,,,,,,,,,,,,,
2019-06-28 09:30:00.000000005,100096,100,99896,100,,,,,,,,,,,,,,,,,,,,,,,,,,,,,,,,,,,,
2019-06-28 09:30:00.000000006,100096,100,99896,100,100122,100,,,,,,,,,,,,,,,,,,,,,,,,,,,,,,,,,,
2019-06-28 09:30:00.000000007,100014,100,99969,100,100096,100,99896,100,100122,100,99831,100,,,,,,,,,,,,,,,,,,,,,,,,,,,,
2019-06-28 09:30:00.000000008,100014,100,99969,100,100036,100,99896,100,100096,100,99831,100,100122,100,,,,,,,,,,,,,,,,,,,,,,,,,,
2019-06-28 09:30:00.000000009,100014,100,99977,100,100036,100,99969,100,100096,100,99896,100,100122,100,99831,100,,,,,,,,,,,,,,,,,,,,,,,,
2019-06-28 09:30:00.000000015,100014,100,99969,100,100036,100,99896,100,100096,100,99831,100,100122,100,,,,,,,,,,,,,,,,,,,,,,,,,,
2019-06-28 09:30:00.000000016,100014,100,99982,100,100036,100,99969,100,100096,100,99896,100,100122,100,99831,100,,,99811,100,,,,,,,,,,,,,,,,,,,,
2019-06-28 09:30:00.000000017,100014,100,99982,100,100036,100,99969,100,100096,100,99896,100,100109,100,99831,100,100117,100,99811,100,100122,100,,,,,,,,,,,,,,,,,,
2019-06-28 09:30:00.000000019,99992,100,99982,100,100014,100,99969,100,100036,100,99896,100,100096,100,99831,100,100109,100,99811,100,100117,100,,,100122,100,,,,,,,,,,,,,,
2019-06-28 09:30:00.000000020,99992,100,99982,100,100014,100,99969,100,100036,100,99896,100,100079,100,99831,100,100096,100,99811,100,100109,100,,,100117,100,,,100122,100,,,,,,,,,,
2019-06-28 09:30:00.000000023,99992,100,99982,100,100014,100,99969,100,100036,100,99896,100,100079,100,99831,100,100096,100,99811,100,100101,100,,,100109,100,,,100117,100,,,100122,100,,,,,,
2019-06-28 09:30:00.000000024,99992,100,99982,100,100014,100,99977,100,100036,100,99969,100,100079,100,99896,100,100096,100,99831,100,100101,100,99811,100,100109,100,,,100117,100,,,100122,100,,,,,,
2019-06-28 09:30:00.000000025,99992,100,99977,100,100014,100,99969,100,100027,100,99896,100,100036,100,99831,100,100079,100,99811,100,100096,100,,,100101,100,,,100109,100,,,100117,100,,,100122,100,,
2019-06-28 09:30:00.000000027,99992,100,99977,100,100014,100,99969,100,100027,100,99896,100,100036,100,99831,100,100079,100,99811,100,100088,100,,,100096,100,,,100101,100,,,100109,100,,,100117,100,,
2019-06-28 09:30:00.000000028,99992,100,99977,100,100014,100,99969,100,100027,100,99896,100,100036,100,99831,100,100046,100,99811,100,100079,100,,,100088,100,,,100096,100,,,100101,100,,,100109,100,,
2019-06-28 09:30:00.000000030,99992,100,99977,100,100004,100,99969,100,100014,100,99896,100,100027,100,99831,100,100036,100,99811,100,100046,100,,,100079,100,,,100088,100,,,100096,100,,,100101,100,,
2019-06-28 09:30:00.000000031,99992,100,99977,100,100004,100,99969,100,100014,100,99955,100,100027,100,99896,100,100036,100,99831,100,100046,100,99811,100,100079,100,,,100088,100,,,100096,100,,,100101,100,,
2019-06-28 09:30:00.000000034,99982,100,99969,100,99983,100,99955,100,99992,100,99896,100,100004,100,99885,100,100014,100,99831,100,100027,100,99811,100,100036,100,,,100046,100,,,100079,100,,,100088,100,,
2019-06-28 09:30:00.000000036,99982,100,99969,100,99983,100,99955,100,99992,100,99896,100,100004,100,99885,100,100014,100,99831,100,100027,100,99811,100,100036,100,,,100046,100,,,100056,100,,,100079,100,,
2019-06-28 09:30:00.000000039,99982,100,99969,100,99983,100,99955,100,99992,100,99896,100,100004,200,99885,100,100014,100,99831,100,100027,100,99811,100,100036,100,,,100046,100,,,100056,100,,,100079,100,,
2019-06-28 09:30:00.000000040,99982,100,99977,100,99983,100,99969,100,99992,100,99955,100,100004,200,99896,100,100014,100,99885,100,100027,100,99831,100,100036,100,99811,100,100046,100,,,100056,100,,,100079,100,,
2019-06-28 09:30:00.000000044,99983,100,99977,100,99992,100,99969,100,100004,200,99955,100,100014,100,99896,100,100027,100,99885,100,100036,100,99831,100,100046,100,99811,100,100056,100,,,100079,100,,,100088,100,,
2019-06-28 09:30:00.000000045,99982,100,99977,100,99983,100,99969,100,99992,100,99955,100,100004,200,99896,100,100014,100,99885,100,100027,100,99831,100,100036,100,99811,100,100046,100,,,100056,100,,,100079,100,,
2019-06-28 09:30:00.000000047,99982,100,99977,100,99983,100,99969,100,99992,100,99955,100,100004,200,99923,100,100014,100,99896,100,100015,100,99885,100,100027,100,99831,100,100036,100,99811,100,100046,100,,,100056,100,,
2019-06-28 09:30:00.000000050,99982,100,99977,100,99983,100,99969,100,99992,100,99955,100,100004,200,99923,100,100014,100,99896,100,100015,100,99885,100,100027,100,99831,100,100036,100,99811,100,100041,100,,,100046,100,,
2019-06-28 09:30:00.000000051,99982,100,99977,100,99983,100,99969,100,99992,100,99958,100,100004,200,99955,100,100014,100,99923,100,100015,100,99896,100,100027,100,99885,100,100036,100,99831,100,100041,100,99811,100,100046,100,,
2019-06-28 09:30:00.000000054,99983,100,99977,100,99992,100,99969,100,100004,200,99958,100,100014,100,99955,100,100015,100,99923,100,100027,100,99896,100,100036,100,99885,100,100041,100,99831,100,100046,100,99811,100,100056,100,,
2019-06-28 09:30:00.000000057,99992,100,99977,100,100004,200,99969,100,100014,100,99958,100,100015,100,99955,100,100027,100,99923,100,100036,100,99896,100,100041,100,99885,100,100046,100,99831,100,100056,100,99811,100,100079,100,,
2019-06-28 09:30:00.000000060,99983,100,99977,100,99992,100,99969,100,100004,200,99958,100,100014,100,99955,100,100015,100,99923,100,100027,100,99896,100,100036,100,99885,100,100041,100,99831,100,100046,100,99811,100,100056,100,,
2019-06-28 09:30:00.000000061,99983,100,99977,100,99992,100,99969,100,100004,200,99958,100,100014,100,99955,100,100015,100,99938,100,100027,100,99923,100,100036,100,99896,100,100041,100,99885,100,100046,100,99831,100,100056,100,99811,100
2019-06-28 09:30:00.000000062,99983,100,99977,100,99992,100,99969,100,100004,200,99958,100,100014,100,99955,100,100015,100,99938,100,100027,100,99923,100,100036,100,99896,100,100041,100,99888,100,100046,100,99885,100,100056,100,99831,100
2019-06-28 09:30:00.000000064,99983,100,99982,100,99992,100,99977,100,100004,200,99969,100,100014,100,99958,100,100015,100,99955,100,100027,100,99938,100,100036,100,99923,100,100041,100,99896,100,100046,100,99888,100,100056,100,99885,100
2019-06-28 09:30:00.000000065,99983,100,99982,100,99992,100,99977,100,100004,200,99969,100,100014,100,99958,100,100015,100,99955,100,100027,100,99938,100,100036,100,99923,100,100041,100,99896,100,100046,100,99888,100,100056,100,99885,100
2019-06-28 09:30:00.000000067,99983,200,99982,100,99992,100,99977,100,100004,200,99969,100,100014,100,99958,100,100015,100,99955,100,100027,100,99938,100,100036,100,99923,100,100041,100,99896,100,100046,100,99888,100,100056,100,99885,100
2019-06-28 09:30:00.000000068,99983,200,99982,200,99992,100,99977,100,100004,200,99969,100,100014,100,99958,100,100015,100,99955,100,100027,100,99938,100,100036,100,99923,100,100041,100,99896,100,100046,100,99888,100,100056,100,99885,100
2019-06-28 09:30:00.000000069,99983,200,99982,200,99992,100,99977,100,100004,200,99969,100,100014,100,99958,100,100015,100,99955,100,100027,100,99938,100,100036,100,99923,100,100041,100,99905,100,100046,100,99896,100,100056,100,99888,100
2019-06-28 09:30:00.000000071,99983,200,99982,200,99992,100,99977,100,100004,200,99969,100,100014,100,99958,100,100015,100,99955,100,100027,100,99938,100,100036,100,99923,100,100041,100,99905,100,100046,100,99896,100,100056,100,99888,100
2019-06-28 09:30:00.000000080,99983,300,99982,200,99992,100,99977,100,100004,200,99969,100,100014,100,99958,100,100015,100,99955,100,100027,100,99938,100,100036,100,99923,100,100040,100,99905,100,100041,100,99896,100,100046,100,99888,100
2019-06-28 09:30:00.000000081,99983,300,99982,200,99992,100,99977,100,100004,200,99969,100,100014,100,99958,100,100015,100,99955,100,100023,100,99938,100,100027,100,99923,100,100036,100,99905,100,100040,100,99896,100,100041,100,99888,100
2019-06-28 09:30:00.000000082,99983,300,99982,100,99992,100,99977,100,100004,200,99969,100,100014,100,99958,100,100015,100,99955,100,100023,100,99938,100,100027,100,99923,100,100036,100,99905,100,100040,100,99896,100,100041,100,99888,100
2019-06-28 09:30:00.000000086,99983,300,99982,100,99992,100,99977,100,100004,200,99969,100,100014,100,99958,100,100015,100,99955,100,100023,100,99948,100,100027,100,99938,100,100036,100,99923,100,100040,100,99905,100,100041,100,99896,100
2019-06-28 09:30:00.000000094,99983,200,99982,100,99992,100,99977,100,100004,200,99969,100,100014,100,99958,100,100015,100,99955,100,100023,100,99948,100,100027,100,99938,100,100036,100,99923,100,100040,100,99905,100,100041,100,99896,100
2019-06-28 09:30:00.000000096,99983,200,99977,100,99992,100,99969,100,100004,200,99958,100,100014,100,99955,100,100015,100,99948,100,100023,100,99938,100,100027,100,99923,100,100036,100,99905,100,100040,100,99903,100,100041,100,99896,100
2019-06-28 09:30:00.000000098,99983,200,99977,100,99992,100,99969,100,100004,200,99958,100,100008,100,99955,100,100014,100,99948,100,100015,100,99938,100,100023,100,99923,100,100027,100,99905,100,100036,100,99903,100,100040,100,99896,100
2019-06-28 09:30:00.000000099,99983,300,99977,100,99992,100,99969,100,100004,200,99958,100,100008,100,99955,100,100014,100,99948,100,100015,100,99938,100,100023,100,99923,100,100027,100,99905,100,100036,100,99903,100,100040,100,99896,100
2019-06-28 09:30:02.948948775,99983,300,99977,100,99992,100,99969,100,100004,200,99958,100,100014,100,99955,100,100015,100,99948,100,100023,100,99938,100,100027,100,99923,100,100036,100,99905,100,100040,100,99903,100,100041,100,99896,100
2019-06-28 09:30:10.000000000,99983,414,99977,214,99992,211,99969,211,100004,311,99958,211,100014,100,99955,100,100015,100,99948,100,100023,100,99938,100,100027,100,99923,100,100036,100,99905,100,100040,100,99903,100,100041,100,99896,100
2019-06-28 09:30:20.000000000,99983,414,99977,214,99992,211,99969,211,100004,311,99958,211,100014,100,99955,100,100015,100,99948,100,100023,100,99938,100,100027,100,99923,100,100036,100,99905,100,100040,100,99903,100,100041,100,99896,100
2019-06-28 09:30:24.049636417,99983,414,99977,214,99992,211,99969,211,100004,311,99958,211,100014,100,99955,100,100015,100,99948,100,100023,100,99938,100,100036,100,99923,100,100040,100,99905,100,100041,100,99903,100,100046,100,99896,100
2019-06-28 09:30:26.919602050,99983,414,99977,214,99992,211,99969,211,100004,311,99958,111,100014,100,99955,100,100015,100,99948,100,100023,100,99938,100,100036,100,99923,100,100040,100,99911,100,100041,100,99905,100,100046,100,99903,100
2019-06-28 09:30:30.000000000,99983,367,99977,167,99992,167,99969,167,100004,267,99955,167,100014,167,99948,167,100015,167,99938,167,100023,100,99923,100,100036,100,99911,100,100040,100,99905,100,100041,100,99903,100,100046,100,99896,100
2019-06-28 09:30:39.924799384,99983,367,99977,167,99992,167,99969,167,100004,267,99955,167,100014,167,99948,167,100015,167,99938,167,100023,100,99923,100,100036,100,99911,100,100041,100,99905,100,100046,100,99903,100,100056,100,99896,100
2019-06-28 09:30:40.000000000,99983,414,99977,214,99992,211,99969,211,100004,311,99955,211,100014,100,99948,100,100015,100,99938,100,100023,100,99923,100,100036,100,99911,100,100041,100,99905,100,100046,100,99903,100,100056,100,99896,100
2019-06-28 09:30:50.000000000,99983,636,99977,436,99992,100,99969,100,100004,200,99955,100,100014,100,99948,100,100015,100,99938,100,100023,100,99923,100,100036,100,99911,100,100041,100,99905,100,100046,100,99903,100,100056,100,99896,100
2019-06-28 09:31:00.000000000,99983,468,99977,268,99992,268,99969,268,100004,200,99955,100,100014,100,99948,100,100015,100,99938,100,100023,100,99923,100,100036,100,99911,100,100041,100,99905,100,100046,100,99903,100,100056,100,99896,100
2019-06-28 09:31:03.552755655,99983,468,99977,168,99992,268,99969,268,100004,200,99955,100,100014,100,99948,100,100015,100,99938,100,100023,100,99923,100,100036,100,99911,100,100041,100,99905,100,100046,100,99903,100,100056,100,99896,100
2019-06-28 09:31:10.000000000,99983,414,99969,214,99992,211,99955,211,100004,311,99948,211,100014,100,99938,100,100015,100,99923,100,100023,100,99911,100,100036,100,99905,100,100041,100,99903,100,100046,100,99896,100,100056,100,99888,100
2019-06-28 09:31:14.986248936,99983,414,99969,214,99992,211,99955,211,100004,311,99948,211,100014,100,99938,100,100015,100,99923,100,100023,100,99911,100,100036,100,99905,100,100041,100,99903,100,100046,100,99896,100,100056,100,99888,100
2019-06-28 09:31:20.000000000,99983,414,99969,214,99992,211,99955,211,100004,311,99948,211,100014,100,99938,100,100015,100,99923,100,100023,100,99911,100,100036,100,99905,100,100041,100,99903,100,100046,100,99896,100,100056,100,99888,100
2019-06-28 09:31:30.000000000,99983,414,99969,214,99992,211,99955,211,100004,311,99948,211,100014,100,99938,100,100015,100,99923,100,100023,100,99911,100,100036,100,99905,100,100041,100,99903,100,100046,100,99896,100,100056,100,99888,100
2019-06-28 09:31:40.000000000,99983,636,99969,436,99992,100,99955,100,100004,200,99948,100,100014,100,99938,100,100015,100,99923,100,100023,100,99911,100,100036,100,99905,100,100041,100,99903,100,100046,100,99896,100,100056,100,99888,100
2019-06-28 09:31:50.000000000,99983,414,99969,214,99992,211,99955,211,100004,311,99948,211,100014,100,99938,100,100015,100,99923,100,100023,100,99911,100,100036,100,99905,100,100041,100,99903,100,100046,100,99896,100,100056,100,99888,100
2019-06-28 09:32:00.000000000,99983,367,99969,167,99992,167,99955,167,100004,267,99948,167,100014,167,99938,167,100015,167,99923,167,100023,100,99911,100,100036,100,99905,100,100041,100,99903,100,100046,100,99896,100,100056,100,99888,100
2019-06-28 09:32:10.000000000,99983,468,99969,268,99992,268,99955,268,100004,200,99948,100,100014,100,99938,100,100015,100,99923,100,100023,100,99911,100,100036,100,99905,100,100041,100,99903,100,100046,100,99896,100,100056,100,99888,100
2019-06-28 09:32:20.000000000,99983,384,99969,184,99992,184,99955,184,100004,284,99948,184,100014,184,99938,184,100015,100,99923,100,100023,100,99911,100,100036,100,99905,100,100041,100,99903,100,100046,100,99896,100,100056,100,99888,100
2019-06-28 09:32:30.000000000,99983,367,99969,167,99992,167,99955,167,100004,267,99948,167,100014,167,99938,167,100015,167,99923,167,100023,100,99911,100,100036,100,99905,100,100041,100,99903,100,100046,100,99896,100,100056,100,99888,100
2019-06-28 09:32:40.000000000,99983,367,99969,167,99992,167,99955,167,100004,267,99948,167,100014,167,99938,167,100015,167,99923,167,100023,100,99911,100,100036,100,99905,100,100041,100,99903,100,100046,100,99896,100,100056,100,99888,100
2019-06-28 09:32:44.836754488,99983,367,99978,100,99992,167,99969,167,100004,267,99955,167,100014,167,99948,167,100015,167,99938,167,100023,100,99923,167,100036,100,99911,100,100041,100,99905,100,100046,100,99903,100,100056,100,99896,100
2019-06-28 09:32:50.000000000,99983,384,99978,184,99992,184,99969,184,100004,284,99955,184,100014,184,99948,184,100015,100,99938,100,100023,100,99923,100,100036,100,99911,100,100041,100,99905,100,100046,100,99903,100,100056,100,99896,100
2019-06-28 09:33:00.000000000,99983,367,99978,167,99992,167,99969,167,100004,267,99955,167,100014,167,99948,167,100015,167,99938,167,100023,100,99923,100,100036,100,99911,100,100041,100,99905,100,100046,100,99903,100,100056,100,99896,100
2019-06-28 09:33:10.000000000,99983,414,99978,214,99992,211,99969,211,100004,311,99955,211,100014,100,99948,100,100015,100,99938,100,100023,100,99923,100,100036,100,99911,100,100041,100,99905,100,100046,100,99903,100,100056,100,99896,100
2019-06-28 09:33:10.593244524,99983,414,99978,214,99992,211,99969,211,100004,311,99955,211,100014,100,99948,100,100015,100,99938,100,100023,100,99923,100,100041,100,99911,100,100046,100,99905,100,100056,100,99903,100,100079,100,99896,100
2019-06-28 09:33:20.000000000,99983,636,99978,436,99992,100,99969,100,100004,200,99955,100,100014,100,99948,100,100015,100,99938,100,100023,100,99923,100,100041,100,99911,100,100046,100,99905,100,100056,100,99903,100,100079,100,99896,100
2019-06-28 09:33:30.000000000,99983,468,99978,268,99992,268,99969,268,100004,200,99955,100,100014,100,99948,100,100015,100,99938,100,100023,100,99923,100,100041,100,99911,100,100046,100,99905,100,100056,100,99903,100,100079,100,99896,100
2019-06-28 09:33:40.000000000,99983,367,99978,167,99992,167,99969,167,100004,267,99955,167,100014,167,99948,167,100015,167,99938,167,100023,100,99923,100,100041,100,99911,100,100046,100,99905,100,100056,100,99903,100,100079,100,99896,100
2019-06-28 09:33:50.000000000,99983,384,99978,184,99992,184,99969,184,100004,284,99955,184,100014,184,99948,184,100015,100,99938,100,100023,100,99923,100,100041,100,99911,100,100046,100,99905,100,100056,100,99903,100,100079,100,99896,100
2019-06-28 09:34:00.000000000,99983,468,99978,268,99992,268,99969,268,100004,200,99955,100,100014,100,99948,100,100015,100,99938,100,100023,100,99923,100,100041,100,99911,100,100046,100,99905,100,100056,100,99903,100,100079,100,99896,100
2019-06-28 09:34:10.000000000,99983,636,99978,436,99992,100,99969,100,100004,200,99955,100,100014,100,99948,100,100015,100,99938,100,100023,100,99923,100,100041,100,99911,100,100046,100,99905,100,100056,100,99903,100,100079,100,99896,100
2019-06-28 09:34:12.225332003,99983,536,99978,436,100004,200,99969,100,100014,100,99955,100,100015,100,99948,100,100023,100,99938,100,100041,100,99923,100,100046,100,99911,100,100056,100,99905,100,100079,100,99903,100,100088,100,99896,100
2019-06-28 09:34:20.000000000,99983,314,99978,214,100004,311,99969,211,100014,211,99955,211,100015,100,99948,100,100023,100,99938,100,100041,100,99923,100,100046,100,99911,100,100056,100,99905,100,100079,100,99903,100,100088,100,99896,100
2019-06-28 09:34:23.584331060,99983,314,99978,214,100004,311,99969,211,100014,211,99955,211,100015,100,99948,100,100023,100,99938,100,100041,100,99923,100,100046,100,99911,100,100056,100,99905,100,100079,100,99903,100,100088,100,99896,100
2019-06-28 09:34:30.000000000,99983,284,99978,184,100004,284,99969,184,100014,184,99955,184,100015,184,99948,184,100023,100,99938,100,100041,100,99923,100,100046,100,99911,100,100056,100,99905,100,100079,100,99903,100,100088,100,99896,100
2019-06-28 09:34:40.000000000,99983,314,99978,214,100004,311,99969,211,100014,211,99955,211,100015,100,99948,100,100023,100,99938,100,100041,100,99923,100,100046,100,99911,100,100056,100,99905,100,100079,100,99903,100,100088,100,99896,100
2019-06-28 09:34:50.000000000,99983,284,99978,184,100004,284,99969,184,100014,184,99955,184,100015,184,99948,184,100023,100,99938,100,100041,100,99923,100,100046,100,99911,100,100056,100,99905,100,100079,100,99903,100,100088,100,99896,100
2019-06-28 09:35:00.000000000,99983,284,99978,184,100004,284,99969,184,100014,184,99955,184,100015,184,99948,184,100023,100,99938,100,100041,100,99923,100,100046,100,99911,100,100056,100,99905,100,100079,100,99903,100,100088,100,99896,100
2019-06-28 09:35:10.000000000,99983,536,99978,436,100004,200,99969,100,100014,100,99955,100,100015,100,99948,100,100023,100,99938,100,100041,100,99923,100,100046,100,99911,100,100056,100,99905,100,100079,100,99903,100,100088,100,99896,100
2019-06-28 09:35:20.000000000,99983,536,99978,436,100004,200,99969,100,100014,100,99955,100,100015,100,99948,100,100023,100,99938,100,100041,100,99923,100,100046,100,99911,100,100056,100,99905,100,100079,100,99903,100,100088,100,99896,100
2019-06-28 09:35:30.000000000,99983,267,99978,167,100004,267,99969,167,100014,167,99955,167,100015,167,99948,167,100023,167,99938,167,100041,100,99923,100,100046,100,99911,100,100056,100,99905,100,100079,100,99903,100,100088,100,99896,100
2019-06-28 09:35:35.327673054,99983,267,99978,167,100004,267,99969,167,100014,167,99955,167,100015,167,99948,167,100023,167,99938,67,100041,100,99923,100,100046,100,99911,100,100056,100,99905,100,100079,100,99903,100,100088,100,99896,100
2019-06-28 09:35:37.194650934,99983,267,99978,167,100004,267,99969,167,100014,167,99955,167,100015,67,99948,167,100023,167,99938,67,100041,100,99923,100,100046,100,99911,100,100056,100,99905,100,100079,100,99903,100,100088,100,99896,100
2019-06-28 09:35:40.000000000,99983,284,99978,184,100004,284,99969,184,100014,184,99955,184,100023,184,99948,184,100041,100,99923,100,100046,100,99911,100,100056,100,99905,100,100079,100,99903,100,100088,100,99896,100,100094,100,99888,100
2019-06-28 09:35:42.283394012,99983,184,99978,184,100004,284,99969,184,100014,184,99955,184,100023,184,99948,184,100041,100,99923,100,100046,100,99911,100,100056,100,99905,100,100079,100,99903,100,100088,100,99896,100,100094,100,99888,100
2019-06-28 09:35:48.134290302,99983,84,99978,184,100004,284,99969,184,100014,184,99955,184,100023,184,99948,184,100041,100,99923,100,100046,100,99911,100,100056,100,99905,100,100079,100,99903,100,100088,100,99896,100,100094,100,99888,100
2019-06-28 09:35:50.000000000,100004,536,99978,436,100014,100,99969,100,100023,100,99955,100,100041,100,99948,100,100046,100,99923,100,100056,100,99911,100,100079,100,99905,100,100088,100,99903,100,100094,100,99896,100,100096,100,99888,100
2019-06-28 09:35:54.947795640,100004,436,99978,436,100014,100,99969,100,100041,100,99955,100,100046,100,99948,100,100056,100,99923,100,100079,100,99911,100,100088,100,99905,100,100094,100,99903,100,100096,100,99896,100,100101,100,99888,100
2019-06-28 09:36:00.000000000,100004,167,99978,167,100014,167,99969,167,100041,167,99955,167,100046,167,99948,167,100056,167,99923,167,100079,100,99911,100,100088,100,99905,100,100094,100,99903,100,100096,100,99896,100,100101,100,99888,100
2019-06-28 09:36:10.000000000,100004,214,99978,214,100014,211,99969,211,100041,211,99955,211,100046,100,99948,100,100056,100,99923,100,100079,100,99911,100,100088,100,99905,100,100094,100,99903,100,100096,100,99896,100,100101,100,99888,100
2019-06-28 09:36:10.420118827,100004,214,99978,214,100014,211,99969,211,100041,211,99955,211,100046,100,99948,100,100056,100,99923,100,100079,100,99911,100,100088,100,99905,100,100094,100,99903,100,100096,100,99896,100,100101,100,99888,100
2019-06-28 09:36:20.000000000,100004,167,99978,167,100014,167,99969,167,100041,167,99955,167,100046,167,99948,167,100056,167,99923,167,100079,100,99911,100,100088,100,99905,100,100094,100,99903,100,100096,100,99896,100,100101,100,99888,100
2019-06-28 09:36:27.551044431,100004,167,99983,100,100014,167,99978,167,100041,167,99969,167,100046,167,99955,167,100056,167,99948,167,100079,100,99923,167,100088,100,99911,100,100094,100,99905,100,100101,100,99903,100,100103,100,99896,100
2019-06-28 09:36:30.000000000,100004,436,99983,436,100014,100,99978,100,100041,100,99969,100,100046,100,99955,100,100056,100,99948,100,100079,100,99923,100,100088,100,99911,100,100094,100,99905,100,100101,100,99903,100,100103,100,99896,100
2019-06-28 09:36:40.000000000,100004,184,99983,184,100014,184,99978,184,100041,184,99969,184,100046,184,99955,184,100056,100,99948,100,100079,100,99923,100,100088,100,99911,100,100094,100,99905,100,100101,100,99903,100,100103,100,99896,100
2019-06-28 09:36:44.604178307,100004,84,99983,184,100014,184,99978,184,100041,184,99969,184,100046,184,99955,184,100079,100,99948,100,100088,100,99923,100,100094,100,99911,100,100101,100,99905,100,100103,100,99903,100,100106,100,99896,100
2019-06-28 09:36:50.000000000,100014,268,99983,268,100041,268,99978,268,100046,100,99969,100,100079,100,99955,100,100088,100,99948,100,100094,100,99923,100,100101,100,99911,100,100103,100,99905,100,100106,100,99903,100,100109,200,99896,100
2019-06-28 09:36:53.301484906,100014,168,99983,268,100041,268,99978,268,100046,100,99969,100,100079,100,99955,100,100088,100,99948,100,100094,100,99923,100,100101,100,99911,100,100103,100,99905,100,100106,100,99903,100,100109,200,99896,100
2019-06-28 09:36:54.151628560,100014,68,99983,268,100041,268,99978,268,100046,100,99969,100,100079,100,99955,100,100088,100,99948,100,100094,100,99923,100,100101,100,99911,100,100103,100,99905,100,100106,100,99903,100,100109,200,99896,100
2019-06-28 09:36:54.653456899,100041,268,100014,32,100046,100,99983,268,100079,100,99978,268,100088,100,99969,100,100094,100,99955,100,100101,100,99948,100,100106,100,99923,100,100109,200,99911,100,100117,100,99905,100,100122,100,99903,100
2019-06-28 09:37:00.000000000,100041,436,100014,368,100046,100,99983,100,100079,100,99978,100,100088,100,99969,100,100094,100,99955,100,100101,100,99948,100,100106,100,99923,100,100109,200,99911,100,100117,100,99905,100,100122,100,99903,100
2019-06-28 09:37:10.000000000,100041,268,100014,200,100046,268,99983,268,100079,100,99978,100,100088,100,99969,100,100094,100,99955,100,100101,100,99948,100,100106,100,99923,100,100109,200,99911,100,100117,100,99905,100,100122,100,99903,100
2019-06-28 09:37:11.461135286,100041,168,100014,200,100046,268,99983,268,100079,100,99978,100,100088,100,99969,100,100094,100,99955,100,100101,100,99948,100,100106,100,99923,100,100109,200,99911,100,100117,100,99905,100,100122,100,99903,100
2019-06-28 09:37:20.000000000,100046,184,100014,116,100079,184,99983,184,100088,184,99978,184,100094,184,99969,184,100101,100,99955,100,100106,100,99948,100,100109,200,99923,100,100117,100,99911,100,100122,100,99905,100,100132,100,99903,100
2019-06-28 09:37:30.000000000,100046,184,100014,116,100079,184,99983,184,100088,184,99978,184,100094,184,99969,184,100101,100,99955,100,100106,100,99948,100,100109,200,99923,100,100117,100,99911,100,100122,100,99905,100,100132,100,99903,100
2019-06-28 09:37:30.795736240,100046,84,100014,116,100079,184,99983,184,100088,184,99978,184,100094,184,99969,184,100101,100,99955,100,100106,100,99948,100,100109,200,99923,100,100117,100,99911,100,100122,100,99905,100,100132,100,99903,100
2019-06-28 09:37:38.755511598,100046,84,100014,116,100079,184,99983,184,100088,184,99978,184,100094,184,99969,184,100101,100,99955,100,100106,100,99948,100,100109,200,99923,100,100117,100,99911,100,100122,100,99905,100,100132,100,99903,100
2019-06-28 09:37:40.000000000,100079,268,100014,200,100088,268,99983,268,100094,100,99978,100,100101,100,99969,100,100106,100,99955,100,100109,200,99948,100,100117,100,99923,100,100122,100,99911,100,100132,100,99905,100,100202,100,99903,100
2019-06-28 09:37:50.000000000,100079,436,100014,368,100088,100,99983,100,100094,100,99978,100,100101,100,99969,100,100106,100,99955,100,100109,200,99948,100,100117,100,99923,100,100122,100,99911,100,100132,100,99905,100,100202,100,99903,100
2019-06-28 09:37:51.246992643,100079,336,100014,368,100088,100,99983,100,100094,100,99978,100,100101,100,99969,100,100106,100,99955,100,100109,200,99948,100,100117,100,99923,100,100122,100,99911,100,100132,100,99905,100,100202,100,99903,100
2019-06-28 09:38:00.000000000,100088,268,100014,200,100094,268,99983,268,100101,100,99978,100,100106,100,99969,100,100109,200,99955,100,100117,100,99948,100,100122,100,99923,100,100132,100,99911,100,100202,100,99905,100,101029,100,99903,100
2019-06-28 09:38:04.783716331,100088,168,100014,200,100094,268,99983,268,100101,100,99978,100,100106,100,99969,100,100109,200,99955,100,100117,100,99948,100,100122,100,99923,100,100132,100,99911,100,100202,100,99905,100,101029,100,99903,100
2019-06-28 09:38:07.398815583,100088,168,100014,200,100094,268,99983,268,100101,100,99978,100,100106,100,99969,100,100109,200,99955,100,100117,100,99948,100,100122,100,99923,100,100132,100,99911,100,100202,100,99905,100,101029,100,99903,100
2019-06-28 09:38:10.000000000,100094,268,100014,200,100101,268,99983,268,100106,100,99978,100,100109,200,99969,100,100117,100,99955,100,100122,100,99948,100,100132,100,99923,100,100202,100,99911,100,101029,100,99905,100,101368,100,99903,100
2019-06-28 09:38:11.079750993,100094,168,100014,200,100101,268,99983,268,100106,100,99978,100,100109,200,99969,100,100122,100,99955,100,100132,100,99948,100,100202,100,99923,100,101029,100,99911,100,101368,100,99905,100,101411,100,99903,100
2019-06-28 09:38:16.814208910,100094,68,100014,200,100101,268,99983,268,100106,100,99978,100,100109,200,99969,100,100122,100,99955,100,100132,100,99948,100,100202,100,99923,100,101029,100,99911,100,101368,100,99905,100,101411,100,99903,100
2019-06-28 09:38:20.000000000,100101,167,100014,99,100106,167,99983,167,100109,267,99978,167,100122,167,99969,167,100132,167,99955,167,100202,100,99948,100,101029,100,99923,100,101368,100,99911,100,101411,100,99905,100,101628,100,99903,100
2019-06-28 09:38:30.000000000,100101,214,100014,146,100106,211,99983,211,100109,311,99978,211,100122,100,99969,100,100132,100,99955,100,100202,100,99948,100,101029,100,99923,100,101368,100,99911,100,101411,100,99905,100,101628,100,99903,100
2019-06-28 09:38:35.202377711,100101,214,100014,146,100106,211,99983,211,100109,311,99978,211,100132,100,99969,100,100202,100,99955,100,101029,100,99948,100,101368,100,99923,100,101411,100,99911,100,101628,100,99905,100,101657,100,99903,100
2019-06-28 09:38:40.000000000,100101,436,100014,368,100106,100,99983,100,100109,200,99978,100,100132,100,99969,100,100202,100,99955,100,101029,100,99948,100,101368,100,99923,100,101411,100,99911,100,101628,100,99905,100,101657,100,99903,100
2019-06-28 09:38:43.572567662,100101,436,100094,100,100106,100,100014,368,100109,200,99983,100,100132,100,99978,100,100202,100,99969,100,101029,100,99955,100,101368,100,99948,100,101411,100,99923,100,101628,100,99911,100,101657,100,99905,100
2019-06-28 09:38:50.000000000,100101,214,100094,214,100106,211,100014,143,100109,311,99983,211,100132,100,99978,100,100202,100,99969,100,101029,100,99955,100,101368,100,99948,100,101411,100,99923,100,101628,100,99911,100,101657,100,99905,100
2019-06-28 09:39:00.000000000,100101,268,100094,268,100106,268,100014,200,100109,200,99983,100,100132,100,99978,100,100202,100,99969,100,101029,100,99955,100,101368,100,99948,100,101411,100,99923,100,101628,100,99911,100,101657,100,99905,100
2019-06-28 09:39:10.000000000,100101,167,100094,167,100106,167,100014,99,100109,267,99983,167,100132,167,99978,167,100202,167,99969,167,101029,100,99955,100,101368,100,99948,100,101411,100,99923,100,101628,100,99911,100,101657,100,99905,100
2019-06-28 09:39:13.526558237,100101,167,100094,267,100106,167,100014,99,100109,267,99983,167,100132,167,99978,167,100202,167,99969,167,101029,100,99955,100,101368,100,99948,100,101411,100,99923,100,101628,100,99911,100,101657,100,99905,100
2019-06-28 09:39:20.000000000,100101,167,100094,267,100106,167,100014,99,100109,267,99983,167,100132,167,99978,167,100202,167,99969,167,101029,100,99955,100,101368,100,99948,100,101411,100,99923,100,101628,100,99911,100,101657,100,99905,100
2019-06-28 09:39:30.000000000,100101,167,100094,267,100106,167,100014,99,100109,267,99983,167,100132,167,99978,167,100202,167,99969,167,101029,100,99955,100,101368,100,99948,100,101411,100,99923,100,101628,100,99911,100,101657,100,99905,100
2019-06-28 09:39:40.000000000,100101,268,100094,368,100106,268,100014,200,100109,200,99983,100,100132,100,99978,100,100202,100,99969,100,101029,100,99955,100,101368,100,99948,100,101411,100,99923,100,101628,100,99911,100,101657,100,99905,100
2019-06-28 09:39:50.000000000,100101,167,100094,267,100106,167,100014,99,100109,267,99983,167,100132,167,99978,167,100202,167,99969,167,101029,100,99955,100,101368,100,99948,100,101411,100,99923,100,101628,100,99911,100,101657,100,99905,100
2019-06-28 09:40:00.000000000,100101,268,100094,368,100106,268,100014,200,100109,200,99983,100,100132,100,99978,100,100202,100,99969,100,101029,100,99955,100,101368,100,99948,100,101411,100,99923,100,101628,100,99911,100,101657,100,99905,100
2019-06-28 09:40:10.000000000,100101,167,100094,267,100106,167,100014,99,100109,267,99983,167,100132,167,99978,167,100202,167,99969,167,101029,100,99955,100,101368,100,99948,100,101411,100,99923,100,101628,100,99911,100,101657,100,99905,100
2019-06-28 09:40:20.000000000,100101,184,100094,284,100106,184,100014,116,100109,284,99983,184,100132,184,99978,184,100202,100,99969,100,101029,100,99955,100,101368,100,99948,100,101411,100,99923,100,101628,100,99911,100,101657,100,99905,100
2019-06-28 09:40:29.161360279,100101,184,100094,384,100106,184,100014,116,100109,284,99983,184,100132,184,99978,184,100202,100,99969,100,101029,100,99955,100,101368,100,99948,100,101411,100,99923,100,101628,100,99911,100,101657,100,99905,100
2019-06-28 09:40:30.000000000,100101,214,100094,414,100106,211,100014,143,100109,311,99983,211,100132,100,99978,100,100202,100,99969,100,101029,100,99955,100,101368,100,99948,100,101411,100,99923,100,101628,100,99911,100,101657,100,99905,100
2019-06-28 09:40:38.453552134,100101,114,100094,414,100106,211,100014,143,100109,311,99983,211,100132,100,99978,100,100202,100,99969,100,101029,100,99955,100,101411,100,99948,100,101628,100,99923,100,101657,100,99911,100,101990,100,99905,100
2019-06-28 09:40:40.000000000,100106,436,100094,636,100109,200,100014,32,100132,100,99983,100,100202,100,99978,100,101029,100,99969,100,101411,100,99955,100,101628,100,99948,100,101657,100,99923,100,101990,100,99911,100,,,99905,100
2019-06-28 09:40:47.851911135,100106,336,100094,636,100109,200,100014,32,100132,100,99983,100,100202,100,99978,100,101029,100,99969,100,101411,100,99955,100,101628,100,99948,100,101990,100,99923,100,,,99911,100,,,99905,100
2019-06-28 09:40:50.000000000,100109,368,100094,468,100132,268,100014,200,100202,100,99983,100,101029,100,99978,100,101411,100,99969,100,101628,100,99955,100,101990,100,99948,100,,,99923,100,,,99911,100,,,99905,100
2019-06-28 09:41:00.000000000,100109,284,100094,384,100132,184,100014,116,100202,184,99983,184,101029,184,99978,184,101411,100,99969,100,101628,100,99955,100,101990,100,99948,100,,,99923,100,,,99911,100,,,99905,100
2019-06-28 09:41:03.016453459,100109,184,100094,384,100132,184,100014,116,100202,184,99983,184,101029,184,99978,184,101411,100,99969,100,101628,100,99955,100,101990,100,99948,100,,,99923,100,,,99911,100,,,99905,100
2019-06-28 09:41:10.000000000,100109,184,100094,384,100132,184,100014,116,100202,184,99983,184,101029,184,99978,184,101411,100,99969,100,101628,100,99955,100,101990,100,99948,100,,,99923,100,,,99911,100,,,99905,100
2019-06-28 09:41:11.355853667,100109,84,100094,384,100132,184,100014,116,100202,184,99983,184,101029,184,99978,184,101411,100,99969,100,101628,100,99955,100,101990,100,99948,100,,,99923,100,,,99911,100,,,99905,100
2019-06-28 09:41:12.637475302,100132,184,100109,16,100202,184,100094,384,101029,184,100014,116,101411,100,99983,184,101628,100,99978,184,101990,100,99969,100,,,99955,100,,,99948,100,,,99923,100,,,99911,100
2019-06-28 09:41:19.660231218,100132,84,100109,16,100202,184,100094,384,101029,184,100014,116,101628,100,99983,184,101990,100,99978,184,,,99969,100,,,99955,100,,,99948,100,,,99923,100,,,99911,100
2019-06-28 09:41:20.000000000,100202,214,100109,130,101029,211,100094,411,101628,211,100014,143,101990,100,99983,100,,,99978,100,,,99969,100,,,99955,100,,,99948,100,,,99923,100,,,99911,100
2019-06-28 09:41:28.752213023,100202,214,100109,130,101029,211,100094,411,101628,211,100014,143,101724,100,99983,100,101990,100,99978,100,,,99969,100,,,99955,100,,,99948,100,,,99923,100,,,99911,100
2019-06-28 09:41:30.000000000,100202,184,100109,100,101029,184,100094,384,101628,184,100014,116,101724,184,99983,184,101990,100,99978,100,,,99969,100,,,99955,100,,,99948,100,,,99923,100,,,99911,100
2019-06-28 09:41:31.545675729,100202,84,100109,100,101029,184,100094,384,101628,184,100014,116,101724,184,99983,184,101990,100,99978,100,,,99969,100,,,99955,100,,,99948,100,,,99923,100,,,99911,100
2019-06-28 09:41:40.000000000,101029,184,100109,100,101628,184,100094,384,101724,184,100014,116,101990,184,99983,184,,,99978,100,,,99969,100,,,99955,100,,,99948,100,,,99923,100,,,99911,100
2019-06-28 09:41:43.714698110,101029,84,100109,100,101628,184,100094,384,101724,184,100014,116,101990,184,99983,184,,,99978,100,,,99969,100,,,99955,100,,,99948,100,,,99923,100,,,99905,100
2019-06-28 09:41:50.000000000,101628,436,100109,352,101724,100,100094,300,101990,100,100014,32,,,99983,100,,,99978,100,,,99969,100,,,99955,100,,,99948,100,,,99923,100,,,99905,100
2019-06-28 09:42:00.000000000,101628,268,100109,184,101724,268,100094,468,101990,100,100014,32,,,99983,100,,,99978,100,,,99969,100,,,99955,100,,,99948,100,,,99923,100,,,99905,100
2019-06-28 09:42:05.344223659,101628,268,101212,100,101724,268,100109,168,101990,100,100094,468,,,100014,32,,,99983,100,,,99978,100,,,99969,100,,,99955,100,,,99948,100,,,99923,100
2019-06-28 09:42:06.703499172,101247,100,101212,100,101628,268,100109,168,101724,268,100094,468,101990,100,100014,32,,,99983,100,,,99978,100,,,99969,100,,,99955,100,,,99948,100,,,99923,100
2019-06-28 09:42:07.520399587,101247,100,101212,100,101374,100,100109,168,101628,268,100094,468,101724,268,100014,32,101990,100,99983,100,,,99978,100,,,99969,100,,,99955,100,,,99948,100,,,99923,100
2019-06-28 09:42:10.000000000,101247,436,101212,436,101374,100,100094,300,101628,100,100014,32,101724,100,99983,100,101990,100,99978,100,,,99969,100,,,99955,100,,,99948,100,,,99923,100,,,99905,100
2019-06-28 09:42:11.147328047,101247,436,101212,436,101374,100,100094,300,101485,100,100014,32,101628,100,99983,100,101724,100,99978,100,101990,100,99969,100,,,99955,100,,,99948,100,,,99923,100,,,99905,100
2019-06-28 09:42:12.351909712,101247,436,101212,436,101364,100,100094,300,101374,100,100014,32,101485,100,99983,100,101628,100,99978,100,101724,100,99969,100,101990,100,99955,100,,,99948,100,,,99923,100,,,99905,100
2019-06-28 09:42:20.000000000,101247,268,101212,268,101364,268,100094,468,101374,100,100014,32,101485,100,99983,100,101628,100,99978,100,101724,100,99969,100,101990,100,99955,100,,,99948,100,,,99923,100,,,99905,100
2019-06-28 09:42:30.000000000,101247,268,101212,268,101364,268,100094,468,101374,100,100014,32,101485,100,99983,100,101628,100,99978,100,101724,100,99969,100,101990,100,99955,100,,,99948,100,,,99923,100,,,99905,100
2019-06-28 09:42:40.000000000,101247,184,101212,184,101364,184,100094,384,101374,184,100014,116,101485,184,99983,184,101628,100,99978,100,101724,100,99969,100,101990,100,99955,100,,,99948,100,,,99923,100,,,99905,100
2019-06-28 09:42:50.000000000,101247,214,101212,214,101364,211,100094,411,101374,211,100014,143,101485,100,99983,100,101628,100,99978,100,101724,100,99969,100,101990,100,99955,100,,,99948,100,,,99923,100,,,99905,100
2019-06-28 09:43:00.000000000,101247,184,101212,184,101364,184,100094,384,101374,184,100014,116,101485,184,99983,184,101628,100,99978,100,101724,100,99969,100,101990,100,99955,100,,,99948,100,,,99923,100,,,99905,100
2019-06-28 09:43:05.325309379,101247,84,101212,184,101364,184,100094,384,101374,184,100014,116,101485,184,99983,184,101628,100,99978,100,101724,100,99969,100,101990,100,99955,100,,,99948,100,,,99923,100,,,99905,100
2019-06-28 09:43:06.493561968,101364,184,101247,16,101374,184,101212,184,101485,184,100094,384,101628,100,100014,116,101724,100,99983,184,101990,100,99978,100,,,99969,100,,,99955,100,,,99948,100,,,99923,100
2019-06-28 09:43:10.000000000,101364,167,101247,83,101374,167,101212,167,101485,167,100094,367,101628,167,100014,99,101724,167,99983,167,101990,100,99978,100,,,99969,100,,,99955,100,,,99948,100,,,99923,100
2019-06-28 09:43:20.000000000,101364,184,101247,100,101374,184,101212,184,101485,184,100094,384,101628,184,100014,116,101724,100,99983,100,101990,100,99978,100,,,99969,100,,,99955,100,,,99948,100,,,99923,100
2019-06-28 09:43:20.059707862,101364,184,101263,100,101374,184,101247,100,101485,184,101212,184,101628,184,100094,384,101724,100,100014,116,101990,100,99983,100,,,99978,100,,,99969,100,,,99955,100,,,99948,100
2019-06-28 09:43:30.000000000,101364,436,101263,436,101374,100,101247,16,101485,100,101212,100,101628,100,100094,300,101724,100,100014,32,101990,100,99983,100,,,99978,100,,,99969,100,,,99955,100,,,99948,100
2019-06-28 09:43:37.019264483,101364,436,101263,436,101374,100,101247,16,101485,100,101212,100,101595,100,100094,300,101724,100,100014,32,101990,100,99983,100,,,99978,100,,,99969,100,,,99955,100,,,99948,100
2019-06-28 09:43:40.000000000,101364,268,101263,268,101374,268,101247,184,101485,100,101212,100,101595,100,100094,300,101724,100,100014,32,101990,100,99983,100,,,99978,100,,,99969,100,,,99955,100,,,99948,100
2019-06-28 09:43:50.000000000,101364,167,101263,167,101374,167,101247,83,101485,167,101212,167,101595,167,100094,367,101724,167,100014,99,101990,100,99983,100,,,99978,100,,,99969,100,,,99955,100,,,99948,100
2019-06-28 09:44:00.000000000,101364,214,101263,214,101374,211,101247,127,101485,211,101212,211,101595,100,100094,300,101724,100,100014,32,101990,100,99983,100,,,99978,100,,,99969,100,,,99955,100,,,99948,100
2019-06-28 09:44:10.000000000,101364,214,101263,214,101374,211,101247,127,101485,211,101212,211,101595,100,100094,300,101724,100,100014,32,101990,100,99983,100,,,99978,100,,,99969,100,,,99955,100,,,99948,100
2019-06-28 09:44:20.000000000,101364,214,101263,214,101374,211,101247,127,101485,211,101212,211,101595,100,100094,300,101724,100,100014,32,101990,100,99983,100,,,99978,100,,,99969,100,,,99955,100,,,99948,100
2019-06-28 09:44:25.271251049,101364,214,101263,214,101374,211,101247,127,101485,211,101212,211,101595,100,100539,100,101724,100,100094,300,101990,100,100014,32,,,99983,100,,,99978,100,,,99969,100,,,99955,100
2019-06-28 09:44:30.000000000,101364,167,101263,167,101374,167,101247,83,101485,167,101212,167,101595,167,100539,167,101724,167,100094,367,101990,100,100014,32,,,99983,100,,,99978,100,,,99969,100,,,99955,100
2019-06-28 09:44:40.000000000,101364,268,101263,268,101374,268,101247,184,101485,100,101212,100,101595,100,100539,100,101724,100,100094,300,101990,100,100014,32,,,99983,100,,,99978,100,,,99969,100,,,99955,100
2019-06-28 09:44:50.000000000,101364,436,101263,436,101374,100,101247,16,101485,100,101212,100,101595,100,100539,100,101724,100,100094,300,101990,100,100014,32,,,99983,100,,,99978,100,,,99969,100,,,99955,100
2019-06-28 09:45:00.000000000,101364,436,101263,436,101374,100,101247,16,101485,100,101212,100,101595,100,100539,100,101724,100,100094,300,101990,100,100014,32,,,99983,100,,,99978,100,,,99969,100,,,99955,100
2019-06-28 09:45:05.947249669,101364,436,101263,436,101374,100,101247,16,101485,100,101212,100,101595,100,100539,100,101724,100,100094,300,101990,100,100058,100,,,100014,32,,,99983,100,,,99978,100,,,99969,100
2019-06-28 09:45:10.000000000,101364,167,101263,167,101374,167,101247,83,101485,167,101212,167,101595,167,100539,167,101724,167,100094,367,101990,100,100058,100,,,100014,32,,,99983,100,,,99978,100,,,99969,100
2019-06-28 09:45:10.066625805,101364,167,101263,67,101374,167,101247,83,101485,167,101212,167,101595,167,100539,167,101724,167,100094,267,101990,100,100058,100,,,100014,32,,,99983,100,,,99978,100,,,99969,100
2019-06-28 09:45:20.000000000,101364,184,101247,100,101374,184,101212,184,101485,184,100539,184,101595,184,100094,284,101724,100,100058,100,101990,100,100014,32,,,99983,100,,,99978,100,,,99969,100,,,99955,100
2019-06-28 09:45:29.662375206,101364,184,101212,184,101374,184,100539,184,101485,184,100094,284,101595,184,100058,100,101724,100,100014,32,101990,100,99983,100,,,99978,100,,,99969,100,,,99955,100,,,99948,100
2019-06-28 09:45:30.000000000,101364,436,101212,436,101374,100,100539,100,101485,100,100094,200,101595,100,100058,100,101724,100,100014,32,101990,100,99983,100,,,99978,100,,,99969,100,,,99955,100,,,99948,100
2019-06-28 09:45:30.566379466,101364,436,101212,436,101374,100,100539,100,101485,100,100094,200,101595,100,100065,100,101724,100,100058,100,101990,100,100014,32,,,99983,100,,,99978,100,,,99969,100,,,99955,100
2019-06-28 09:45:37.680205735,101364,436,101212,436,101374,100,100539,100,101485,100,100094,200,101595,100,100065,100,101724,100,100058,100,101990,100,99983,100,,,99978,100,,,99969,100,,,99962,100,,,99955,100
2019-06-28 09:45:40.000000000,101364,214,101212,214,101374,211,100539,211,101485,211,100094,311,101595,100,100065,100,101724,100,100058,100,101990,100,99983,100,,,99978,100,,,99969,100,,,99962,100,,,99955,100
2019-06-28 09:45:50.000000000,101364,436,101212,436,101374,100,100539,100,101485,100,100094,200,101595,100,100065,100,101724,100,100058,100,101990,100,99983,100,,,99978,100,,,99969,100,,,99962,100,,,99955,100
2019-06-28 09:46:00.000000000,101364,167,101212,167,101374,167,100539,167,101485,167,100094,267,101595,167,100065,167,101724,167,100058,167,101990,100,99983,100,,,99978,100,,,99969,100,,,99962,100,,,99955,100
2019-06-28 09:46:10.000000000,101364,436,101212,436,101374,100,100539,100,101485,100,100094,200,101595,100,100065,100,101724,100,100058,100,101990,100,99983,100,,,99978,100,,,99969,100,,,99962,100,,,99955,100
2019-06-28 09:46:20.000000000,101364,436,101212,436,101374,100,100539,100,101485,100,100094,200,101595,100,100065,100,101724,100,100058,100,101990,100,99983,100,,,99978,100,,,99969,100,,,99962,100,,,99955,100
2019-06-28 09:46:30.000000000,101364,167,101212,167,101374,167,100539,167,101485,167,100094,267,101595,167,100065,167,101724,167,100058,167,101990,100,99983,100,,,99978,100,,,99969,100,,,99962,100,,,99955,100
2019-06-28 09:46:39.164040820,101263,100,101212,167,101364,167,100539,167,101374,167,100094,267,101485,167,100065,167,101595,167,100058,167,101724,167,99983,100,101990,100,99978,100,,,99969,100,,,99962,100,,,99955,100
2019-06-28 09:46:40.000000000,101263,184,101212,184,101364,184,100539,184,101374,184,100094,284,101485,184,100065,184,101595,100,100058,100,101724,100,99983,100,101990,100,99978,100,,,99969,100,,,99962,100,,,99955,100
2019-06-28 09:46:42.652386008,101263,184,101212,84,101364,184,100539,184,101374,184,100094,284,101485,184,100065,184,101595,100,99983,100,101724,100,99978,100,101990,100,99969,100,,,99962,100,,,99955,100,,,99948,100
2019-06-28 09:46:43.468966989,101247,100,101212,84,101263,184,100539,184,101364,184,100094,284,101374,184,100065,184,101485,184,99983,100,101595,100,99978,100,101724,100,99969,100,101990,100,99962,100,,,99955,100,,,99948,100
2019-06-28 09:46:50.000000000,101247,167,100539,167,101263,167,100094,267,101364,167,100065,167,101374,167,99983,167,101485,167,99978,167,101595,100,99969,100,101724,100,99962,100,101990,100,99955,100,,,99948,100,,,99923,100
2019-06-28 09:46:52.105569556,101247,167,100539,67,101263,167,100094,267,101364,167,100065,167,101374,167,99983,167,101485,167,99978,167,101595,100,99969,100,101724,100,99962,100,101990,100,99955,100,,,99948,100,,,99923,100
2019-06-28 09:47:00.000000000,101247,214,100094,314,101263,211,100065,211,101364,211,99983,211,101374,100,99978,100,101485,100,99969,100,101595,100,99962,100,101724,100,99955,100,101990,100,99948,100,,,99923,100,,,99903,100
2019-06-28 09:47:01.270337576,101247,214,100094,314,101263,211,100065,211,101364,211,99983,211,101374,100,99978,100,101485,100,99969,100,101595,100,99962,100,101724,100,99955,100,101990,100,99948,100,,,99923,100,,,99903,100
2019-06-28 09:47:01.710365973,101247,214,100094,314,101263,211,100065,211,101364,211,99983,211,101374,100,99978,100,101485,100,99969,100,101595,100,99962,100,101724,100,99955,100,101990,100,99948,100,,,99923,100,,,99903,100
2019-06-28 09:47:10.000000000,101247,436,100094,536,101263,100,100065,100,101364,100,99983,100,101374,100,99978,100,101485,100,99969,100,101595,100,99962,100,101724,100,99955,100,101990,100,99948,100,,,99923,100,,,99903,100
2019-06-28 09:47:20.000000000,101247,184,100094,284,101263,184,100065,184,101364,184,99983,184,101374,184,99978,184,101485,100,99969,100,101595,100,99962,100,101724,100,99955,100,101990,100,99948,100,,,99923,100,,,99903,100
2019-06-28 09:47:30.000000000,101247,214,100094,314,101263,211,100065,211,101364,211,99983,211,101374,100,99978,100,101485,100,99969,100,101595,100,99962,100,101724,100,99955,100,101990,100,99948,100,,,99923,100,,,99903,100
2019-06-28 09:47:40.000000000,101247,167,100094,267,101263,167,100065,167,101364,167,99983,167,101374,167,99978,167,101485,167,99969,167,101595,100,99962,100,101724,100,99955,100,101990,100,99948,100,,,99923,100,,,99903,100
2019-06-28 09:47:50.000000000,101247,214,100094,314,101263,211,100065,211,101364,211,99983,211,101374,100,99978,100,101485,100,99969,100,101595,100,99962,100,101724,100,99955,100,101990,100,99948,100,,,99923,100,,,99903,100
2019-06-28 09:47:53.447207242,101247,214,100094,214,101263,211,100065,211,101364,211,99983,211,101374,100,99978,100,101595,100,99969,100,101724,100,99962,100,101990,100,99955,100,,,99948,100,,,99923,100,,,99903,100
2019-06-28 09:48:00.000000000,101247,436,100094,436,101263,100,100065,100,101364,100,99983,100,101374,100,99978,100,101595,100,99969,100,101724,100,99962,100,101990,100,99955,100,,,99948,100,,,99923,100,,,99903,100
2019-06-28 09:48:10.000000000,101247,436,100094,436,101263,100,100065,100,101364,100,99983,100,101374,100,99978,100,101595,100,99969,100,101724,100,99962,100,101990,100,99955,100,,,99948,100,,,99923,100,,,99903,100
2019-06-28 09:48:20.000000000,101247,167,100094,167,101263,167,100065,167,101364,167,99983,167,101374,167,99978,167,101595,167,99969,167,101724,100,99962,100,101990,100,99955,100,,,99948,100,,,99923,100,,,99903,100
2019-06-28 09:48:23.422932818,101247,167,100094,167,101263,167,100065,67,101364,167,99983,167,101374,167,99978,167,101595,167,99969,167,101724,100,99962,100,101990,100,99955,100,,,99948,100,,,99923,100,,,99903,100
2019-06-28 09:48:30.000000000,101247,268,100094,268,101263,268,99983,268,101364,100,99978,100,101374,100,99969,100,101595,100,99962,100,101724,100,99955,100,101990,100,99948,100,,,99923,100,,,99903,100,,,99863,100
2019-06-28 09:48:35.079777219,100539,100,100094,268,101247,268,99983,268,101263,268,99978,100,101364,100,99969,100,101374,100,99962,100,101595,100,99955,100,101724,100,99948,100,101990,100,99923,100,,,99903,100,,,99863,100
2019-06-28 09:48:40.000000000,100539,214,100094,214,101247,211,99983,211,101263,211,99978,211,101364,100,99969,100,101374,100,99962,100,101595,100,99955,100,101724,100,99948,100,101990,100,99923,100,,,99903,100,,,99863,100
2019-06-28 09:48:42.961309483,100539,214,100094,114,101247,211,99983,211,101263,211,99978,211,101364,100,99969,100,101374,100,99962,100,101595,100,99955,100,101724,100,99948,100,101990,100,99923,100,,,99903,100,,,99863,100
2019-06-28 09:48:50.000000000,100539,436,99983,436,101247,100,99978,100,101263,100,99969,100,101364,100,99962,100,101374,100,99955,100,101595,100,99948,100,101724,100,99923,100,101990,100,99903,100,,,99863,100,,,99838,100
2019-06-28 09:48:59.219376493,100094,100,99983,436,100539,436,99978,100,101247,100,99969,100,101263,100,99962,100,101364,100,99955,100,101374,100,99948,100,101595,100,99923,100,101724,100,99903,100,101990,100,99863,100,,,99838,100
2019-06-28 09:49:00.000000000,100094,214,99983,214,100539,211,99978,211,101247,211,99969,211,101263,100,99962,100,101364,100,99955,100,101374,100,99948,100,101595,100,99923,100,101724,100,99903,100,101990,100,99863,100,,,99838,100
2019-06-28 09:49:01.251487569,100094,214,99983,114,100539,211,99978,211,101247,211,99969,211,101263,100,99962,100,101364,100,99955,100,101374,100,99948,100,101595,100,99923,100,101724,100,99903,100,101990,100,99863,100,,,99838,100
2019-06-28 09:49:10.000000000,100094,436,99978,436,100539,100,99969,100,101247,100,99962,100,101263,100,99955,100,101364,100,99948,100,101374,100,99923,100,101595,100,99903,100,101724,100,99863,100,101990,100,99838,100,,,99836,100
2019-06-28 09:49:11.524319666,100094,436,99978,436,100539,100,99969,100,101263,100,99962,100,101364,100,99955,100,101374,100,99948,100,101595,100,99923,100,101724,100,99903,100,101990,100,99863,100,,,99838,100,,,99836,100
2019-06-28 09:49:17.913454419,100094,436,99978,436,100539,100,99962,100,101263,100,99955,100,101364,100,99948,100,101374,100,99923,100,101595,100,99903,100,101724,100,99863,100,101990,100,99838,100,,,99836,100,,,99832,100
2019-06-28 09:49:20.000000000,100094,214,99978,214,100539,211,99962,211,101263,211,99955,211,101364,100,99948,100,101374,100,99923,100,101595,100,99903,100,101724,100,99863,100,101990,100,99838,100,,,99836,100,,,99832,100
2019-06-28 09:49:30.000000000,100094,167,99978,167,100539,167,99962,167,101263,167,99955,167,101364,167,99948,167,101374,167,99923,167,101595,100,99903,100,101724,100,99863,100,101990,100,99838,100,,,99836,100,,,99832,100
2019-06-28 09:49:40.000000000,100094,268,99978,268,100539,268,99962,268,101263,100,99955,100,101364,100,99948,100,101374,100,99923,100,101595,100,99903,100,101724,100,99863,100,101990,100,99838,100,,,99836,100,,,99832,100
2019-06-28 09:49:50.000000000,100094,184,99978,184,100539,184,99962,184,101263,184,99955,184,101364,184,99948,184,101374,100,99923,100,101595,100,99903,100,101724,100,99863,100,101990,100,99838,100,,,99836,100,,,99832,100
2019-06-28 09:49:53.561808100,100094,184,100007,100,100539,184,99978,184,101263,184,99962,184,101364,184,99955,184,101374,100,99948,184,101595,100,99923,100,101724,100,99903,100,101990,100,99863,100,,,99838,100,,,99836,100
2019-06-28 09:50:00.000000000,100094,167,100007,167,100539,167,99978,167,101263,167,99962,167,101364,167,99955,167,101374,167,99948,167,101595,100,99923,100,101724,100,99903,100,101990,100,99863,100,,,99838,100,,,99836,100
2019-06-28 09:50:10.000000000,100094,436,100007,436,100539,100,99978,100,101263,100,99962,100,101364,100,99955,100,101374,100,99948,100,101595,100,99923,100,101724,100,99903,100,101990,100,99863,100,,,99838,100,,,99836,100
2019-06-28 09:50:16.658271968,100094,336,100007,436,100539,100,99978,100,101263,100,99962,100,101364,100,99955,100,101374,100,99948,100,101595,100,99923,100,101724,100,99903,100,101990,100,99863,100,,,99836,100,,,99832,100
2019-06-28 09:50:20.000000000,100539,184,100007,184,101263,184,99978,184,101364,184,99962,184,101374,184,99955,184,101595,100,99948,100,101724,100,99923,100,101990,100,99903,100,,,99863,100,,,99836,100,,,99832,100
2019-06-28 09:50:27.335721286,100073,100,100007,184,100539,184,99978,184,101263,184,99962,184,101364,184,99955,184,101374,184,99948,100,101595,100,99923,100,101724,100,99903,100,101990,100,99863,100,,,99836,100,,,99832,100
2019-06-28 09:50:30.000000000,100073,268,100007,268,100539,268,99978,268,101263,100,99962,100,101364,100,99955,100,101374,100,99948,100,101595,100,99923,100,101724,100,99903,100,101990,100,99863,100,,,99836,100,,,99832,100
2019-06-28 09:50:37.017101465,100073,268,100007,268,100093,100,99978,268,100539,268,99962,100,101263,100,99955,100,101364,100,99948,100,101374,100,99923,100,101595,100,99903,100,101724,100,99863,100,101990,100,99836,100,,,99832,100
2019-06-28 09:50:40.000000000,100073,167,100007,167,100093,167,99978,167,100539,167,99962,167,101263,167,99955,167,101364,167,99948,167,101374,100,99923,100,101595,100,99903,100,101724,100,99863,100,101990,100,99836,100,,,99832,100
2019-06-28 09:50:48.033169593,100073,167,100007,67,100093,167,99978,167,100539,167,99962,167,101263,167,99955,167,101364,167,99948,167,101374,100,99923,100,101595,100,99903,100,101990,100,99863,100,,,99836,100,,,99832,100
2019-06-28 09:50:50.000000000,100073,214,99978,214,100093,211,99962,211,100539,211,99955,211,101263,100,99948,100,101364,100,99923,100,101374,100,99903,100,101595,100,99863,100,101990,100,99836,100,,,99832,100,,,99831,100
2019-06-28 09:50:51.088287957,100072,100,99978,214,100073,214,99962,211,100093,211,99955,211,100539,211,99948,100,101263,100,99923,100,101364,100,99903,100,101374,100,99863,100,101595,100,99836,100,101990,100,99832,100,,,99831,100
2019-06-28 09:50:53.420124985,100072,100,99978,114,100073,214,99962,211,100093,211,99955,211,100539,211,99948,100,101263,100,99923,100,101364,100,99863,100,101374,100,99836,100,101595,100,99832,100,101990,100,99831,100,,,99811,100
2019-06-28 09:51:00.000000000,100072,436,99962,436,100073,100,99955,100,100093,100,99948,100,100539,100,99923,100,101263,100,99863,100,101364,100,99836,100,101374,100,99832,100,101595,100,99831,100,101990,100,99811,100,,,99727,100
2019-06-28 09:51:10.000000000,100072,214,99962,214,100073,211,99955,211,100093,211,99948,211,100539,100,99923,100,101263,100,99863,100,101364,100,99836,100,101374,100,99832,100,101595,100,99831,100,101990,100,99811,100,,,99727,100
2019-06-28 09:51:16.006756008,100072,214,99962,114,100073,211,99955,211,100093,211,99948,211,100539,100,99923,100,101263,100,99863,100,101364,100,99836,100,101374,100,99832,100,101595,100,99831,100,101990,100,99811,100,,,99727,100
2019-06-28 09:51:18.758210741,100072,214,99962,114,100073,211,99955,211,100093,211,99948,211,100539,100,99923,100,101263,100,99863,100,101364,100,99836,100,101374,100,99832,100,101595,100,99831,100,101990,100,99811,100,,,99579,200
2019-06-28 09:51:20.000000000,100072,184,99955,184,100073,184,99948,184,100093,184,99923,184,100539,184,99863,184,101263,100,99836,100,101364,100,99832,100,101374,100,99831,100,101595,100,99811,100,101990,100,99579,200,,,,
2019-06-28 09:51:30.000000000,100072,268,99955,268,100073,268,99948,268,100093,100,99923,100,100539,100,99863,100,101263,100,99836,100,101364,100,99832,100,101374,100,99831,100,101595,100,99811,100,101990,100,99579,200,,,,
2019-06-28 09:51:40.000000000,100072,268,99955,268,100073,268,99948,268,100093,100,99923,100,100539,100,99863,100,101263,100,99836,100,101364,100,99832,100,101374,100,99831,100,101595,100,99811,100,101990,100,99579,200,,,,
2019-06-28 09:51:40.749150130,100072,268,99955,268,100073,268,99948,268,100093,100,99923,100,100539,100,99863,100,101263,100,99836,100,101364,100,99832,100,101374,100,99831,100,101595,100,99811,100,101990,100,99614,100,,,99579,200
2019-06-28 09:51:41.051632397,100072,268,99955,168,100073,268,99948,268,100093,100,99923,100,100539,100,99863,100,101263,100,99836,100,101364,100,99832,100,101374,100,99831,100,101595,100,99811,100,101990,100,99614,100,,,99579,200
2019-06-28 09:51:45.922685946,100072,268,99955,168,100073,268,99948,268,100093,100,99923,100,100539,100,99863,100,101263,100,99836,100,101364,100,99832,100,101374,100,99811,100,101595,100,99614,100,101990,100,99579,200,,,99337,100
2019-06-28 09:51:49.399385362,99962,100,99955,168,100072,268,99948,268,100073,268,99923,100,100093,100,99863,100,100539,100,99836,100,101263,100,99832,100,101364,100,99811,100,101374,100,99614,100,101595,100,99579,200,101990,100,99337,100
2019-06-28 09:51:50.000000000,99962,214,99948,214,100072,211,99923,211,100073,211,99863,211,100093,100,99836,100,100539,100,99832,100,101263,100,99811,100,101364,100,99614,100,101374,100,99579,200,101595,100,99337,100,101990,100,,
2019-06-28 09:52:00.000000000,99962,214,99948,214,100072,211,99923,211,100073,211,99863,211,100093,100,99836,100,100539,100,99832,100,101263,100,99811,100,101364,100,99614,100,101374,100,99579,200,101595,100,99337,100,101990,100,,
2019-06-28 09:52:06.568513323,99962,214,99948,114,100072,211,99923,211,100073,211,99863,211,100093,100,99836,100,100539,100,99832,100,101263,100,99811,100,101364,100,99614,100,101374,100,99579,200,101595,100,99337,100,101990,100,,
2019-06-28 09:52:10.000000000,99962,214,99923,214,100072,211,99863,211,100073,211,99836,211,100093,100,99832,100,100539,100,99811,100,101263,100,99614,100,101364,100,99579,200,101374,100,99337,100,101595,100,,,101990,100,,
2019-06-28 09:52:11.326939358,99962,214,99923,214,100072,211,99863,211,100073,211,99836,211,100093,100,99832,100,100539,100,99811,100,101263,100,99701,100,101364,100,99614,100,101374,100,99579,200,101595,100,99337,100,101990,100,,
2019-06-28 09:52:20.000000000,99962,167,99923,167,100072,167,99863,167,100073,167,99836,167,100093,167,99832,167,100539,167,99811,167,101263,100,99701,100,101364,100,99614,100,101374,100,99579,200,101595,100,99337,100,101990,100,,
2019-06-28 09:52:28.386284064,99955,100,99923,167,99962,167,99863,167,100072,167,99836,167,100073,167,99832,167,100093,167,99811,167,100539,167,99701,100,101263,100,99614,100,101364,100,99579,200,101374,100,99337,100,101595,100,,
2019-06-28 09:52:29.089534400,99955,200,99923,167,99962,167,99863,167,100072,167,99836,167,100073,167,99832,167,100093,167,99811,167,100539,167,99701,100,101263,100,99614,100,101364,100,99579,200,101374,100,99337,100,101595,100,,
2019-06-28 09:52:30.000000000,99955,284,99923,184,99962,184,99863,184,100072,184,99836,184,100073,184,99832,184,100093,100,99811,100,100539,100,99701,100,101263,100,99614,100,101364,100,99579,200,101374,100,99337,100,101595,100,,
2019-06-28 09:52:32.652493997,99955,284,99923,84,99962,184,99863,184,100072,184,99836,184,100073,184,99832,184,100093,100,99811,100,100539,100,99701,100,101263,100,99614,100,101364,100,99579,200,101374,100,99337,100,101595,100,,
2019-06-28 09:52:40.000000000,99955,267,99863,167,99962,167,99836,167,100072,167,99832,167,100073,167,99811,167,100093,167,99701,167,100539,100,99614,100,101263,100,99579,200,101364,100,99337,100,101374,100,,,101595,100,,
2019-06-28 09:52:46.821616336,99955,267,99863,167,99962,167,99836,167,100072,167,99832,167,100073,167,99811,167,100093,167,99701,167,100539,100,99614,100,101263,100,99579,200,101364,100,99458,100,101374,100,99337,100,101595,100,,
2019-06-28 09:52:50.000000000,99955,314,99863,214,99962,211,99836,211,100072,211,99832,211,100073,100,99811,100,100093,100,99701,100,100539,100,99614,100,101263,100,99579,200,101364,100,99458,100,101374,100,99337,100,101595,100,,
2019-06-28 09:52:50.682797910,99955,314,99863,114,99962,211,99836,211,100072,211,99832,211,100073,100,99811,100,100093,100,99701,100,100539,100,99614,100,101263,100,99579,200,101364,100,99458,100,101374,100,99337,100,101595,100,,
2019-06-28 09:52:52.552124942,99924,100,99863,114,99955,314,99836,211,99962,211,99832,211,100072,211,99811,100,100073,100,99701,100,100093,100,99614,100,100539,100,99579,200,101263,100,99458,100,101364,100,99337,100,101374,100,,
2019-06-28 09:53:00.000000000,99924,167,99836,167,99955,267,99832,167,99962,167,99811,167,100072,167,99701,167,100073,167,99614,167,100093,100,99579,200,100539,100,99458,100,101263,100,99337,100,101364,100,,,101374,100,,
2019-06-28 09:53:02.177630187,99924,167,99836,167,99955,267,99832,167,99962,167,99811,167,100072,167,99797,100,100073,167,99701,167,100093,100,99614,167,100539,100,99579,200,101263,100,99458,100,101364,100,99337,100,101374,100,,
2019-06-28 09:53:05.677530361,99923,100,99836,167,99924,167,99832,167,99955,267,99811,167,99962,167,99797,100,100072,167,99701,167,100073,167,99614,167,100093,100,99579,200,100539,100,99458,100,101263,100,99337,100,101364,100,,
2019-06-28 09:53:10.000000000,99923,184,99836,184,99924,184,99832,184,99955,284,99811,184,99962,184,99797,184,100072,100,99701,100,100073,100,99614,100,100093,100,99579,200,100539,100,99458,100,101263,100,99337,100,101364,100,,
2019-06-28 09:53:20.000000000,99923,436,99836,436,99924,100,99832,100,99955,200,99811,100,99962,100,99797,100,100072,100,99701,100,100073,100,99614,100,100093,100,99579,200,100539,100,99458,100,101263,100,99337,100,101364,100,,
2019-06-28 09:53:30.000000000,99923,268,99836,268,99924,268,99832,268,99955,200,99811,100,99962,100,99797,100,100072,100,99701,100,100073,100,99614,100,100093,100,99579,200,100539,100,99458,100,101263,100,99337,100,101364,100,,
2019-06-28 09:53:31.586043790,99923,268,99836,268,99924,268,99832,268,99955,200,99811,100,100072,100,99797,100,100073,100,99701,100,100093,100,99614,100,100539,100,99579,200,101263,100,99458,100,101364,100,99337,100,101374,100,,
2019-06-28 09:53:40.000000000,99923,436,99836,436,99924,100,99832,100,99955,200,99811,100,100072,100,99797,100,100073,100,99701,100,100093,100,99614,100,100539,100,99579,200,101263,100,99458,100,101364,100,99337,100,101374,100,,
2019-06-28 09:53:50.000000000,99923,268,99836,268,99924,268,99832,268,99955,200,99811,100,100072,100,99797,100,100073,100,99701,100,100093,100,99614,100,100539,100,99579,200,101263,100,99458,100,101364,100,99337,100,101374,100,,
2019-06-28 09:53:54.660957199,99923,268,99836,268,99924,268,99832,268,99955,200,99811,100,100072,100,99797,100,100073,100,99701,100,100093,100,99658,100,100539,100,99614,100,101263,100,99579,200,101364,100,99458,100,101374,100,99337,100
2019-06-28 09:53:55.483880006,99923,368,99836,268,99924,268,99832,268,99955,200,99811,100,100072,100,99797,100,100073,100,99701,100,100093,100,99658,100,101263,100,99614,100,101364,100,99579,200,101374,100,99458,100,101595,100,99337,100
2019-06-28 09:54:00.000000000,99923,368,99836,268,99924,268,99832,268,99955,200,99811,100,100072,100,99797,100,100073,100,99701,100,100093,100,99658,100,101263,100,99614,100,101364,100,99579,200,101374,100,99458,100,101595,100,99337,100
2019-06-28 09:54:10.000000000,99923,284,99836,184,99924,184,99832,184,99955,284,99811,184,100072,184,99797,184,100073,100,99701,100,100093,100,99658,100,101263,100,99614,100,101364,100,99579,200,101374,100,99458,100,101595,100,99337,100
2019-06-28 09:54:13.431537360,99923,284,99836,84,99924,184,99832,184,99955,284,99811,184,100072,184,99797,184,100073,100,99701,100,100093,100,99658,100,101263,100,99614,100,101364,100,99579,200,101374,100,99458,100,101595,100,99337,100
2019-06-28 09:54:20.000000000,99923,284,99832,184,99924,184,99811,184,99955,284,99797,184,100072,184,99701,184,100073,100,99658,100,100093,100,99614,100,101263,100,99579,200,101364,100,99458,100,101374,100,99337,100,101595,100,,
2019-06-28 09:54:30.000000000,99923,368,99832,268,99924,268,99811,268,99955,200,99797,100,100072,100,99701,100,100073,100,99658,100,100093,100,99614,100,101263,100,99579,200,101364,100,99458,100,101374,100,99337,100,101595,100,,
2019-06-28 09:54:40.000000000,99923,284,99832,184,99924,184,99811,184,99955,284,99797,184,100072,184,99701,184,100073,100,99658,100,100093,100,99614,100,101263,100,99579,200,101364,100,99458,100,101374,100,99337,100,101595,100,,
2019-06-28 09:54:45.447731512,99863,100,99832,184,99923,284,99811,184,99924,184,99797,184,99955,284,99701,184,100072,184,99658,100,100073,100,99614,100,100093,100,99579,200,101263,100,99458,100,101364,100,99337,100,101374,100,,
2019-06-28 09:54:50.000000000,99863,184,99832,184,99923,284,99811,184,99924,184,99797,184,99955,284,99701,184,100072,100,99658,100,100073,100,99614,100,100093,100,99579,200,101263,100,99458,100,101364,100,99337,100,101374,100,,
2019-06-28 09:55:00.000000000,99863,184,99832,184,99923,284,99811,184,99924,184,99797,184,99955,284,99701,184,100072,100,99658,100,100073,100,99614,100,100093,100,99579,200,101263,100,99458,100,101364,100,99337,100,101374,100,,
2019-06-28 09:55:09.537182772,99863,84,99832,184,99923,284,99811,184,99924,184,99797,184,99955,284,99701,184,100072,100,99658,100,100073,100,99614,100,101263,100,99579,200,101364,100,99458,100,101374,100,99337,100,101595,100,,
2019-06-28 09:55:10.000000000,99923,536,99832,436,99924,100,99811,100,99955,200,99797,100,100072,100,99701,100,100073,100,99658,100,101263,100,99614,100,101364,100,99579,200,101374,100,99458,100,101595,100,99337,100,,,,
2019-06-28 09:55:10.272236647,99923,436,99832,436,99924,100,99811,100,99955,200,99797,100,100072,100,99701,100,100073,100,99658,100,101263,100,99614,100,101364,100,99579,200,101374,100,99458,100,101595,100,99337,100,,,,
2019-06-28 09:55:12.774051364,99923,336,99832,436,99924,100,99811,100,99955,200,99797,100,100072,100,99658,100,100073,100,99614,100,101263,100,99579,200,101364,100,99458,100,101374,100,99337,100,101595,100,,,,,,
2019-06-28 09:55:20.000000000,99924,436,99832,436,99955,200,99811,100,100072,100,99797,100,100073,100,99658,100,101263,100,99614,100,101364,100,99579,200,101374,100,99458,100,101595,100,99337,100,,,,,,,,
2019-06-28 09:55:30.000000000,99924,167,99832,167,99955,267,99811,167,100072,167,99797,167,100073,167,99658,167,101263,167,99614,167,101364,100,99579,200,101374,100,99458,100,101595,100,99337,100,,,,,,,,
2019-06-28 09:55:40.000000000,99924,167,99832,167,99955,267,99811,167,100072,167,99797,167,100073,167,99658,167,101263,167,99614,167,101364,100,99579,200,101374,100,99458,100,101595,100,99337,100,,,,,,,,
2019-06-28 09:55:50.000000000,99924,167,99832,167,99955,267,99811,167,100072,167,99797,167,100073,167,99658,167,101263,167,99614,167,101364,100,99579,200,101374,100,99458,100,101595,100,99337,100,,,,,,,,
2019-06-28 09:56:00.000000000,99924,167,99832,167,99955,267,99811,167,100072,167,99797,167,100073,167,99658,167,101263,167,99614,167,101364,100,99579,200,101374,100,99458,100,101595,100,99337,100,,,,,,,,
2019-06-28 09:56:10.000000000,99924,184,99832,184,99955,284,99811,184,100072,184,99797,184,100073,184,99658,184,101263,100,99614,100,101364,100,99579,200,101374,100,99458,100,101595,100,99337,100,,,,,,,,
2019-06-28 09:56:19.978664683,99924,184,99832,84,99955,284,99811,184,100072,184,99797,184,100073,184,99658,184,101263,100,99614,100,101364,100,99579,200,101374,100,99458,100,101595,100,99337,100,,,,,,,,
2019-06-28 09:56:20.000000000,99924,167,99811,167,99955,267,99797,167,100072,167,99658,167,100073,167,99614,167,101263,167,99579,267,101364,100,99458,100,101374,100,99337,100,101595,100,,,,,,,,,,
2019-06-28 09:56:30.000000000,99924,214,99811,214,99955,311,99797,211,100072,211,99658,211,100073,100,99614,100,101263,100,99579,200,101364,100,99458,100,101374,100,99337,100,101595,100,,,,,,,,,,
2019-06-28 09:56:40.000000000,99924,167,99811,167,99955,267,99797,167,100072,167,99658,167,100073,167,99614,167,101263,167,99579,267,101364,100,99458,100,101374,100,99337,100,101595,100,,,,,,,,,,
2019-06-28 09:56:50.000000000,99924,268,99811,268,99955,368,99797,268,100072,100,99658,100,100073,100,99614,100,101263,100,99579,200,101364,100,99458,100,101374,100,99337,100,101595,100,,,,,,,,,,
2019-06-28 09:57:00.000000000,99924,214,99811,214,99955,311,99797,211,100072,211,99658,211,100073,100,99614,100,101263,100,99579,200,101364,100,99458,100,101374,100,99337,100,101595,100,,,,,,,,,,
2019-06-28 09:57:10.000000000,99924,436,99811,436,99955,200,99797,100,100072,100,99658,100,100073,100,99614,100,101263,100,99579,200,101364,100,99458,100,101374,100,99337,100,101595,100,,,,,,,,,,
2019-06-28 09:57:16.400036312,99924,436,99811,436,99955,200,99797,100,100072,100,99658,100,100073,100,99614,100,101263,100,99579,200,101364,100,99528,100,101595,100,99458,100,,,99337,100,,,,,,,,
2019-06-28 09:57:20.000000000,99924,184,99811,184,99955,284,99797,184,100072,184,99658,184,100073,184,99614,184,101263,100,99579,200,101364,100,99528,100,101595,100,99458,100,,,99337,100,,,,,,,,
2019-06-28 09:57:30.000000000,99924,214,99811,214,99955,311,99797,211,100072,211,99658,211,100073,100,99614,100,101263,100,99579,200,101364,100,99528,100,101595,100,99458,100,,,99337,100,,,,,,,,
2019-06-28 09:57:40.000000000,99924,214,99811,214,99955,311,99797,211,100072,211,99658,211,100073,100,99614,100,101263,100,99579,200,101364,100,99528,100,101595,100,99458,100,,,99337,100,,,,,,,,
2019-06-28 09:57:44.620771141,99923,100,99811,214,99924,214,99797,211,99955,311,99658,211,100072,211,99614,100,100073,100,99579,200,101263,100,99528,100,101364,100,99458,100,101595,100,99337,100,,,,,,,,
2019-06-28 09:57:50.000000000,99923,436,99811,436,99924,100,99797,100,99955,200,99658,100,100072,100,99614,100,100073,100,99579,200,101263,100,99528,100,101364,100,99458,100,101595,100,99337,100,,,,,,,,
2019-06-28 09:57:57.772423069,99923,436,99811,336,99924,100,99797,100,99955,200,99658,100,100072,100,99614,100,100073,100,99579,200,101263,100,99528,100,101364,100,99458,100,101595,100,99337,100,,,,,,,,
2019-06-28 09:58:00.000000000,99923,214,99797,214,99924,211,99658,211,99955,311,99614,211,100072,100,99579,200,100073,100,99528,100,101263,100,99458,100,101364,100,99337,100,101595,100,,,,,,,,,,
2019-06-28 09:58:09.291178825,99923,214,99797,214,99924,211,99658,211,99955,311,99614,211,100072,100,99579,200,100073,100,99528,100,101263,100,99458,100,101364,100,99337,100,101595,100,99035,100,,,,,,,,
2019-06-28 09:58:10.000000000,99923,184,99797,184,99924,184,99658,184,99955,284,99614,184,100072,184,99579,284,100073,100,99528,100,101263,100,99458,100,101364,100,99337,100,101595,100,99035,100,,,,,,,,
2019-06-28 09:58:20.000000000,99923,167,99797,167,99924,167,99658,167,99955,267,99614,167,100072,167,99579,267,100073,167,99528,167,101263,100,99458,100,101364,100,99337,100,101595,100,99035,100,,,,,,,,
2019-06-28 09:58:30.000000000,99923,436,99797,436,99924,100,99658,100,99955,200,99614,100,100072,100,99579,200,100073,100,99528,100,101263,100,99458,100,101364,100,99337,100,101595,100,99035,100,,,,,,,,
2019-06-28 09:58:35.631869883,99923,436,99797,436,99924,100,99775,100,99955,200,99658,100,100072,100,99614,100,100073,100,99579,200,101263,100,99528,100,101364,100,99458,100,101595,100,99337,100,,,99035,100,,,,
2019-06-28 09:58:38.053021336,99923,436,99797,336,99924,100,99775,100,99955,200,99658,100,100072,100,99614,100,100073,100,99579,200,101263,100,99528,100,101364,100,99458,100,101595,100,99337,100,,,99035,100,,,,
2019-06-28 09:58:40.000000000,99923,436,99775,436,99924,100,99658,100,99955,200,99614,100,100072,100,99579,200,100073,100,99528,100,101263,100,99458,100,101364,100,99337,100,101595,100,99035,100,,,,,,,,
2019-06-28 09:58:50.000000000,99923,436,99775,436,99924,100,99658,100,99955,200,99614,100,100072,100,99579,200,100073,100,99528,100,101263,100,99458,100,101364,100,99337,100,101595,100,99035,100,,,,,,,,
2019-06-28 09:58:58.633193673,99868,100,99775,436,99923,436,99658,100,99924,100,99614,100,99955,200,99579,200,100072,100,99528,100,100073,100,99458,100,101263,100,99337,100,101364,100,99035,100,101595,100,,,,,,
2019-06-28 09:58:59.976113029,99923,436,99775,436,99924,100,99658,100,99955,200,99614,100,100072,100,99579,200,100073,100,99528,100,101263,100,99458,100,101364,100,99337,100,101595,100,99035,100,,,,,,,,
2019-06-28 09:59:00.000000000,99923,184,99775,184,99924,184,99658,184,99955,284,99614,184,100072,184,99579,284,100073,100,99528,100,101263,100,99458,100,101364,100,99337,100,101595,100,99035,100,,,,,,,,
2019-06-28 09:59:10.000000000,99923,214,99775,214,99924,211,99658,211,99955,311,99614,211,100072,100,99579,200,100073,100,99528,100,101263,100,99458,100,101364,100,99337,100,101595,100,99035,100,,,,,,,,
2019-06-28 09:59:20.000000000,99923,214,99775,214,99924,211,99658,211,99955,311,99614,211,100072,100,99579,200,100073,100,99528,100,101263,100,99458,100,101364,100,99337,100,101595,100,99035,100,,,,,,,,
2019-06-28 09:59:30.000000000,99923,268,99775,268,99924,268,99658,268,99955,200,99614,100,100072,100,99579,200,100073,100,99528,100,101263,100,99458,100,101364,100,99337,100,101595,100,99035,100,,,,,,,,
2019-06-28 09:59:39.322066250,99923,268,99798,100,99924,268,99775,268,99955,200,99658,268,100072,100,99614,100,100073,100,99579,200,101263,100,99528,100,101364,100,99458,100,101595,100,99337,100,,,99035,100,,,,
2019-06-28 09:59:40.000000000,99923,436,99798,436,99924,100,99775,100,99955,200,99658,100,100072,100,99614,100,100073,100,99579,200,101263,100,99528,100,101364,100,99458,100,101595,100,99337,100,,,99035,100,,,,
2019-06-28 09:59:42.233747744,99923,436,99798,536,99924,100,99775,100,99955,200,99658,100,100073,100,99614,100,101263,100,99579,200,101364,100,99528,100,101595,100,99458,100,,,99337,100,,,99035,100,,,,
2019-06-28 09:59:49.676479406,99923,436,99798,536,99924,100,99775,100,99955,200,99658,100,100073,100,99614,100,100670,100,99579,200,101263,100,99528,100,101364,100,99458,100,101595,100,99337,100,,,99035,100,,,,
2019-06-28 09:59:50.000000000,99923,184,99798,284,99924,184,99775,184,99955,284,99658,184,100073,184,99614,184,100670,100,99579,200,101263,100,99528,100,101364,100,99458,100,101595,100,99337,100,,,99035,100,,,,
2019-06-28 10:00:00.000000000,99923,436,99798,536,99924,100,99775,100,99955,200,99658,100,100073,100,99614,100,100670,100,99579,200,101263,100,99528,100,101364,100,99458,100,101595,100,99337,100,,,99035,100,,,,
2019-06-28 10:00:10.000000000,99923,214,99798,314,99924,211,99775,211,99955,311,99658,211,100073,100,99614,100,100670,100,99579,200,101263,100,99528,100,101364,100,99458,100,101595,100,99337,100,,,99035,100,,,,
2019-06-28 10:00:20.000000000,99923,268,99798,368,99924,268,99775,268,99955,200,99658,100,100073,100,99614,100,100670,100,99579,200,101263,100,99528,100,101364,100,99458,100,101595,100,99337,100,,,99035,100,,,,
2019-06-28 10:00:30.000000000,99923,167,99798,267,99924,167,99775,167,99955,267,99658,167,100073,167,99614,167,100670,167,99579,267,101263,100,99528,100,101364,100,99458,100,101595,100,99337,100,,,99035,100,,,,
2019-06-28 10:00:40.000000000,99923,167,99798,267,99924,167,99775,167,99955,267,99658,167,100073,167,99614,167,100670,167,99579,267,101263,100,99528,100,101364,100,99458,100,101595,100,99337,100,,,99035,100,,,,
2019-06-28 10:00:50.000000000,99923,436,99798,536,99924,100,99775,100,99955,200,99658,100,100073,100,99614,100,100670,100,99579,200,101263,100,99528,100,101364,100,99458,100,101595,100,99337,100,,,99035,100,,,,
2019-06-28 10:01:00.000000000,99923,184,99798,284,99924,184,99775,184,99955,284,99658,184,100073,184,99614,184,100670,100,99579,200,101263,100,99528,100,101364,100,99458,100,101595,100,99337,100,,,99035,100,,,,
2019-06-28 10:01:00.122608033,99923,184,99798,284,99924,184,99775,184,99955,284,99658,184,100073,84,99614,184,100381,100,99579,200,100670,100,99528,100,101263,100,99458,100,101364,100,99337,100,101595,100,99035,100,,,,
2019-06-28 10:01:10.000000000,99923,167,99798,267,99924,167,99775,167,99955,267,99658,167,100381,167,99614,167,100670,167,99579,267,101263,100,99528,100,101364,100,99458,100,101595,100,99337,100,,,99035,100,,,,
2019-06-28 10:01:10.238952107,99923,167,99798,267,99924,167,99775,167,99955,167,99658,167,100381,167,99614,167,100670,167,99579,267,101263,100,99528,100,101364,100,99458,100,101595,100,99337,100,,,99035,100,,,,
2019-06-28 10:01:11.532663539,99923,167,99798,267,99924,167,99775,167,99955,167,99658,167,100381,167,99614,167,100419,100,99579,267,100670,167,99528,100,101263,100,99458,100,101364,100,99337,100,101595,100,99035,100,,,,
2019-06-28 10:01:20.000000000,99923,167,99798,267,99924,167,99775,167,99955,167,99658,167,100381,167,99614,167,100419,167,99579,267,100670,100,99528,100,101263,100,99458,100,101364,100,99337,100,101595,100,99035,100,,,,
2019-06-28 10:01:30.000000000,99923,436,99798,536,99924,100,99775,100,99955,100,99658,100,100381,100,99614,100,100419,100,99579,200,100670,100,99528,100,101263,100,99458,100,101364,100,99337,100,101595,100,99035,100,,,,
2019-06-28 10:01:32.542048862,99923,336,99798,536,99924,100,99775,100,99955,100,99658,100,100381,100,99614,100,100419,100,99579,200,100670,100,99528,100,101263,100,99458,100,101364,100,99337,100,101595,100,99035,100,,,,
2019-06-28 10:01:34.044359342,99923,236,99798,536,99924,100,99658,100,99955,100,99614,100,100381,100,99579,200,100419,100,99528,100,100670,100,99458,100,101263,100,99337,100,101364,100,99035,100,101595,100,,,,,,
2019-06-28 10:01:40.000000000,99924,214,99798,314,99955,211,99658,211,100381,211,99614,211,100419,100,99579,200,100670,100,99528,100,101263,100,99458,100,101364,100,99337,100,101595,100,99035,100,,,,,,,,
2019-06-28 10:01:49.269578243,99924,214,99798,314,99955,211,99658,211,100110,100,99614,211,100381,211,99579,200,100419,100,99528,100,100670,100,99458,100,101263,100,99337,100,101364,100,99035,100,101595,100,,,,,,
2019-06-28 10:01:50.000000000,99924,268,99798,368,99955,268,99658,268,100110,100,99614,100,100381,100,99579,200,100419,100,99528,100,100670,100,99458,100,101263,100,99337,100,101364,100,99035,100,101595,100,,,,,,
2019-06-28 10:02:00.000000000,99924,184,99798,284,99955,184,99658,184,100110,184,99614,184,100381,184,99579,284,100419,100,99528,100,100670,100,99458,100,101263,100,99337,100,101364,100,99035,100,101595,100,,,,,,
2019-06-28 10:02:10.000000000,99924,268,99798,368,99955,268,99658,268,100110,100,99614,100,100381,100,99579,200,100419,100,99528,100,100670,100,99458,100,101263,100,99337,100,101364,100,99035,100,101595,100,,,,,,
2019-06-28 10:02:20.000000000,99924,268,99798,368,99955,268,99658,268,100110,100,99614,100,100381,100,99579,200,100419,100,99528,100,100670,100,99458,100,101263,100,99337,100,101364,100,99035,100,101595,100,,,,,,
2019-06-28 10:02:30.000000000,99924,184,99798,284,99955,184,99658,184,100110,184,99614,184,100381,184,99579,284,100419,100,99528,100,100670,100,99458,100,101263,100,99337,100,101364,100,99035,100,101595,100,,,,,,
2019-06-28 10:02:40.000000000,99924,268,99798,368,99955,268,99658,268,100110,100,99614,100,100381,100,99579,200,100419,100,99528,100,100670,100,99458,100,101263,100,99337,100,101364,100,99035,100,101595,100,,,,,,
2019-06-28 10:02:40.229750766,99924,268,99798,368,99955,268,99658,268,100013,100,99614,100,100110,100,99579,200,100381,100,99528,100,100419,100,99458,100,100670,100,99337,100,101263,100,99035,100,101364,100,,,101595,100,,
2019-06-28 10:02:50.000000000,99924,167,99798,267,99955,167,99658,167,100013,167,99614,167,100110,167,99579,267,100381,167,99528,167,100419,100,99458,100,100670,100,99337,100,101263,100,99035,100,101364,100,,,101595,100,,
2019-06-28 10:03:00.000000000,99924,268,99798,368,99955,268,99658,268,100013,100,99614,100,100110,100,99579,200,100381,100,99528,100,100419,100,99458,100,100670,100,99337,100,101263,100,99035,100,101364,100,,,101595,100,,
2019-06-28 10:03:04.598225851,99924,268,99798,368,99955,268,99658,268,100013,100,99614,100,100110,100,99579,200,100254,100,99528,100,100381,100,99458,100,100419,100,99337,100,100670,100,99035,100,101263,100,,,101364,100,,
2019-06-28 10:03:10.000000000,99924,268,99798,368,99955,268,99658,268,100013,100,99614,100,100110,100,99579,200,100254,100,99528,100,100381,100,99458,100,100419,100,99337,100,100670,100,99035,100,101263,100,,,101364,100,,
2019-06-28 10:03:13.238745430,99924,268,99798,368,99955,268,99658,268,100013,100,99614,100,100110,100,99579,200,100118,100,99528,100,100254,100,99458,100,100381,100,99337,100,100419,100,99035,100,100670,100,,,101263,100,,
2019-06-28 10:03:15.898488622,99924,268,99923,100,99955,268,99798,368,100013,100,99658,268,100110,100,99614,100,100118,100,99579,200,100254,100,99528,100,100381,100,99458,100,100419,100,99337,100,100670,100,99035,100,101364,100,,
2019-06-28 10:03:20.000000000,99924,167,99923,167,99955,167,99798,267,100013,167,99658,167,100110,167,99614,167,100118,167,99579,267,100254,100,99528,100,100381,100,99458,100,100419,100,99337,100,100670,100,99035,100,101364,100,,
2019-06-28 10:03:30.000000000,99924,436,99923,436,99955,100,99798,200,100013,100,99658,100,100110,100,99614,100,100118,100,99579,200,100254,100,99528,100,100381,100,99458,100,100419,100,99337,100,100670,100,99035,100,101364,100,,
2019-06-28 10:03:40.000000000,99924,436,99923,436,99955,100,99798,200,100013,100,99658,100,100110,100,99614,100,100118,100,99579,200,100254,100,99528,100,100381,100,99458,100,100419,100,99337,100,100670,100,99035,100,101364,100,,
2019-06-28 10:03:50.000000000,99924,184,99923,184,99955,184,99798,284,100013,184,99658,184,100110,184,99614,184,100118,100,99579,200,100254,100,99528,100,100381,100,99458,100,100419,100,99337,100,100670,100,99035,100,101364,100,,
2019-06-28 10:03:50.377139053,99924,184,99923,184,99955,184,99798,184,100013,184,99658,184,100110,184,99614,184,100118,100,99579,200,100254,100,99528,100,100381,100,99458,100,100419,100,99337,100,100670,100,99035,100,101364,100,,
2019-06-28 10:03:56.984794492,99924,184,99923,184,99955,184,99798,184,100013,184,99658,184,100110,184,99614,184,100254,100,99579,200,100381,100,99528,100,100419,100,99458,100,100670,100,99337,100,100824,100,99035,100,101364,100,,
2019-06-28 10:04:00.000000000,99924,436,99923,436,99955,100,99798,100,100013,100,99658,100,100110,100,99614,100,100254,100,99579,200,100381,100,99528,100,100419,100,99458,100,100670,100,99337,100,100824,100,99035,100,101364,100,,
2019-06-28 10:04:04.588826048,99924,336,99923,436,99955,100,99798,100,100110,100,99658,100,100254,100,99614,100,100381,100,99579,200,100419,100,99528,100,100670,100,99458,100,100824,100,99337,100,101364,100,99035,100,101595,100,,
2019-06-28 10:04:10.000000000,99955,436,99923,436,100110,100,99798,100,100254,100,99658,100,100381,100,99614,100,100419,100,99579,200,100670,100,99528,100,100824,100,99458,100,101364,100,99337,100,101595,100,99035,100,,,,
2019-06-28 10:04:20.000000000,99955,268,99923,268,100110,268,99798,268,100254,100,99658,100,100381,100,99614,100,100419,100,99579,200,100670,100,99528,100,100824,100,99458,100,101364,100,99337,100,101595,100,99035,100,,,,
2019-06-28 10:04:30.000000000,99955,268,99923,268,100110,268,99798,268,100254,100,99658,100,100381,100,99614,100,100419,100,99579,200,100670,100,99528,100,100824,100,99458,100,101364,100,99337,100,101595,100,99035,100,,,,
2019-06-28 10:04:40.000000000,99955,214,99923,214,100110,211,99798,211,100254,211,99658,211,100381,100,99614,100,100419,100,99579,200,100670,100,99528,100,100824,100,99458,100,101364,100,99337,100,101595,100,99035,100,,,,
2019-06-28 10:04:48.576884248,99955,114,99923,214,100110,211,99798,211,100254,211,99658,211,100381,100,99614,100,100419,100,99579,100,100670,100,99528,100,100824,100,99458,100,101364,100,99337,100,101595,100,99035,100,,,,
2019-06-28 10:04:49.331150086,99955,14,99923,214,100110,111,99798,211,100254,211,99658,211,100381,100,99614,100,100419,100,99579,100,100670,100,99528,100,100824,100,99458,100,101364,100,99337,100,101595,100,99035,100,,,,
2019-06-28 10:04:50.000000000,100254,436,99923,436,100381,100,99798,100,100419,100,99658,100,100670,100,99614,100,100824,100,99579,100,101364,100,99528,100,101595,100,99458,100,,,99337,100,,,99035,100,,,,
2019-06-28 10:04:52.873909605,100254,336,99923,436,100381,100,99798,100,100419,100,99658,100,100670,100,99614,100,100824,100,99579,100,101595,100,99528,100,,,99458,100,,,99337,100,,,99035,100,,,,
2019-06-28 10:05:00.000000000,100381,268,99923,268,100419,268,99798,268,100670,100,99658,100,100824,100,99614,100,101595,100,99579,100,,,99528,100,,,99458,100,,,99337,100,,,99035,100,,,,
2019-06-28 10:05:10.000000000,100381,268,99923,268,100419,268,99798,268,100670,100,99658,100,100824,100,99614,100,101595,100,99579,100,,,99528,100,,,99458,100,,,99337,100,,,99035,100,,,,
2019-06-28 10:05:20.000000000,100381,268,99923,268,100419,268,99798,268,100670,100,99658,100,100824,100,99614,100,101595,100,99579,100,,,99528,100,,,99458,100,,,99337,100,,,99035,100,,,,
2019-06-28 10:05:24.295386127,100381,268,99955,100,100419,268,99923,168,100670,100,99798,268,100824,100,99658,100,101595,100,99614,100,,,99579,100,,,99528,100,,,99458,100,,,99337,100,,,99035,100
2019-06-28 10:05:30.000000000,100381,167,99955,167,100419,167,99798,167,100670,167,99658,167,100824,167,99614,167,101595,167,99579,167,,,99528,100,,,99458,100,,,99337,100,,,99035,100,,,,
2019-06-28 10:05:40.000000000,100381,214,99955,214,100419,211,99798,211,100670,211,99658,211,100824,100,99614,100,101595,100,99579,100,,,99528,100,,,99458,100,,,99337,100,,,99035,100,,,,
2019-06-28 10:05:50.000000000,100381,214,99955,214,100419,211,99798,211,100670,211,99658,211,100824,100,99614,100,101595,100,99579,100,,,99528,100,,,99458,100,,,99337,100,,,99035,100,,,,
2019-06-28 10:05:52.455746670,100381,114,99955,214,100419,211,99798,211,100670,211,99658,211,100824,100,99614,100,101595,100,99579,100,,,99458,100,,,99337,100,,,99035,100,,,,,,,,
2019-06-28 10:05:53.984602992,100381,114,99955,214,100419,211,99798,211,100670,211,99658,211,100824,100,99614,100,101257,100,99579,100,101595,100,99458,100,,,99337,100,,,99035,100,,,,,,,,
2019-06-28 10:06:00.000000000,100419,167,99955,167,100670,167,99798,167,100824,167,99658,167,101257,167,99614,167,101595,167,99579,167,,,99458,100,,,99337,100,,,99035,100,,,,,,,,
2019-06-28 10:06:10.000000000,100419,214,99955,214,100670,211,99798,211,100824,211,99658,211,101257,100,99614,100,101595,100,99579,100,,,99458,100,,,99337,100,,,99035,100,,,,,,,,
2019-06-28 10:06:16.426050827,100419,114,99955,214,100670,211,99798,211,100824,211,99658,211,101257,100,99614,100,101595,100,99579,100,,,99458,100,,,99337,100,,,99035,100,,,,,,,,
2019-06-28 10:06:20.000000000,100670,167,99955,167,100824,167,99798,167,101257,167,99658,167,101595,167,99614,167,101596,67,99579,167,,,99458,100,,,99337,100,,,99035,100,,,,,,,,
2019-06-28 10:06:30.000000000,100670,167,99955,167,100824,167,99798,167,101257,167,99658,167,101595,167,99614,167,101596,67,99579,167,,,99458,100,,,99337,100,,,99035,100,,,,,,,,
2019-06-28 10:06:40.000000000,100670,214,99955,214,100824,211,99798,211,101257,211,99658,211,101595,100,99614,100,,,99579,100,,,99458,100,,,99337,100,,,99035,100,,,,,,,,
2019-06-28 10:06:50.000000000,100670,436,99955,436,100824,100,99798,100,101257,100,99658,100,101595,100,99614,100,,,99579,100,,,99458,100,,,99337,100,,,99035,100,,,,,,,,
2019-06-28 10:07:00.000000000,100670,167,99955,167,100824,167,99798,167,101257,167,99658,167,101595,167,99614,167,101596,67,99579,167,,,99458,100,,,99337,100,,,99035,100,,,,,,,,
2019-06-28 10:07:10.000000000,100670,436,99955,436,100824,100,99798,100,101257,100,99658,100,101595,100,99614,100,,,99579,100,,,99458,100,,,99337,100,,,99035,100,,,,,,,,
2019-06-28 10:07:18.329065203,100670,336,99955,436,100824,100,99798,100,101257,100,99658,100,101595,100,99614,100,,,99579,100,,,99458,100,,,99337,100,,,99035,100,,,,,,,,
2019-06-28 10:07:20.000000000,100824,436,99955,436,101257,100,99798,100,101595,100,99658,100,,,99614,100,,,99579,100,,,99458,100,,,99337,100,,,99035,100,,,,,,,,
2019-06-28 10:07:23.920419296,100824,336,99955,436,101257,100,99798,100,101595,100,99658,100,,,99614,100,,,99579,100,,,99458,100,,,99337,100,,,99035,100,,,,,,,,
2019-06-28 10:07:30.000000000,101257,268,99955,268,101595,268,99798,268,,,99658,100,,,99614,100,,,99579,100,,,99458,100,,,99337,100,,,99035,100,,,,,,,,
2019-06-28 10:07:40.000000000,101257,436,99955,436,101595,100,99798,100,,,99658,100,,,99614,100,,,99579,100,,,99458,100,,,99337,100,,,99035,100,,,,,,,,
2019-06-28 10:07:50.000000000,101257,214,99955,214,101595,211,99798,211,101596,111,99658,211,,,99614,100,,,99579,100,,,99458,100,,,99337,100,,,99035,100,,,,,,,,
2019-06-28 10:07:54.996311992,101257,214,99955,214,101595,211,99798,211,101596,111,99658,211,101821,100,99614,100,,,99579,100,,,99458,100,,,99337,100,,,,,,,,,,,,
2019-06-28 10:08:00.000000000,101257,184,99955,184,101595,184,99798,184,101821,184,99658,184,101822,84,99614,184,,,99579,100,,,99458,100,,,99337,100,,,,,,,,,,,,
2019-06-28 10:08:03.639556102,101257,184,99955,184,101595,184,99798,184,101821,184,99658,184,101822,84,99614,184,101928,100,99579,100,,,99458,100,,,99337,100,,,,,,,,,,,,
2019-06-28 10:08:10.000000000,101257,214,99955,214,101595,211,99798,211,101821,211,99658,211,101928,100,99614,100,,,99579,100,,,99458,100,,,99337,100,,,,,,,,,,,,
2019-06-28 10:08:17.693002790,101257,214,100670,100,101595,211,99955,214,101821,211,99798,211,101928,100,99658,211,,,99614,100,,,99579,100,,,99458,100,,,99337,100,,,,,,,,
2019-06-28 10:08:18.972430236,101257,214,101243,100,101595,211,100670,100,101821,211,99955,214,101928,100,99798,211,,,99658,211,,,99614,100,,,99579,100,,,99458,100,,,99337,100,,,,
2019-06-28 10:08:20.000000000,101257,167,101243,167,101595,167,100670,167,101821,167,99955,167,101928,167,99798,167,101929,67,99658,167,,,99614,100,,,99579,100,,,99458,100,,,99337,100,,,,
2019-06-28 10:08:30.000000000,101257,184,101243,184,101595,184,100670,184,101821,184,99955,184,101928,184,99798,184,,,99658,100,,,99614,100,,,99579,100,,,99458,100,,,99337,100,,,,
2019-06-28 10:08:38.692738671,101257,184,101243,184,101595,184,101115,100,101821,184,100670,184,101928,184,99955,184,,,99798,184,,,99658,100,,,99614,100,,,99579,100,,,99458,100,,,99337,100
2019-06-28 10:08:40.000000000,101257,436,101243,436,101595,100,101115,100,101821,100,100670,100,101928,100,99955,100,,,99798,100,,,99658,100,,,99614,100,,,99579,100,,,99458,100,,,99337,100
2019-06-28 10:08:50.000000000,101257,184,101243,184,101595,184,101115,184,101821,184,100670,184,101928,184,99955,184,,,99798,100,,,99658,100,,,99614,100,,,99579,100,,,99458,100,,,99337,100
2019-06-28 10:08:56.438170091,101257,184,101243,184,101595,184,101115,184,101821,184,100670,284,101928,184,99955,184,,,99798,100,,,99658,100,,,99614,100,,,99579,100,,,99458,100,,,99337,100
2019-06-28 10:09:00.000000000,101257,268,101243,268,101595,268,101115,268,101821,100,100670,200,101928,100,99955,100,,,99798,100,,,99658,100,,,99614,100,,,99579,100,,,99458,100,,,99337,100
2019-06-28 10:09:10.000000000,101257,268,101243,268,101595,268,101115,268,101821,100,100670,200,101928,100,99955,100,,,99798,100,,,99658,100,,,99614,100,,,99579,100,,,99458,100,,,99337,100
2019-06-28 10:09:20.000000000,101257,167,101243,167,101595,167,101115,167,101821,167,100670,267,101928,167,99955,167,101929,67,99798,167,,,99658,100,,,99614,100,,,99579,100,,,99458,100,,,99337,100
2019-06-28 10:09:20.445667786,101257,167,101243,167,101595,167,101115,167,101821,167,100670,367,101928,167,99955,167,101929,67,99798,167,,,99658,100,,,99614,100,,,99579,100,,,99458,100,,,99337,100
2019-06-28 10:09:30.000000000,101257,167,101243,167,101595,167,101115,167,101821,167,100670,367,101928,167,99955,167,101929,67,99798,167,,,99658,100,,,99614,100,,,99579,100,,,99458,100,,,99337,100
2019-06-28 10:09:33.042628888,101257,167,101243,167,101595,167,101115,167,101821,167,101043,100,101928,167,100670,367,101929,67,99955,167,,,99798,167,,,99614,100,,,99579,100,,,99458,100,,,99337,100
2019-06-28 10:09:40.000000000,101257,167,101243,167,101595,167,101115,167,101821,167,101043,167,101928,167,100670,367,101929,67,99955,167,,,99798,100,,,99614,100,,,99579,100,,,99458,100,,,99337,100
2019-06-28 10:09:50.000000000,101257,167,101243,167,101595,167,101115,167,101821,167,101043,167,101928,167,100670,367,101929,67,99955,167,,,99798,100,,,99614,100,,,99579,100,,,99458,100,,,99337,100
2019-06-28 10:09:50.381828402,101257,167,101243,167,101595,167,101155,100,101821,167,101115,167,101928,167,101043,167,101929,67,100670,367,,,99955,167,,,99798,100,,,99614,100,,,99579,100,,,99458,100
2019-06-28 10:10:00.000000000,101257,184,101243,184,101595,184,101155,184,101821,184,101115,184,101928,184,101043,184,,,100670,300,,,99955,100,,,99798,100,,,99614,100,,,99579,100,,,99458,100
2019-06-28 10:10:10.000000000,101257,436,101243,436,101595,100,101155,100,101821,100,101115,100,101928,100,101043,100,,,100670,300,,,99955,100,,,99798,100,,,99614,100,,,99579,100,,,99458,100
2019-06-28 10:10:20.000000000,101257,184,101243,184,101595,184,101155,184,101821,184,101115,184,101928,184,101043,184,,,100670,300,,,99955,100,,,99798,100,,,99614,100,,,99579,100,,,99458,100
2019-06-28 10:10:22.270877657,101257,184,101243,184,101260,100,101155,184,101595,184,101115,184,101821,184,101043,184,101928,184,100670,300,,,99955,100,,,99798,100,,,99614,100,,,99579,100,,,99458,100
2019-06-28 10:10:22.876139333,101257,184,101243,184,101260,100,101155,184,101328,100,101115,184,101595,184,101043,184,101821,184,100670,300,101928,184,99955,100,,,99798,100,,,99614,100,,,99579,100,,,99458,100
2019-06-28 10:10:24.408266964,101257,184,101243,184,101260,100,101155,184,101328,100,101115,184,101595,184,101043,184,101821,184,100670,400,101928,184,99955,100,,,99798,100,,,99614,100,,,99579,100,,,99458,100
2019-06-28 10:10:30.000000000,101257,184,101243,184,101260,184,101155,184,101328,184,101115,184,101595,184,101043,184,101821,100,100670,400,101928,100,99955,100,,,99798,100,,,99614,100,,,99579,100,,,99458,100
2019-06-28 10:10:39.187162860,101257,184,101243,184,101260,184,101155,184,101328,184,101115,184,101595,184,101043,184,101821,100,100985,100,101928,100,100670,400,,,99955,100,,,99798,100,,,99614,100,,,99579,100
2019-06-28 10:10:40.000000000,101257,436,101243,436,101260,100,101155,100,101328,100,101115,100,101595,100,101043,100,101821,100,100985,100,101928,100,100670,400,,,99955,100,,,99798,100,,,99614,100,,,99579,100
2019-06-28 10:10:50.000000000,101257,436,101243,436,101260,100,101155,100,101328,100,101115,100,101595,100,101043,100,101821,100,100985,100,101928,100,100670,400,,,99955,100,,,99798,100,,,99614,100,,,99579,100
2019-06-28 10:11:00.000000000,101257,184,101243,184,101260,184,101155,184,101328,184,101115,184,101595,184,101043,184,101821,100,100985,100,101928,100,100670,400,,,99955,100,,,99798,100,,,99614,100,,,99579,100
2019-06-28 10:11:01.877134765,101257,184,101243,184,101260,184,101155,184,101328,184,101115,184,101580,100,101043,184,101595,184,100985,100,101821,100,100670,400,101928,100,99955,100,,,99798,100,,,99614,100,,,99579,100
2019-06-28 10:11:10.000000000,101257,268,101243,268,101260,268,101155,268,101328,100,101115,100,101580,100,101043,100,101595,100,100985,100,101821,100,100670,400,101928,100,99955,100,,,99798,100,,,99614,100,,,99579,100
2019-06-28 10:11:11.366527667,101257,268,101243,268,101260,268,101155,268,101328,100,101115,100,101580,100,101043,100,101595,100,100985,100,101638,100,100670,400,101821,100,99955,100,101928,100,99798,100,,,99614,100,,,99579,100
2019-06-28 10:11:20.000000000,101257,436,101243,436,101260,100,101155,100,101328,100,101115,100,101580,100,101043,100,101595,100,100985,100,101638,100,100670,400,101821,100,99955,100,101928,100,99798,100,,,99614,100,,,99579,100
2019-06-28 10:11:30.000000000,101257,167,101243,167,101260,167,101155,167,101328,167,101115,167,101580,167,101043,167,101595,167,100985,167,101638,100,100670,400,101821,100,99955,100,101928,100,99798,100,,,99614,100,,,99579,100
2019-06-28 10:11:33.330601606,101257,167,101243,67,101260,167,101155,167,101328,167,101115,167,101580,167,101043,167,101595,167,100985,167,101638,100,100670,400,101821,100,99798,100,101928,100,99614,100,,,99579,100,,,99458,100
2019-06-28 10:11:36.850563131,101257,167,101243,67,101260,167,101155,167,101328,167,101115,167,101580,167,101043,167,101595,167,100985,167,101638,100,100824,100,101821,100,100670,400,101928,100,99798,100,,,99614,100,,,99579,100
2019-06-28 10:11:40.000000000,101257,167,101155,167,101260,167,101115,167,101328,167,101043,167,101580,167,100985,167,101595,167,100824,167,101638,100,100670,400,101821,100,99798,100,101928,100,99614,100,,,99579,100,,,99458,100
2019-06-28 10:11:49.234556786,101257,167,101155,67,101260,167,101115,167,101328,167,101043,167,101580,167,100985,167,101595,167,100824,167,101638,100,100670,400,101821,100,99798,100,101928,100,99614,100,,,99579,100,,,99458,100
2019-06-28 10:11:50.000000000,101257,268,101115,268,101260,268,101043,268,101328,100,100985,100,101580,100,100824,100,101595,100,100670,400,101638,100,99798,100,101821,100,99614,100,101928,100,99579,100,,,99458,100,,,99337,100
2019-06-28 10:11:59.120331921,101243,100,101115,268,101257,268,101043,268,101260,268,100985,100,101328,100,100824,100,101580,100,100670,300,101595,100,99798,100,101638,100,99614,100,101821,100,99579,100,101928,100,99458,100,,,99337,100
2019-06-28 10:12:00.000000000,101243,268,101115,268,101257,268,101043,268,101260,100,100985,100,101328,100,100824,100,101580,100,100670,300,101595,100,99798,100,101638,100,99614,100,101821,100,99579,100,101928,100,99458,100,,,99337,100
2019-06-28 10:12:10.000000000,101243,436,101115,436,101257,100,101043,100,101260,100,100985,100,101328,100,100824,100,101580,100,100670,300,101595,100,99798,100,101638,100,99614,100,101821,100,99579,100,101928,100,99458,100,,,99337,100
2019-06-28 10:12:20.000000000,101243,268,101115,268,101257,268,101043,268,101260,100,100985,100,101328,100,100824,100,101580,100,100670,300,101595,100,99798,100,101638,100,99614,100,101821,100,99579,100,101928,100,99458,100,,,99337,100
2019-06-28 10:12:20.448963959,101243,268,101115,268,101257,268,101043,268,101260,100,100985,100,101328,100,100670,300,101580,100,99798,100,101595,100,99614,100,101638,100,99579,100,101821,100,99458,100,101928,100,99337,100,,,,
2019-06-28 10:12:24.684465697,101243,368,101115,268,101257,268,101043,268,101260,100,100985,100,101328,100,100670,300,101580,100,99798,100,101595,100,99614,100,101638,100,99579,100,101821,100,99458,100,101928,100,99337,100,,,,
2019-06-28 10:12:30.000000000,101243,267,101115,167,101257,167,101043,167,101260,167,100985,167,101328,167,100670,367,101580,167,99798,167,101595,100,99614,100,101638,100,99579,100,101821,100,99458,100,101928,100,99337,100,,,,
2019-06-28 10:12:40.000000000,101243,536,101115,436,101257,100,101043,100,101260,100,100985,100,101328,100,100670,300,101580,100,99798,100,101595,100,99614,100,101638,100,99579,100,101821,100,99458,100,101928,100,99337,100,,,,
2019-06-28 10:12:50.000000000,101243,267,101115,167,101257,167,101043,167,101260,167,100985,167,101328,167,100670,367,101580,167,99798,167,101595,100,99614,100,101638,100,99579,100,101821,100,99458,100,101928,100,99337,100,,,,
