,ask_price_1,ask_size_1,bid_price_1,bid_size_1,ask_price_2,ask_size_2,bid_price_2,bid_size_2,ask_price_3,ask_size_3,bid_price_3,bid_size_3,ask_price_4,ask_size_4,bid_price_4,bid_size_4,ask_price_5,ask_size_5,bid_price_5,bid_size_5,ask_price_6,ask_size_6,bid_price_6,bid_size_6,ask_price_7,ask_size_7,bid_price_7,bid_size_7,ask_price_8,ask_size_8,bid_price_8,bid_size_8,ask_price_9,ask_size_9,bid_price_9,bid_size_9,ask_price_10,ask_size_10,bid_price_10,bid_size_10
2019-06-28 09:30:00.000000001,,,99847,100,,,,,,,,,,,,,,,,,,,,,,,,,,,,,,,,,,,,
2019-06-28 09:30:00.000000003,100106,100,99847,100,100197,100,,,,,,,,,,,,,,,,,,,,,,,,,,,,,,,,,,
2019-06-28 09:30:00.000000008,100106,100,99847,100,100110,100,,,100197,100,,,,,,,,,,,,,,,,,,,,,,,,,,,,,,
2019-06-28 09:30:00.000000009,100106,100,100006,100,100110,100,99987,100,100132,100,99847,100,100197,100,,,,,,,,,,,,,,,,,,,,,,,,,,
2019-06-28 09:30:00.000000010,100106,100,100055,100,100110,100,100006,100,100132,100,99987,100,100197,100,99847,100,,,,,,,,,,,,,,,,,,,,,,,,
2019-06-28 09:30:00.000000011,100106,100,100055,100,100110,100,100006,100,100132,100,99987,100,100197,100,99975,100,,,99907,100,,,99847,100,,,,,,,,,,,,,,,,
2019-06-28 09:30:00.000000012,100106,100,100055,100,100110,100,100006,100,100132,100,99987,100,100197,100,99979,100,,,99975,100,,,99907,100,,,99847,100,,,,,,,,,,,,
2019-06-28 09:30:00.000000013,100106,100,100055,100,100110,100,100006,100,100132,100,99987,100,100197,100,99979,100,,,99975,100,,,99955,100,,,99925,100,,,99907,100,,,99847,100,,,,
2019-06-28 09:30:00.000000014,100056,100,100055,100,100106,100,100006,100,100110,100,99987,100,100132,100,99979,100,100197,100,99975,100,,,99955,100,,,99925,100,,,99907,100,,,99847,100,,,,
2019-06-28 09:30:00.000000015,100056,100,100055,100,100088,100,100006,100,100106,100,100005,100,100110,100,99987,100,100132,100,99979,100,100197,100,99975,100,,,99955,100,,,99939,100,,,99925,100,,,99907,100
2019-06-28 09:30:00.000000020,100056,100,100006,100,100088,100,100005,100,100106,100,99987,100,100110,100,99979,100,100132,100,99975,100,100197,100,99955,100,,,99939,100,,,99925,100,,,99907,100,,,99847,100
2019-06-28 09:30:00.000000021,100056,100,100006,100,100088,100,100005,100,100106,100,99987,100,100110,100,99979,100,100132,100,99977,100,100197,100,99975,100,,,99955,100,,,99939,100,,,99925,100,,,99907,100
2019-06-28 09:30:00.000000027,100056,100,100006,100,100088,100,100005,100,100106,100,99987,100,100110,100,99979,100,100132,100,99977,100,100197,100,99975,100,,,99955,100,,,99939,100,,,99925,100,,,99907,100
2019-06-28 09:30:00.000000028,100055,100,100005,100,100056,100,99987,100,100088,100,99979,100,100106,100,99977,100,100110,100,99975,100,100132,100,99955,100,100161,100,99939,100,100197,100,99925,100,,,99907,100,,,99868,100
2019-06-28 09:30:00.000000029,100055,100,100005,100,100056,100,99987,100,100088,100,99979,100,100106,100,99977,100,100110,100,99975,100,100132,100,99955,100,100144,100,99939,100,100161,100,99925,100,100197,100,99907,100,,,99868,100
2019-06-28 09:30:00.000000030,100055,100,100005,100,100056,100,99987,100,100088,100,99979,100,100106,100,99977,100,100110,100,99975,100,100117,100,99955,100,100132,100,99939,100,100144,100,99925,100,100161,100,99907,100,100197,100,99868,100
2019-06-28 09:30:00.000000032,100055,100,100005,100,100056,100,99987,100,100088,100,99979,100,100106,100,99977,100,100110,100,99975,100,100117,100,99955,100,100132,100,99939,100,100144,100,99925,100,100161,100,99907,100,100165,100,99868,100
2019-06-28 09:30:00.000000033,100023,100,100005,100,100055,100,99987,100,100056,100,99979,100,100088,100,99977,100,100106,100,99975,100,100110,100,99955,100,100117,100,99939,100,100132,100,99925,100,100144,100,99907,100,100161,100,99868,100
2019-06-28 09:30:00.000000034,100023,100,100006,100,100055,100,100005,100,100056,100,99987,100,100088,100,99979,100,100106,100,99977,100,100110,100,99975,100,100117,100,99955,100,100132,100,99939,100,100144,100,99925,100,100161,100,99907,100
2019-06-28 09:30:00.000000035,100023,100,100006,200,100055,200,100005,100,100056,100,99987,100,100088,100,99979,100,100106,100,99977,100,100110,100,99975,100,100117,100,99955,100,100132,100,99939,100,100144,100,99925,100,100161,100,99907,100
2019-06-28 09:30:00.000000037,100023,100,100006,200,100055,200,100005,100,100056,100,99987,100,100088,100,99979,100,100106,100,99977,100,100110,100,99975,100,100117,100,99955,100,100132,100,99939,100,100144,100,99925,100,100161,100,99907,100
2019-06-28 09:30:00.000000043,100023,100,100006,200,100055,200,100005,200,100056,100,99987,100,100088,100,99979,100,100106,100,99977,100,100110,100,99975,100,100117,100,99955,100,100132,100,99939,100,100144,100,99925,100,100161,100,99907,100
2019-06-28 09:30:00.000000045,100023,100,100019,100,100055,200,100006,200,100056,100,100005,200,100088,100,99987,100,100106,100,99979,100,100110,100,99977,100,100117,100,99975,100,100132,100,99955,100,100144,100,99939,100,100161,100,99925,100
2019-06-28 09:30:00.000000047,100023,100,100006,200,100055,200,100005,200,100056,100,99987,100,100088,100,99979,100,100106,100,99977,100,100110,100,99975,100,100117,100,99955,100,100132,100,99939,100,100144,100,99925,100,100161,100,99907,100
2019-06-28 09:30:00.000000050,100023,100,100006,200,100055,300,100005,200,100056,100,99987,100,100088,100,99979,100,100106,100,99977,100,100110,100,99975,100,100117,100,99955,100,100132,100,99939,100,100144,100,99925,100,100161,100,99907,100
2019-06-28 09:30:00.000000060,100023,100,100006,100,100055,300,100005,200,100056,100,99987,100,100088,100,99979,100,100106,100,99977,100,100110,100,99975,100,100117,100,99955,100,100132,100,99939,100,100144,100,99925,100,100161,100,99907,100
2019-06-28 09:30:00.000000061,100023,100,100006,100,100043,100,100005,200,100055,300,99987,100,100056,100,99979,100,100088,100,99977,100,100106,100,99975,100,100110,100,99955,100,100117,100,99939,100,100132,100,99925,100,100144,100,99907,100
2019-06-28 09:30:00.000000063,100023,100,100006,100,100043,100,100005,200,100055,300,99987,100,100056,100,99979,100,100088,100,99977,100,100106,100,99975,100,100110,100,99955,100,100117,100,99939,100,100132,100,99925,100,100144,100,99907,100
2019-06-28 09:30:00.000000064,100019,100,100006,100,100023,100,100005,200,100043,100,99987,100,100055,300,99979,100,100056,100,99977,100,100088,100,99975,100,100106,100,99955,100,100110,100,99939,100,100117,100,99925,100,100132,100,99907,100
2019-06-28 09:30:00.000000066,100019,100,100006,100,100023,100,100005,200,100043,100,99987,100,100055,300,99979,100,100056,100,99977,100,100088,100,99975,100,100106,100,99955,100,100110,100,99939,100,100117,100,99925,100,100132,100,99907,100
2019-06-28 09:30:00.000000067,100019,100,100006,100,100023,100,100005,200,100043,100,99987,100,100055,300,99979,100,100056,100,99977,100,100088,100,99975,100,100106,100,99955,100,100110,100,99939,100,100117,200,99925,100,100132,100,99907,100
2019-06-28 09:30:00.000000068,100019,100,100005,200,100023,100,99987,100,100043,100,99979,100,100055,300,99977,100,100056,100,99975,100,100088,100,99955,100,100106,100,99939,100,100110,100,99925,100,100117,200,99907,100,100132,100,99874,100
2019-06-28 09:30:00.000000072,100019,100,100005,200,100023,100,99987,100,100043,100,99979,100,100055,300,99977,100,100056,100,99975,100,100088,100,99970,100,100103,100,99955,100,100106,100,99939,100,100110,100,99925,100,100117,200,99907,100
2019-06-28 09:30:00.000000073,100006,100,100005,200,100019,100,99987,100,100023,100,99979,100,100043,100,99977,100,100055,300,99975,100,100056,100,99970,100,100088,100,99955,100,100103,100,99939,100,100106,100,99925,100,100110,100,99907,100
2019-06-28 09:30:00.000000077,100006,100,100005,200,100019,100,99987,100,100023,100,99979,100,100043,100,99977,100,100055,300,99975,100,100056,100,99970,100,100088,100,99955,100,100103,100,99939,100,100106,100,99925,100,100110,100,99907,100
2019-06-28 09:30:00.000000080,100006,100,100005,200,100019,100,99987,100,100023,100,99979,100,100043,100,99977,100,100055,300,99975,100,100056,100,99970,100,100088,100,99955,100,100103,100,99939,100,100106,100,99925,100,100107,100,99907,100
2019-06-28 09:30:00.000000081,100006,100,100005,200,100019,100,99987,100,100023,100,99979,100,100043,100,99977,100,100055,300,99975,100,100056,100,99970,100,100088,100,99955,100,100102,100,99939,100,100103,100,99925,100,100106,100,99907,100
2019-06-28 09:30:00.000000082,100006,100,100005,200,100019,100,99987,100,100023,100,99979,100,100043,100,99977,100,100055,300,99975,100,100056,100,99972,100,100060,100,99970,100,100088,100,99955,100,100102,100,99939,100,100103,100,99925,100
2019-06-28 09:30:00.000000087,100006,200,100005,200,100019,100,99987,100,100023,100,99979,100,100043,100,99977,100,100055,300,99975,100,100056,100,99972,100,100060,100,99970,100,100088,100,99955,100,100102,100,99939,100,100103,100,99925,100
2019-06-28 09:30:00.000000088,100006,200,100005,200,100019,100,99987,100,100023,100,99979,100,100043,100,99977,100,100055,300,99975,100,100056,100,99972,100,100060,100,99970,100,100088,100,99955,100,100094,100,99939,100,100102,100,99925,100
2019-06-28 09:30:00.000000089,100006,100,100005,200,100019,100,99987,100,100023,100,99979,100,100043,100,99977,100,100055,300,99975,100,100056,100,99972,100,100060,100,99970,100,100088,100,99968,100,100094,100,99955,100,100102,100,99939,100
2019-06-28 09:30:00.000000091,100006,100,100005,200,100019,100,99987,100,100023,100,99979,100,100028,100,99977,100,100043,100,99975,100,100055,300,99972,100,100056,100,99970,100,100060,100,99968,100,100088,100,99955,100,100094,100,99939,100
2019-06-28 09:30:00.000000096,100006,100,100005,200,100019,100,99987,100,100023,100,99979,100,100028,100,99977,100,100043,100,99975,100,100055,300,99972,100,100056,100,99970,100,100060,100,99968,100,100088,200,99955,100,100094,100,99939,100
2019-06-28 09:30:00.000000097,100006,100,100005,200,100019,100,99987,100,100023,100,99979,100,100028,100,99977,100,100043,100,99975,100,100055,300,99972,100,100056,100,99970,100,100060,100,99968,100,100088,200,99955,100,100094,100,99939,100
2019-06-28 09:30:00.000000099,100006,100,100005,200,100019,100,99987,100,100023,100,99979,100,100028,100,99977,100,100040,100,99975,100,100043,100,99972,100,100055,300,99970,100,100056,100,99968,100,100060,100,99955,100,100088,200,99939,100
2019-06-28 09:30:00.035553248,100006,100,100005,200,100019,100,99987,100,100023,100,99979,100,100028,100,99977,100,100040,100,99975,100,100043,100,99972,100,100055,300,99970,100,100056,100,99968,100,100060,100,99955,100,100088,200,99939,100
2019-06-28 09:30:03.455064972,100006,100,100005,200,100019,100,99987,100,100023,100,99979,100,100028,100,99977,100,100040,100,99975,100,100043,100,99972,100,100055,300,99970,100,100056,100,99968,100,100060,100,99955,100,100088,200,99939,100
2019-06-28 09:30:07.346686334,100006,100,100005,200,100019,100,99987,100,100023,100,99979,100,100028,100,99977,100,100040,100,99975,100,100043,100,99972,100,100055,300,99968,100,100056,100,99955,100,100060,100,99939,100,100088,200,99925,100
2019-06-28 09:30:10.000000000,100006,586,100005,686,100019,100,99987,100,100023,100,99979,100,100028,100,99977,100,100040,100,99975,100,100043,100,99972,100,100055,300,99968,100,100056,100,99955,100,100060,100,99939,100,100088,200,99925,100
2019-06-28 09:30:20.000000000,100006,222,100005,322,100019,222,99987,222,100023,222,99979,222,100028,222,99977,222,100040,100,99975,100,100043,100,99972,100,100055,300,99968,100,100056,100,99955,100,100060,100,99939,100,100088,200,99925,100
2019-06-28 09:30:30.000000000,100006,586,100005,686,100019,100,99987,100,100023,100,99979,100,100028,100,99977,100,100040,100,99975,100,100043,100,99972,100,100055,300,99968,100,100056,100,99955,100,100060,100,99939,100,100088,200,99925,100
2019-06-28 09:30:34.186889246,100006,586,100005,686,100019,100,99987,100,100023,100,99979,100,100028,100,99977,100,100040,100,99975,100,100043,100,99972,100,100055,300,99968,100,100056,100,99955,100,100060,100,99939,100,100088,100,99925,100
2019-06-28 09:30:38.167601231,100006,586,100005,686,100019,100,99987,100,100023,100,99979,100,100040,100,99977,100,100043,100,99975,100,100055,300,99972,100,100056,100,99968,100,100060,100,99955,100,100088,100,99939,100,100094,100,99925,100
2019-06-28 09:30:40.000000000,100006,265,100005,365,100019,260,99987,260,100023,260,99979,260,100040,100,99977,100,100043,100,99975,100,100055,300,99972,100,100056,100,99968,100,100060,100,99955,100,100088,100,99939,100,100094,100,99925,100
2019-06-28 09:30:50.000000000,100006,265,100005,365,100019,260,99987,260,100023,260,99979,260,100040,100,99977,100,100043,100,99975,100,100055,300,99972,100,100056,100,99968,100,100060,100,99955,100,100088,100,99939,100,100094,100,99925,100
2019-06-28 09:31:00.000000000,100006,222,100005,322,100019,222,99987,222,100023,222,99979,222,100040,222,99977,222,100043,100,99975,100,100055,300,99972,100,100056,100,99968,100,100060,100,99955,100,100088,100,99939,100,100094,100,99925,100
2019-06-28 09:31:10.000000000,100006,265,100005,365,100019,260,99987,260,100023,260,99979,260,100040,100,99977,100,100043,100,99975,100,100055,300,99972,100,100056,100,99968,100,100060,100,99955,100,100088,100,99939,100,100094,100,99925,100
2019-06-28 09:31:19.025034197,100006,265,100005,365,100019,260,99987,260,100023,260,99979,260,100040,100,99977,100,100043,100,99975,100,100055,300,99972,100,100056,100,99968,100,100060,100,99955,100,100088,100,99939,100,100094,100,99925,100
2019-06-28 09:31:20.000000000,100006,343,100005,443,100019,343,99987,343,100023,100,99979,100,100040,100,99977,100,100043,100,99975,100,100055,300,99972,100,100056,100,99968,100,100060,100,99955,100,100088,100,99939,100,100094,100,99925,100
2019-06-28 09:31:20.018675783,100006,343,100005,343,100019,343,99987,343,100023,100,99979,100,100040,100,99977,100,100043,100,99975,100,100055,300,99972,100,100056,100,99968,100,100060,100,99955,100,100088,100,99939,100,100094,100,99925,100
2019-06-28 09:31:30.000000000,100006,586,100005,586,100019,100,99987,100,100023,100,99979,100,100040,100,99977,100,100043,100,99975,100,100055,300,99972,100,100056,100,99968,100,100060,100,99955,100,100088,100,99939,100,100094,100,99925,100
2019-06-28 09:31:34.910342618,100006,586,100005,486,100019,100,99987,100,100023,100,99979,100,100040,100,99977,100,100043,100,99975,100,100055,300,99972,100,100056,100,99968,100,100060,100,99955,100,100088,100,99939,100,100094,100,99925,100
2019-06-28 09:31:40.000000000,100006,586,99987,586,100019,100,99979,100,100023,100,99977,100,100040,100,99975,100,100043,100,99972,100,100055,300,99968,100,100056,100,99955,100,100060,100,99939,100,100088,100,99925,100,100094,100,99907,100
2019-06-28 09:31:46.678508498,100006,586,99987,586,100019,100,99977,100,100023,100,99975,100,100040,100,99972,100,100043,100,99968,100,100055,300,99955,100,100056,100,99939,100,100060,100,99925,100,100088,100,99907,100,100094,100,99897,100
2019-06-28 09:31:50.000000000,100006,586,99987,586,100019,100,99977,100,100023,100,99975,100,100040,100,99972,100,100043,100,99968,100,100055,300,99955,100,100056,100,99939,100,100060,100,99925,100,100088,100,99907,100,100094,100,99897,100
2019-06-28 09:32:00.000000000,100006,222,99987,222,100019,222,99977,222,100023,222,99975,222,100040,222,99972,222,100043,100,99968,100,100055,300,99955,100,100056,100,99939,100,100060,100,99925,100,100088,100,99907,100,100094,100,99897,100
2019-06-28 09:32:01.109012339,100006,222,99987,22,100019,222,99977,222,100023,222,99975,222,100040,222,99972,222,100043,100,99968,100,100055,300,99955,100,100056,100,99939,100,100060,100,99925,100,100088,100,99907,100,100094,100,99897,100
2019-06-28 09:32:10.000000000,100006,343,99977,343,100019,343,99975,343,100023,100,99972,100,100040,100,99968,100,100043,100,99955,100,100055,300,99939,100,100056,100,99925,100,100060,100,99907,100,100088,100,99897,100,100094,100,99874,100
2019-06-28 09:32:12.065085793,100005,100,99977,343,100006,343,99975,343,100019,243,99972,100,100023,100,99968,100,100040,100,99955,100,100043,100,99939,100,100055,300,99925,100,100056,100,99907,100,100060,100,99897,100,100088,100,99874,100
2019-06-28 09:32:20.000000000,100005,586,99977,586,100006,100,99975,100,100023,100,99972,100,100040,100,99968,100,100043,100,99955,100,100055,300,99939,100,100056,100,99925,100,100060,100,99907,100,100088,100,99897,100,100094,100,99874,100
2019-06-28 09:32:30.000000000,100005,222,99977,222,100006,222,99975,222,100023,222,99972,222,100040,222,99968,222,100043,100,99955,100,100055,300,99939,100,100056,100,99925,100,100060,100,99907,100,100088,100,99897,100,100094,100,99874,100
2019-06-28 09:32:40.000000000,100005,343,99977,343,100006,343,99975,343,100023,100,99972,100,100040,100,99968,100,100043,100,99955,100,100055,300,99939,100,100056,100,99925,100,100060,100,99907,100,100088,100,99897,100,100094,100,99874,100
2019-06-28 09:32:43.851674033,100005,343,99977,243,100006,343,99975,343,100023,100,99972,100,100043,100,99968,100,100055,300,99955,100,100056,100,99939,100,100060,100,99925,100,100088,100,99907,100,100094,100,99897,100,100100,100,99874,100
2019-06-28 09:32:50.000000000,100005,265,99975,265,100006,260,99972,260,100023,260,99968,260,100043,100,99955,100,100055,300,99939,100,100056,100,99925,100,100060,100,99907,100,100088,100,99897,100,100094,100,99874,100,100100,100,99870,100
2019-06-28 09:33:00.000000000,100005,265,99975,265,100006,260,99972,260,100023,260,99968,260,100043,100,99955,100,100055,300,99939,100,100056,100,99925,100,100060,100,99907,100,100088,100,99897,100,100094,100,99874,100,100100,100,99870,100
2019-06-28 09:33:10.000000000,100005,586,99975,586,100006,100,99972,100,100023,100,99968,100,100043,100,99955,100,100055,300,99939,100,100056,100,99925,100,100060,100,99907,100,100088,100,99897,100,100094,100,99874,100,100100,100,99870,100
2019-06-28 09:33:20.000000000,100005,265,99975,265,100006,260,99972,260,100023,260,99968,260,100043,100,99955,100,100055,300,99939,100,100056,100,99925,100,100060,100,99907,100,100088,100,99897,100,100094,100,99874,100,100100,100,99870,100
2019-06-28 09:33:21.058395544,100005,265,99975,265,100006,260,99972,260,100023,260,99968,260,100043,100,99955,100,100055,300,99939,100,100056,100,99925,100,100060,100,99907,100,100088,100,99897,100,100094,100,99874,100,100100,100,99870,100
2019-06-28 09:33:30.000000000,100005,586,99975,586,100006,100,99972,100,100023,100,99968,100,100043,100,99955,100,100055,300,99939,100,100056,100,99925,100,100060,100,99907,100,100088,100,99897,100,100094,100,99874,100,100100,100,99870,100
2019-06-28 09:33:40.000000000,100005,343,99975,343,100006,343,99972,343,100023,100,99968,100,100043,100,99955,100,100055,300,99939,100,100056,100,99925,100,100060,100,99907,100,100088,100,99897,100,100094,100,99874,100,100100,100,99870,100
2019-06-28 09:33:42.479026279,100005,343,99975,343,100006,343,99972,343,100023,100,99968,100,100043,100,99955,100,100055,300,99939,100,100056,100,99925,100,100060,100,99907,100,100088,100,99897,100,100094,100,99874,100,100100,100,99870,100
2019-06-28 09:33:47.272823914,100005,343,99975,243,100006,343,99972,343,100023,100,99968,100,100043,100,99955,100,100055,300,99939,100,100056,100,99925,100,100060,100,99907,100,100088,100,99897,100,100094,100,99874,100,100100,100,99870,100
2019-06-28 09:33:50.000000000,100005,222,99972,222,100006,222,99968,222,100023,222,99955,222,100043,222,99939,222,100055,300,99925,100,100056,100,99907,100,100060,100,99897,100,100088,100,99874,100,100094,100,99870,100,100100,100,99868,100
2019-06-28 09:33:51.217286526,100005,222,99972,122,100006,222,99968,222,100023,222,99955,222,100043,222,99939,222,100055,300,99925,100,100056,100,99907,100,100060,100,99897,100,100088,100,99874,100,100094,100,99870,100,100100,100,99868,100
2019-06-28 09:34:00.000000000,100005,343,99968,343,100006,343,99955,343,100023,100,99939,100,100043,100,99925,100,100055,300,99907,100,100056,100,99897,100,100060,100,99874,100,100088,100,99870,100,100094,100,99868,100,100100,100,99862,100
2019-06-28 09:34:10.000000000,100005,222,99968,222,100006,222,99955,222,100023,222,99939,222,100043,222,99925,222,100055,300,99907,100,100056,100,99897,100,100060,100,99874,100,100088,100,99870,100,100094,100,99868,100,100100,100,99862,100
2019-06-28 09:34:16.688071003,100005,222,99968,122,100006,222,99955,222,100023,222,99939,222,100043,222,99925,222,100055,300,99907,100,100056,100,99874,100,100060,100,99870,100,100088,100,99868,100,100094,100,99862,100,100100,100,99847,100
2019-06-28 09:34:20.000000000,100005,586,99955,586,100006,100,99939,100,100023,100,99925,100,100043,100,99907,100,100055,300,99874,100,100056,100,99870,100,100060,100,99868,100,100088,100,99862,100,100094,100,99847,100,100100,100,99845,100
2019-06-28 09:34:29.305044841,100005,586,99955,586,100006,100,99939,100,100023,100,99925,100,100043,100,99907,100,100055,300,99874,100,100056,100,99870,100,100060,100,99868,100,100088,100,99862,100,100094,100,99847,100,100100,100,99845,100
2019-06-28 09:34:30.000000000,100005,343,99955,343,100006,343,99939,343,100023,100,99925,100,100043,100,99907,100,100055,300,99874,100,100056,100,99870,100,100060,100,99868,100,100088,100,99862,100,100094,100,99847,100,100100,100,99845,100
2019-06-28 09:34:40.000000000,100005,343,99955,343,100006,343,99939,343,100023,100,99925,100,100043,100,99907,100,100055,300,99874,100,100056,100,99870,100,100060,100,99868,100,100088,100,99862,100,100094,100,99847,100,100100,100,99845,100
2019-06-28 09:34:42.438459322,100005,343,99955,343,100006,343,99939,343,100023,100,99925,100,100043,100,99907,100,100055,300,99874,100,100056,100,99870,100,100060,100,99868,100,100088,100,99862,100,100094,100,99847,100,100100,100,99845,100
2019-06-28 09:34:43.946362988,100005,343,99955,243,100006,343,99939,343,100023,100,99925,100,100043,100,99907,100,100055,300,99874,100,100056,100,99870,100,100060,100,99868,100,100088,100,99862,100,100094,100,99847,100,100100,100,99845,100
2019-06-28 09:34:45.740863610,99968,100,99955,243,100005,343,99939,343,100006,343,99925,100,100023,100,99907,100,100043,100,99874,100,100055,300,99870,100,100060,100,99868,100,100088,100,99862,100,100094,100,99847,100,100100,100,99845,100
2019-06-28 09:34:50.000000000,99968,222,99939,222,100005,222,99925,222,100006,222,99907,222,100023,222,99874,222,100043,100,99870,100,100055,300,99868,100,100060,100,99862,100,100088,100,99847,100,100094,100,99845,100,100100,100,99843,100
2019-06-28 09:34:55.747847617,99968,222,99939,122,100005,222,99925,222,100006,222,99907,222,100023,222,99874,222,100043,100,99870,100,100055,300,99868,100,100060,100,99862,100,100088,100,99847,100,100094,100,99845,100,100100,100,99843,100
2019-06-28 09:35:00.000000000,99968,343,99925,343,100005,343,99907,343,100006,100,99874,100,100023,100,99870,100,100043,100,99868,100,100055,300,99862,100,100060,100,99847,100,100088,100,99845,100,100094,100,99843,100,100100,100,99833,100
2019-06-28 09:35:10.000000000,99968,222,99925,222,100005,222,99907,222,100006,222,99874,222,100023,222,99870,222,100043,100,99868,100,100055,300,99862,100,100060,100,99847,100,100088,100,99845,100,100094,100,99843,100,100100,100,99833,100
2019-06-28 09:35:20.000000000,99968,586,99925,586,100005,100,99907,100,100006,100,99874,100,100023,100,99870,100,100043,100,99868,100,100055,300,99862,100,100060,100,99847,100,100088,100,99845,100,100094,100,99843,100,100100,100,99833,100
2019-06-28 09:35:26.582470345,99968,586,99925,586,100005,100,99907,100,100006,100,99874,100,100043,100,99870,100,100055,300,99868,100,100060,100,99862,100,100088,100,99847,100,100094,100,99845,100,100100,100,99843,100,100102,100,99833,100
2019-06-28 09:35:30.000000000,99968,586,99925,586,100005,100,99907,100,100006,100,99874,100,100043,100,99870,100,100055,300,99868,100,100060,100,99862,100,100088,100,99847,100,100094,100,99845,100,100100,100,99843,100,100102,100,99833,100
2019-06-28 09:35:40.000000000,99968,222,99925,222,100005,222,99907,222,100006,222,99874,222,100043,222,99870,222,100055,300,99868,100,100060,100,99862,100,100088,100,99847,100,100094,100,99845,100,100100,100,99843,100,100102,100,99833,100
2019-06-28 09:35:40.997305608,99968,222,99925,122,100005,222,99907,222,100006,222,99874,222,100043,222,99870,222,100055,300,99868,100,100060,100,99862,100,100088,100,99847,100,100094,100,99845,100,100102,100,99843,100,100107,100,99833,100
2019-06-28 09:35:44.280002193,99968,222,99925,22,100005,222,99907,222,100006,222,99874,222,100043,222,99870,222,100055,300,99868,100,100060,100,99862,100,100088,100,99847,100,100094,100,99845,100,100102,100,99843,100,100107,100,99833,100
2019-06-28 09:35:50.000000000,99968,222,99907,222,100005,222,99874,222,100006,222,99870,222,100043,222,99868,222,100055,300,99862,100,100060,100,99847,100,100088,100,99845,100,100094,100,99843,100,100102,100,99833,100,100107,100,99823,200
2019-06-28 09:36:00.000000000,99968,343,99907,343,100005,343,99874,343,100006,100,99870,100,100043,100,99868,100,100055,300,99862,100,100060,100,99847,100,100088,100,99845,100,100094,100,99843,100,100102,100,99833,100,100107,100,99823,200
2019-06-28 09:36:09.257347181,99968,343,99907,243,100005,343,99874,343,100006,100,99870,100,100043,100,99868,100,100055,300,99862,100,100060,100,99847,100,100088,100,99845,100,100094,100,99843,100,100102,100,99833,100,100107,100,99823,200
2019-06-28 09:36:10.000000000,99968,197,99874,197,100005,197,99870,197,100006,197,99868,197,100043,197,99862,197,100055,397,99847,197,100060,100,99845,100,100088,100,99843,100,100094,100,99833,100,100102,100,99823,200,100107,100,99726,100
2019-06-28 09:36:20.000000000,99968,197,99874,197,100005,197,99870,197,100006,197,99868,197,100043,197,99862,197,100055,397,99847,197,100060,100,99845,100,100088,100,99843,100,100094,100,99833,100,100102,100,99823,200,100107,100,99726,100
2019-06-28 09:36:30.000000000,99968,586,99874,586,100005,100,99870,100,100006,100,99868,100,100043,100,99862,100,100055,300,99847,100,100060,100,99845,100,100088,100,99843,100,100094,100,99833,100,100102,100,99823,200,100107,100,99726,100
2019-06-28 09:36:33.016624388,99925,100,99874,586,99968,586,99870,100,100005,100,99868,100,100006,100,99862,100,100043,100,99847,100,100055,300,99845,100,100060,100,99843,100,100088,100,99833,100,100094,100,99823,200,100102,100,99726,100
2019-06-28 09:36:38.510655323,99925,100,99874,486,99968,586,99870,100,100005,100,99868,100,100006,100,99862,100,100043,100,99847,100,100055,300,99845,100,100060,100,99843,100,100088,100,99833,100,100094,100,99823,200,100102,100,99726,100
2019-06-28 09:36:40.000000000,99925,586,99870,586,99968,100,99868,100,100005,100,99862,100,100006,100,99847,100,100043,100,99845,100,100055,300,99843,100,100060,100,99833,100,100088,100,99823,200,100094,100,99726,100,100102,100,99412,100
2019-06-28 09:36:50.000000000,99925,265,99870,265,99968,260,99868,260,100005,260,99862,260,100006,100,99847,100,100043,100,99845,100,100055,300,99843,100,100060,100,99833,100,100088,100,99823,200,100094,100,99726,100,100102,100,99412,100
2019-06-28 09:37:00.000000000,99925,197,99870,197,99968,197,99868,197,100005,197,99862,197,100006,197,99847,197,100043,197,99845,197,100055,300,99843,100,100060,100,99833,100,100088,100,99823,200,100094,100,99726,100,100102,100,99412,100
2019-06-28 09:37:01.643489668,99925,197,99870,97,99968,197,99868,197,100005,197,99862,197,100006,197,99847,197,100043,197,99845,197,100055,300,99843,100,100060,100,99833,100,100088,100,99823,200,100094,100,99726,100,100102,100,99412,100
2019-06-28 09:37:01.936679474,99870,3,99868,197,99925,197,99862,197,99968,197,99847,197,100005,197,99845,197,100006,197,99843,100,100043,197,99833,100,100055,300,99823,200,100060,100,99726,100,100088,100,99412,100,100094,100,99347,100
2019-06-28 09:37:10.000000000,99870,100,99868,197,99925,197,99862,197,99968,197,99847,197,100005,197,99845,197,100006,197,99843,197,100043,100,99833,100,100055,300,99823,200,100060,100,99726,100,100088,100,99412,100,100094,100,99347,100
2019-06-28 09:37:20.000000000,99870,125,99868,222,99925,222,99862,222,99968,222,99847,222,100005,222,99845,222,100006,100,99843,100,100043,100,99833,100,100055,300,99823,200,100060,100,99726,100,100088,100,99412,100,100094,100,99347,100
2019-06-28 09:37:21.102819582,99870,125,99868,222,99925,222,99862,222,99968,222,99847,222,100005,222,99845,222,100006,100,99843,100,100043,100,99833,100,100055,300,99823,200,100060,100,99726,100,100094,100,99479,100,100102,100,99412,100
2019-06-28 09:37:25.069993703,99870,125,99868,222,99925,222,99862,222,99968,222,99847,222,100005,222,99845,222,100006,100,99843,100,100043,100,99823,200,100055,300,99726,100,100060,100,99479,100,100094,100,99412,100,100102,100,99347,100
2019-06-28 09:37:30.000000000,99870,125,99868,222,99925,222,99862,222,99968,222,99847,222,100005,222,99845,222,100006,100,99843,100,100043,100,99823,200,100055,300,99726,100,100060,100,99479,100,100094,100,99412,100,100102,100,99347,100
2019-06-28 09:37:37.039708131,99870,225,99868,222,99925,222,99862,222,99968,222,99847,222,100005,222,99845,222,100006,100,99843,100,100043,100,99823,200,100055,300,99726,100,100060,100,99479,100,100094,100,99412,100,100102,100,99347,100
2019-06-28 09:37:37.097035367,99870,225,99868,222,99925,222,99862,222,99968,222,99847,222,100005,222,99845,222,100006,100,99823,200,100043,100,99726,100,100055,300,99479,100,100060,100,99412,100,100094,100,99347,100,100102,100,99338,100
2019-06-28 09:37:39.559362736,99870,225,99868,122,99925,222,99862,222,99968,222,99847,222,100005,222,99845,222,100006,100,99823,200,100043,100,99726,100,100055,300,99479,100,100060,100,99412,100,100094,100,99347,100,100102,100,99338,100
2019-06-28 09:37:40.000000000,99870,589,99862,586,99925,100,99847,100,99968,100,99845,100,100005,100,99823,200,100006,100,99726,100,100043,100,99479,100,100055,300,99412,100,100060,100,99347,100,100094,100,99338,100,100102,100,99335,100
2019-06-28 09:37:50.000000000,99870,225,99862,222,99925,222,99847,222,99968,222,99845,222,100005,222,99823,322,100006,100,99726,100,100043,100,99479,100,100055,300,99412,100,100060,100,99347,100,100094,100,99338,100,100102,100,99335,100
2019-06-28 09:38:00.000000000,99870,225,99862,222,99925,222,99847,222,99968,222,99845,222,100005,222,99823,322,100006,100,99726,100,100043,100,99479,100,100055,300,99412,100,100060,100,99347,100,100094,100,99338,100,100102,100,99335,100
2019-06-28 09:38:06.444078480,99870,225,99862,222,99925,222,99847,222,99968,222,99845,222,100005,222,99823,322,100006,100,99726,100,100043,100,99529,100,100055,300,99479,100,100060,100,99412,100,100094,100,99347,100,100102,100,99338,100
2019-06-28 09:38:10.000000000,99870,225,99862,222,99925,222,99847,222,99968,222,99845,222,100005,222,99823,322,100006,100,99726,100,100043,100,99529,100,100055,300,99479,100,100060,100,99412,100,100094,100,99347,100,100102,100,99338,100
2019-06-28 09:38:20.000000000,99870,589,99862,586,99925,100,99847,100,99968,100,99845,100,100005,100,99823,200,100006,100,99726,100,100043,100,99529,100,100055,300,99479,100,100060,100,99412,100,100094,100,99347,100,100102,100,99338,100
2019-06-28 09:38:20.981423644,99870,589,99862,586,99925,100,99847,100,99968,100,99845,100,100005,100,99823,200,100006,100,99726,100,100043,100,99596,100,100055,300,99529,100,100094,100,99479,100,100102,100,99412,100,100107,100,99347,100
2019-06-28 09:38:30.000000000,99870,346,99862,343,99925,343,99847,343,99968,100,99845,100,100005,100,99823,200,100006,100,99726,100,100043,100,99596,100,100055,300,99529,100,100094,100,99479,100,100102,100,99412,100,100107,100,99347,100
2019-06-28 09:38:40.000000000,99870,225,99862,222,99925,222,99847,222,99968,222,99845,222,100005,222,99823,322,100006,100,99726,100,100043,100,99596,100,100055,300,99529,100,100094,100,99479,100,100102,100,99412,100,100107,100,99347,100
2019-06-28 09:38:50.000000000,99870,346,99862,343,99925,343,99847,343,99968,100,99845,100,100005,100,99823,200,100006,100,99726,100,100043,100,99596,100,100055,300,99529,100,100094,100,99479,100,100102,100,99412,100,100107,100,99347,100
2019-06-28 09:38:56.142131788,99870,346,99862,343,99925,343,99847,343,99968,100,99845,100,100005,100,99823,200,100006,100,99726,100,100043,100,99596,100,100055,300,99529,100,100094,100,99479,100,100102,100,99412,100,100107,100,99347,100
2019-06-28 09:38:59.990365848,99870,346,99862,243,99925,343,99847,343,99968,100,99845,100,100005,100,99823,200,100006,100,99726,100,100043,100,99596,100,100055,300,99529,100,100094,100,99479,100,100102,100,99412,100,100107,100,99347,100
2019-06-28 09:39:00.000000000,99870,346,99847,343,99925,343,99845,343,99968,100,99823,200,100005,100,99726,100,100006,100,99596,100,100043,100,99529,100,100055,300,99479,100,100094,100,99412,100,100102,100,99347,100,100107,100,99338,100
2019-06-28 09:39:06.069755868,99870,346,99847,343,99925,343,99845,343,99968,100,99823,200,100005,100,99726,100,100006,100,99596,100,100043,100,99529,100,100055,300,99479,100,100094,100,99412,100,100102,100,99347,100,100107,100,99338,100
2019-06-28 09:39:10.000000000,99870,346,99847,343,99925,343,99845,343,99968,100,99823,200,100005,100,99726,100,100006,100,99596,100,100043,100,99529,100,100055,300,99479,100,100094,100,99412,100,100102,100,99347,100,100107,100,99338,100
2019-06-28 09:39:20.000000000,99870,589,99847,586,99925,100,99845,100,99968,100,99823,200,100005,100,99726,100,100006,100,99596,100,100043,100,99529,100,100055,300,99479,100,100094,100,99412,100,100102,100,99347,100,100107,100,99338,100
2019-06-28 09:39:28.433059527,99870,589,99847,586,99925,100,99845,100,99968,100,99823,200,100005,100,99726,100,100006,100,99596,100,100043,100,99529,100,100055,300,99479,100,100094,100,99412,100,100102,100,99347,100,100110,100,99338,100
2019-06-28 09:39:30.000000000,99870,589,99847,586,99925,100,99845,100,99968,100,99823,200,100005,100,99726,100,100006,100,99596,100,100043,100,99529,100,100055,300,99479,100,100094,100,99412,100,100102,100,99347,100,100110,100,99338,100
2019-06-28 09:39:40.000000000,99870,589,99847,586,99925,100,99845,100,99968,100,99823,200,100005,100,99726,100,100006,100,99596,100,100043,100,99529,100,100055,300,99479,100,100094,100,99412,100,100102,100,99347,100,100110,100,99338,100
2019-06-28 09:39:50.000000000,99870,346,99847,343,99925,343,99845,343,99968,100,99823,200,100005,100,99726,100,100006,100,99596,100,100043,100,99529,100,100055,300,99479,100,100094,100,99412,100,100102,100,99347,100,100110,100,99338,100
2019-06-28 09:39:55.392111093,99868,100,99847,343,99870,346,99845,343,99925,343,99823,200,99968,100,99726,100,100005,100,99596,100,100006,100,99529,100,100043,100,99479,100,100055,300,99412,100,100094,100,99347,100,100102,100,99338,100
2019-06-28 09:39:57.785027989,99868,100,99847,343,99870,346,99845,343,99925,343,99823,200,99968,100,99726,100,100005,100,99596,100,100006,100,99529,100,100043,100,99479,100,100055,300,99412,100,100094,100,99347,100,100102,100,99338,100
2019-06-28 09:40:00.000000000,99868,343,99847,343,99870,346,99845,343,99925,100,99823,200,99968,100,99726,100,100005,100,99596,100,100006,100,99529,100,100043,100,99479,100,100055,300,99412,100,100094,100,99347,100,100102,100,99338,100
2019-06-28 09:40:10.000000000,99868,265,99847,265,99870,263,99845,260,99925,260,99823,360,99968,100,99726,100,100005,100,99596,100,100006,100,99529,100,100043,100,99479,100,100055,300,99412,100,100094,100,99347,100,100102,100,99338,100
2019-06-28 09:40:20.000000000,99868,586,99847,586,99870,103,99845,100,99925,100,99823,200,99968,100,99726,100,100005,100,99596,100,100006,100,99529,100,100043,100,99479,100,100055,300,99412,100,100094,100,99347,100,100102,100,99338,100
2019-06-28 09:40:23.739003616,99868,586,99847,486,99870,103,99845,100,99925,100,99823,200,99968,100,99726,100,100005,100,99596,100,100006,100,99529,100,100055,300,99479,100,100094,100,99412,100,100102,100,99347,100,100110,100,99338,100
2019-06-28 09:40:27.635006046,99862,100,99847,486,99868,586,99845,100,99870,103,99823,200,99925,100,99726,100,99968,100,99596,100,100005,100,99529,100,100006,100,99479,100,100055,300,99412,100,100094,100,99347,100,100102,100,99338,100
2019-06-28 09:40:30.000000000,99862,222,99845,222,99868,222,99823,322,99870,225,99726,222,99925,222,99596,222,99968,100,99529,100,100005,100,99479,100,100006,100,99412,100,100055,300,99347,100,100094,100,99338,100,100102,100,99278,100
2019-06-28 09:40:40.000000000,99862,586,99845,586,99868,100,99823,200,99870,103,99726,100,99925,100,99596,100,99968,100,99529,100,100005,100,99479,100,100006,100,99412,100,100055,300,99347,100,100094,100,99338,100,100102,100,99278,100
2019-06-28 09:40:41.353655674,99862,586,99845,486,99868,100,99823,200,99870,103,99726,100,99925,100,99596,100,99968,100,99529,100,100005,100,99479,100,100006,100,99347,100,100055,300,99338,100,100094,100,99278,100,100102,100,99252,100
2019-06-28 09:40:50.000000000,99862,197,99823,297,99868,197,99726,197,99870,200,99596,197,99925,197,99529,197,99968,197,99479,197,100005,100,99347,100,100006,100,99338,100,100055,300,99278,100,100094,100,99252,100,100102,100,99223,100
2019-06-28 09:41:00.000000000,99862,222,99823,322,99868,222,99726,222,99870,225,99596,222,99925,222,99529,222,99968,100,99479,100,100005,100,99347,100,100006,100,99338,100,100055,300,99278,100,100094,100,99252,100,100102,100,99223,100
2019-06-28 09:41:10.000000000,99862,265,99823,365,99868,260,99726,260,99870,263,99596,260,99925,100,99529,100,99968,100,99479,100,100005,100,99347,100,100006,100,99338,100,100055,300,99278,100,100094,100,99252,100,100102,100,99223,100
2019-06-28 09:41:12.929863627,99862,265,99823,265,99868,260,99726,260,99870,263,99596,260,99925,100,99529,100,99968,100,99479,100,100005,100,99347,100,100006,100,99338,100,100055,300,99278,100,100094,100,99252,100,100102,100,99223,100
2019-06-28 09:41:15.823212220,99862,265,99823,265,99868,260,99726,260,99870,263,99596,260,99925,100,99529,100,99968,100,99479,100,100005,100,99347,100,100006,100,99338,100,100055,300,99278,100,100094,100,99252,100,100102,100,99223,100
2019-06-28 09:41:19.607338778,99862,265,99823,265,99868,260,99726,260,99870,263,99596,260,99925,100,99529,100,99968,100,99479,100,100005,100,99347,100,100006,100,99338,100,100055,300,99278,100,100094,100,99252,100,100102,100,99223,100
2019-06-28 09:41:20.000000000,99862,265,99823,265,99868,260,99726,260,99870,263,99596,260,99925,100,99529,100,99968,100,99479,100,100005,100,99347,100,100006,100,99338,100,100055,300,99278,100,100094,100,99252,100,100102,100,99223,100
2019-06-28 09:41:27.605523584,99862,265,99823,165,99868,260,99726,260,99870,263,99596,260,99925,100,99529,100,99968,100,99479,100,100005,100,99347,100,100006,100,99338,100,100055,300,99278,100,100094,100,99252,100,100102,100,99223,100
2019-06-28 09:41:27.740167123,99862,265,99823,165,99868,260,99726,260,99870,263,99596,260,99968,100,99529,100,100005,100,99479,100,100006,100,99347,100,100055,300,99338,100,100094,100,99278,100,100102,100,99252,100,100110,100,99223,100
2019-06-28 09:41:30.000000000,99862,265,99726,265,99868,260,99596,260,99870,263,99529,260,99968,100,99479,100,100005,100,99347,100,100006,100,99338,100,100055,300,99278,100,100094,100,99252,100,100102,100,99223,100,100110,100,99046,100
2019-06-28 09:41:40.000000000,99862,222,99726,222,99868,222,99596,222,99870,225,99529,222,99968,222,99479,222,100005,100,99347,100,100006,100,99338,100,100055,300,99278,100,100094,100,99252,100,100102,100,99223,100,100110,100,99046,100
2019-06-28 09:41:43.494072311,99823,100,99726,222,99862,122,99596,222,99868,222,99529,222,99870,225,99479,222,99968,222,99347,100,100005,100,99338,100,100006,100,99278,100,100055,300,99252,100,100094,100,99223,100,100102,100,99046,100
2019-06-28 09:41:50.000000000,99823,197,99726,197,99868,197,99596,197,99870,200,99529,197,99968,197,99479,197,100005,197,99347,197,100006,100,99338,100,100055,300,99278,100,100094,100,99252,100,100102,100,99223,100,100110,100,99046,100
2019-06-28 09:42:00.000000000,99823,197,99726,197,99868,197,99596,197,99870,200,99529,197,99968,197,99479,197,100005,197,99347,197,100006,100,99338,100,100055,300,99278,100,100094,100,99252,100,100102,100,99223,100,100110,100,99046,100
2019-06-28 09:42:10.000000000,99823,343,99726,343,99868,343,99596,343,99870,103,99529,100,99968,100,99479,100,100005,100,99347,100,100006,100,99338,100,100055,300,99278,100,100094,100,99252,100,100102,100,99223,100,100110,100,99046,100
2019-06-28 09:42:19.213649840,99823,343,99726,243,99868,343,99596,343,99870,100,99529,100,99968,100,99479,100,100005,100,99347,100,100006,100,99338,100,100055,300,99278,100,100094,100,99252,100,100102,100,99223,100,100110,100,99046,100
2019-06-28 09:42:20.000000000,99823,222,99596,222,99868,222,99529,222,99870,222,99479,222,99968,222,99347,222,100005,100,99338,100,100006,100,99278,100,100055,300,99252,100,100094,100,99223,100,100102,100,99046,100,100110,100,98588,100
2019-06-28 09:42:30.000000000,99823,197,99596,197,99868,197,99529,197,99870,197,99479,197,99968,197,99347,197,100005,197,99338,197,100006,100,99278,100,100055,300,99252,100,100094,100,99223,100,100102,100,99046,100,100110,100,98588,100
2019-06-28 09:42:36.933110068,99823,197,99596,197,99868,197,99529,197,99870,197,99479,197,99968,197,99347,197,100005,197,99338,197,100006,100,99278,100,100055,300,99252,100,100094,100,99223,100,100102,100,99046,100,100110,100,98588,100
2019-06-28 09:42:39.524849448,99823,197,99596,97,99868,197,99529,197,99870,197,99479,197,99968,197,99347,197,100005,197,99338,197,100006,100,99278,100,100055,300,99252,100,100094,100,99223,100,100102,100,99046,100,100110,100,98588,100
2019-06-28 09:42:40.000000000,99823,343,99529,343,99868,343,99479,343,99870,100,99347,100,99968,100,99338,100,100005,100,99278,100,100006,100,99252,100,100055,300,99223,100,100094,100,99046,100,100102,100,98588,100,100110,100,98494,100
2019-06-28 09:42:43.956176623,99726,100,99529,343,99823,343,99479,343,99868,343,99347,100,99870,100,99338,100,99968,100,99278,100,100005,100,99252,100,100006,100,99223,100,100055,300,99046,100,100094,100,98588,100,100102,100,98494,100
2019-06-28 09:42:45.429552437,99726,200,99529,343,99823,343,99479,343,99868,243,99347,100,99870,100,99338,100,99968,100,99278,100,100005,100,99252,100,100006,100,99223,100,100055,300,99046,100,100094,100,98588,100,100102,100,98494,100
2019-06-28 09:42:48.500773338,99726,300,99529,343,99823,343,99479,343,99868,243,99347,100,99870,100,99338,100,99968,100,99278,100,100005,100,99252,100,100006,100,99223,100,100055,300,99046,100,100094,100,98588,100,100102,100,98494,100
2019-06-28 09:42:50.000000000,99726,422,99529,222,99823,222,99479,222,99870,222,99347,222,99968,222,99338,222,100005,100,99278,100,100006,100,99252,100,100055,300,99223,100,100094,100,99046,100,100102,100,98588,100,100110,100,98494,100
2019-06-28 09:43:00.000000000,99726,786,99529,586,99823,100,99479,100,99870,100,99347,100,99968,100,99338,100,100005,100,99278,100,100006,100,99252,100,100055,300,99223,100,100094,100,99046,100,100102,100,98588,100,100110,100,98494,100
2019-06-28 09:43:10.000000000,99726,543,99529,343,99823,343,99479,343,99870,100,99347,100,99968,100,99338,100,100005,100,99278,100,100006,100,99252,100,100055,300,99223,100,100094,100,99046,100,100102,100,98588,100,100110,100,98494,100
2019-06-28 09:43:20.000000000,99726,422,99529,222,99823,222,99479,222,99870,222,99347,222,99968,222,99338,222,100005,100,99278,100,100006,100,99252,100,100055,300,99223,100,100094,100,99046,100,100102,100,98588,100,100110,100,98494,100
2019-06-28 09:43:28.472411886,99726,422,99529,122,99823,222,99479,122,99870,222,99347,222,99968,222,99338,222,100005,100,99278,100,100006,100,99252,100,100055,300,99223,100,100094,100,99046,100,100102,100,98588,100,100110,100,98494,100
2019-06-28 09:43:30.000000000,99726,465,99347,265,99823,260,99338,260,99870,260,99278,260,99968,100,99252,100,100005,100,99223,100,100006,100,99046,100,100055,300,98588,100,100094,100,98494,100,100102,100,98341,100,100110,100,97852,100
2019-06-28 09:43:32.210325969,99726,465,99347,165,99823,260,99338,260,99870,260,99278,160,99968,100,99252,100,100005,100,99223,100,100006,100,99046,100,100055,300,98588,100,100094,100,98494,100,100102,100,98341,100,100110,100,97852,100
2019-06-28 09:43:36.051823471,99726,465,99347,65,99823,260,99338,260,99870,260,99278,160,99968,100,99252,100,100005,100,99223,100,100006,100,99046,100,100055,300,98588,100,100094,100,98494,100,100102,100,98341,100,100110,100,97852,100
2019-06-28 09:43:40.000000000,99726,543,99338,343,99823,343,99252,343,99870,100,99223,100,99968,100,99046,100,100005,100,98588,100,100006,100,98494,100,100055,300,98341,100,100094,100,97852,100,100102,100,97807,100,100110,100,,
2019-06-28 09:43:49.273718821,99726,543,99338,343,99823,343,99252,343,99870,100,99223,100,99968,100,99059,100,100005,100,99046,100,100006,100,98588,100,100055,300,98494,100,100094,100,98341,100,100110,100,97852,100,100117,100,97807,100
2019-06-28 09:43:50.000000000,99726,397,99338,197,99823,197,99252,197,99870,197,99223,197,99968,197,99059,197,100005,197,99046,197,100006,100,98588,100,100055,300,98494,100,100094,100,98341,100,100110,100,97852,100,100117,100,97807,100
2019-06-28 09:43:54.421808380,99347,100,99338,197,99726,397,99252,197,99823,97,99223,197,99870,197,99059,197,99968,197,99046,197,100005,197,98588,100,100006,100,98494,100,100055,300,98341,100,100094,100,97852,100,100110,100,97807,100
2019-06-28 09:43:59.362764596,99347,100,99338,97,99726,397,99252,197,99823,97,99223,197,99870,197,99059,197,99968,197,99046,197,100005,197,98588,100,100006,100,98494,100,100055,300,98341,100,100094,100,97852,100,100110,100,97807,100
2019-06-28 09:44:00.000000000,99347,197,99252,197,99726,397,99223,197,99870,197,99059,197,99968,197,99046,197,100005,197,98588,197,100006,100,98494,100,100055,300,98341,100,100094,100,97852,100,100110,100,97807,100,100117,100,,
2019-06-28 09:44:04.165766355,99347,197,99252,97,99726,397,99223,197,99870,197,99059,197,99968,197,99046,197,100005,197,98588,197,100006,100,98494,100,100055,300,98341,100,100094,100,97852,100,100110,100,97807,100,100117,100,,
2019-06-28 09:44:10.000000000,99347,197,99223,197,99726,397,99059,197,99870,197,99046,197,99968,197,98588,197,100005,197,98494,197,100006,100,98341,100,100055,300,97852,100,100094,100,97807,100,100110,100,,,100117,100,,
2019-06-28 09:44:20.000000000,99347,222,99223,222,99726,422,99059,222,99870,222,99046,222,99968,222,98588,222,100005,100,98494,100,100006,100,98341,100,100055,300,97852,100,100094,100,97807,100,100110,100,,,100117,100,,
2019-06-28 09:44:30.000000000,99347,265,99223,265,99726,460,99059,260,99870,260,99046,260,99968,100,98588,100,100005,100,98494,100,100006,100,98341,100,100055,300,97852,100,100094,100,97807,100,100110,100,,,100117,100,,
2019-06-28 09:44:40.000000000,99347,343,99223,343,99726,543,99059,343,99870,100,99046,100,99968,100,98588,100,100005,100,98494,100,100006,100,98341,100,100055,300,97852,100,100094,100,97807,100,100110,100,,,100117,100,,
2019-06-28 09:44:50.000000000,99347,222,99223,222,99726,422,99059,222,99870,222,99046,222,99968,222,98588,222,100005,100,98494,100,100006,100,98341,100,100055,300,97852,100,100094,100,97807,100,100110,100,,,100117,100,,
2019-06-28 09:45:00.000000000,99347,265,99223,265,99726,460,99059,260,99870,260,99046,260,99968,100,98588,100,100005,100,98494,100,100006,100,98341,100,100055,300,97852,100,100094,100,97807,100,100110,100,,,100117,100,,
2019-06-28 09:45:10.000000000,99347,222,99223,222,99726,422,99059,222,99870,222,99046,222,99968,222,98588,222,100005,100,98494,100,100006,100,98341,100,100055,300,97852,100,100094,100,97807,100,100110,100,,,100117,100,,
2019-06-28 09:45:12.169731945,99347,222,99312,100,99726,422,99223,222,99870,222,99059,222,99968,222,99046,222,100005,100,98588,222,100006,100,98494,100,100055,300,98341,100,100094,100,97852,100,100110,100,97807,100,100117,100,,
2019-06-28 09:45:18.790474387,99347,222,99312,100,99637,100,99223,222,99726,422,99059,122,99870,222,99046,222,99968,222,98588,222,100005,100,98494,100,100006,100,98341,100,100055,300,97852,100,100094,100,97807,100,100110,100,,
2019-06-28 09:45:20.000000000,99347,222,99312,222,99637,222,99223,222,99726,422,99046,222,99870,222,98588,222,99968,100,98494,100,100005,100,98341,100,100006,100,97852,100,100055,300,97807,100,100094,100,,,100110,100,,
2019-06-28 09:45:26.707295998,99347,122,99312,222,99637,222,99223,222,99726,422,99046,222,99870,222,98588,222,99968,100,98494,100,100005,100,98341,100,100006,100,97852,100,100055,300,97807,100,100094,100,,,100110,100,,
2019-06-28 09:45:30.000000000,99637,586,99312,586,99726,300,99223,100,99870,100,99046,100,99968,100,98588,100,100005,100,98494,100,100006,100,98341,100,100055,300,97852,100,100094,100,97807,100,100110,100,,,100117,100,,
2019-06-28 09:45:31.129099920,99637,586,99312,586,99726,200,99253,100,99870,100,99223,100,99968,100,99046,100,100005,100,98588,100,100006,100,98494,100,100055,300,98341,100,100094,100,97852,100,100110,100,97807,100,100117,100,,
2019-06-28 09:45:40.000000000,99637,265,99312,265,99726,360,99253,260,99870,260,99223,260,99968,100,99046,100,100005,100,98588,100,100006,100,98494,100,100055,300,98341,100,100094,100,97852,100,100110,100,97807,100,100117,100,,
2019-06-28 09:45:44.034329310,99637,265,99313,100,99726,360,99312,265,99870,260,99253,260,99968,100,99223,260,100005,100,99046,100,100006,100,98588,100,100055,300,98494,100,100094,100,98341,100,100110,100,97852,100,100117,100,97807,100
2019-06-28 09:45:50.000000000,99637,265,99313,265,99726,360,99312,260,99870,260,99253,260,99968,100,99223,100,100005,100,99046,100,100006,100,98588,100,100055,300,98494,100,100094,100,98341,100,100110,100,97852,100,100117,100,97807,100
2019-06-28 09:45:50.055140014,99637,265,99313,265,99726,360,99312,260,99870,260,99253,260,99968,100,99223,100,100005,100,99117,100,100006,100,99046,100,100055,300,98588,100,100094,100,98494,100,100110,100,98341,100,100117,100,97852,100
2019-06-28 09:45:53.899155136,99637,265,99313,265,99726,360,99312,260,99870,260,99253,260,99968,100,99223,100,100005,100,99140,100,100006,100,99117,100,100055,300,99046,100,100094,100,98588,100,100110,100,98494,100,100117,100,98341,100
2019-06-28 09:46:00.000000000,99637,197,99313,197,99726,297,99312,197,99870,197,99253,197,99968,197,99223,197,100005,197,99140,197,100006,100,99117,100,100055,300,99046,100,100094,100,98588,100,100110,100,98494,100,100117,100,98341,100
2019-06-28 09:46:10.000000000,99637,343,99313,343,99726,443,99312,343,99870,100,99253,100,99968,100,99223,100,100005,100,99140,100,100006,100,99117,100,100055,300,99046,100,100094,100,98588,100,100110,100,98494,100,100117,100,98341,100
2019-06-28 09:46:20.000000000,99637,265,99313,265,99726,360,99312,260,99870,260,99253,260,99968,100,99223,100,100005,100,99140,100,100006,100,99117,100,100055,300,99046,100,100094,100,98588,100,100110,100,98494,100,100117,100,98341,100
2019-06-28 09:46:27.049255091,99637,265,99313,265,99726,360,99312,260,99870,260,99303,100,99968,100,99253,260,100005,100,99223,100,100006,100,99140,100,100055,300,99117,100,100094,100,99046,100,100110,100,98588,100,100117,100,98494,100
2019-06-28 09:46:30.000000000,99637,222,99313,222,99726,322,99312,222,99870,222,99303,222,99968,222,99253,222,100005,100,99223,100,100006,100,99140,100,100055,300,99117,100,100094,100,99046,100,100110,100,98588,100,100117,100,98494,100
2019-06-28 09:46:40.000000000,99637,343,99313,343,99726,443,99312,343,99870,100,99303,100,99968,100,99253,100,100005,100,99223,100,100006,100,99140,100,100055,300,99117,100,100094,100,99046,100,100110,100,98588,100,100117,100,98494,100
2019-06-28 09:46:50.000000000,99637,586,99313,586,99726,200,99312,100,99870,100,99303,100,99968,100,99253,100,100005,100,99223,100,100006,100,99140,100,100055,300,99117,100,100094,100,99046,100,100110,100,98588,100,100117,100,98494,100
2019-06-28 09:46:55.161512241,99637,586,99313,486,99726,200,99312,100,99870,100,99303,100,99968,100,99253,100,100005,100,99223,100,100006,100,99140,100,100055,300,99117,100,100094,100,99046,100,100110,100,98588,100,100117,100,98494,100
2019-06-28 09:47:00.000000000,99637,222,99312,222,99726,322,99303,222,99870,222,99253,222,99968,222,99223,222,100005,100,99140,100,100006,100,99117,100,100055,300,99046,100,100094,100,98588,100,100110,100,98494,100,100117,100,98341,100
2019-06-28 09:47:10.000000000,99637,586,99312,586,99726,200,99303,100,99870,100,99253,100,99968,100,99223,100,100005,100,99140,100,100006,100,99117,100,100055,300,99046,100,100094,100,98588,100,100110,100,98494,100,100117,100,98341,100
2019-06-28 09:47:14.717588186,99637,586,99312,486,99726,200,99303,100,99870,100,99253,100,99968,100,99223,100,100005,100,99140,100,100006,100,99117,100,100055,300,99046,100,100094,100,98588,100,100110,100,98494,100,100117,100,98341,100
2019-06-28 09:47:20.000000000,99637,197,99303,197,99726,297,99253,197,99870,197,99223,197,99968,197,99140,197,100005,197,99117,197,100006,100,99046,100,100055,300,98588,100,100094,100,98494,100,100110,100,98341,100,100117,100,97852,100
2019-06-28 09:47:30.000000000,99637,343,99303,343,99726,443,99253,343,99870,100,99223,100,99968,100,99140,100,100005,100,99117,100,100006,100,99046,100,100055,300,98588,100,100094,100,98494,100,100110,100,98341,100,100117,100,97852,100
2019-06-28 09:47:40.000000000,99637,222,99303,222,99726,322,99253,222,99870,222,99223,222,99968,222,99140,222,100005,100,99117,100,100006,100,99046,100,100055,300,98588,100,100094,100,98494,100,100110,100,98341,100,100117,100,97852,100
2019-06-28 09:47:40.819458300,99637,222,99303,222,99726,322,99253,222,99870,122,99223,222,99968,222,99140,222,100005,100,99117,100,100006,100,99046,100,100055,300,98588,100,100094,100,98494,100,100110,100,98341,100,100117,100,97852,100
2019-06-28 09:47:50.000000000,99637,586,99303,586,99726,200,99253,100,99968,100,99223,100,100005,100,99140,100,100006,100,99117,100,100055,300,99046,100,100094,100,98588,100,100110,100,98494,100,100117,100,98341,100,100132,100,97852,100
2019-06-28 09:48:00.000000000,99637,197,99303,197,99726,297,99253,197,99968,197,99223,197,100005,197,99140,197,100006,197,99117,197,100055,300,99046,100,100094,100,98588,100,100110,100,98494,100,100117,100,98341,100,100132,100,97852,100
2019-06-28 09:48:10.000000000,99637,197,99303,197,99726,297,99253,197,99968,197,99223,197,100005,197,99140,197,100006,197,99117,197,100055,300,99046,100,100094,100,98588,100,100110,100,98494,100,100117,100,98341,100,100132,100,97852,100
2019-06-28 09:48:14.678215692,99637,197,99342,100,99726,297,99303,197,99968,197,99253,197,100005,197,99223,197,100006,197,99140,197,100055,300,99117,197,100094,100,99046,100,100110,100,98588,100,100117,100,98494,100,100161,100,98341,100
2019-06-28 09:48:20.000000000,99637,222,99342,222,99726,322,99303,222,99968,222,99253,222,100005,222,99223,222,100006,100,99140,100,100055,300,99117,100,100094,100,99046,100,100110,100,98588,100,100117,100,98494,100,100161,100,98341,100
2019-06-28 09:48:30.000000000,99637,586,99342,586,99726,200,99303,100,99968,100,99253,100,100005,100,99223,100,100006,100,99140,100,100055,300,99117,100,100094,100,99046,100,100110,100,98588,100,100117,100,98494,100,100161,100,98341,100
2019-06-28 09:48:39.458673992,99565,100,99342,586,99637,586,99303,100,99726,200,99253,100,99968,100,99223,100,100005,100,99140,100,100006,100,99117,100,100055,300,99046,100,100094,100,98588,100,100110,100,98494,100,100117,100,98341,100
2019-06-28 09:48:40.000000000,99565,265,99342,265,99637,260,99303,260,99726,360,99253,260,99968,100,99223,100,100005,100,99140,100,100006,100,99117,100,100055,300,99046,100,100094,100,98588,100,100110,100,98494,100,100117,100,98341,100
2019-06-28 09:48:40.259081755,99565,265,99342,265,99637,260,99303,260,99726,360,99253,260,99968,100,99223,100,100005,100,99140,100,100055,300,99117,100,100094,100,99046,100,100110,100,98588,100,100117,100,98494,100,100161,100,98341,100
2019-06-28 09:48:50.000000000,99565,197,99342,197,99637,197,99303,197,99726,297,99253,197,99968,197,99223,197,100005,197,99140,197,100055,300,99117,100,100094,100,99046,100,100110,100,98588,100,100117,100,98494,100,100161,100,98341,100
2019-06-28 09:49:00.000000000,99565,343,99342,343,99637,343,99303,343,99726,200,99253,100,99968,100,99223,100,100005,100,99140,100,100055,300,99117,100,100094,100,99046,100,100110,100,98588,100,100117,100,98494,100,100161,100,98341,100
2019-06-28 09:49:10.000000000,99565,197,99342,197,99637,197,99303,197,99726,297,99253,197,99968,197,99223,197,100005,197,99140,197,100055,300,99117,100,100094,100,99046,100,100110,100,98588,100,100117,100,98494,100,100161,100,98341,100
2019-06-28 09:49:20.000000000,99565,265,99342,265,99637,260,99303,260,99726,360,99253,260,99968,100,99223,100,100005,100,99140,100,100055,300,99117,100,100094,100,99046,100,100110,100,98588,100,100117,100,98494,100,100161,100,98341,100
2019-06-28 09:49:30.000000000,99565,197,99342,197,99637,197,99303,197,99726,297,99253,197,99968,197,99223,197,100005,197,99140,197,100055,300,99117,100,100094,100,99046,100,100110,100,98588,100,100117,100,98494,100,100161,100,98341,100
2019-06-28 09:49:30.106229422,99565,197,99342,97,99637,197,99303,197,99726,297,99253,197,99968,197,99223,197,100005,197,99140,197,100055,300,99117,100,100094,100,99046,100,100110,100,98588,100,100117,100,98494,100,100161,100,98341,100
2019-06-28 09:49:40.000000000,99565,265,99303,265,99637,260,99253,260,99726,360,99223,260,99968,100,99140,100,100005,100,99117,100,100055,300,99046,100,100094,100,98588,100,100110,100,98494,100,100117,100,98341,100,100161,100,97852,100
2019-06-28 09:49:49.472905320,99565,265,99303,265,99637,260,99253,260,99726,360,99223,260,99968,100,99140,100,100005,100,99120,100,100055,300,99117,100,100094,100,99046,100,100110,100,98588,100,100117,100,98494,100,100161,100,98341,100
2019-06-28 09:49:50.000000000,99565,222,99303,222,99637,222,99253,222,99726,322,99223,222,99968,222,99140,222,100005,100,99120,100,100055,300,99117,100,100094,100,99046,100,100110,100,98588,100,100117,100,98494,100,100161,100,98341,100
2019-06-28 09:49:59.110812661,99565,222,99303,222,99637,222,99253,222,99726,322,99223,222,99968,222,99140,222,100005,100,99120,100,100055,300,99117,100,100094,100,99109,100,100110,100,99046,100,100117,100,98588,100,100161,100,98494,100
2019-06-28 09:50:00.000000000,99565,586,99303,586,99637,100,99253,100,99726,200,99223,100,99968,100,99140,100,100005,100,99120,100,100055,300,99117,100,100094,100,99109,100,100110,100,99046,100,100117,100,98588,100,100161,100,98494,100
2019-06-28 09:50:10.000000000,99565,222,99303,222,99637,222,99253,222,99726,322,99223,222,99968,222,99140,222,100005,100,99120,100,100055,300,99117,100,100094,100,99109,100,100110,100,99046,100,100117,100,98588,100,100161,100,98494,100
2019-06-28 09:50:20.000000000,99565,265,99303,265,99637,260,99253,260,99726,360,99223,260,99968,100,99140,100,100005,100,99120,100,100055,300,99117,100,100094,100,99109,100,100110,100,99046,100,100117,100,98588,100,100161,100,98494,100
2019-06-28 09:50:30.000000000,99565,197,99303,197,99637,197,99253,197,99726,297,99223,197,99968,197,99140,197,100005,197,99120,197,100055,300,99117,100,100094,100,99109,100,100110,100,99046,100,100117,100,98588,100,100161,100,98494,100
2019-06-28 09:50:30.241222552,99565,197,99303,197,99637,197,99253,197,99726,297,99223,197,99968,197,99176,100,100005,197,99140,97,100055,300,99120,197,100094,100,99117,100,100110,100,99109,100,100117,100,99046,100,100161,100,98588,100
2019-06-28 09:50:38.177467351,99565,197,99303,97,99637,197,99253,197,99726,297,99223,197,99968,197,99176,100,100005,197,99140,97,100055,300,99120,197,100094,100,99117,100,100110,100,99109,100,100117,100,99046,100,100161,100,98588,100
2019-06-28 09:50:40.000000000,99565,197,99253,197,99637,197,99223,197,99726,297,99176,197,99968,197,99120,197,100005,197,99117,197,100055,300,99109,100,100094,100,99046,100,100110,100,98588,100,100117,100,98494,100,100161,100,97852,100
2019-06-28 09:50:46.709267564,99565,197,99253,97,99637,197,99223,197,99726,297,99176,197,99968,197,99120,197,100005,197,99117,97,100055,300,99109,100,100094,100,99046,100,100110,100,98588,100,100117,100,98494,100,100161,100,97852,100
2019-06-28 09:50:50.000000000,99565,265,99223,265,99637,260,99176,260,99726,360,99120,260,99968,100,99109,100,100005,100,99046,100,100055,300,98588,100,100094,100,98494,100,100110,100,97852,100,100117,100,,,100161,100,,
2019-06-28 09:50:50.320994436,99565,265,99223,165,99637,260,99176,260,99726,360,99120,260,99968,100,99109,100,100005,100,99046,100,100055,300,98588,100,100094,100,98494,100,100110,100,97852,100,100117,100,,,100161,100,,
2019-06-28 09:50:55.570363597,99565,265,99223,165,99637,260,99176,260,99726,260,99120,260,99968,100,99109,100,100005,100,99046,100,100055,300,98588,100,100094,100,98494,100,100110,100,97852,100,100117,100,,,100161,100,,
2019-06-28 09:50:58.583613814,99565,265,99223,65,99637,260,99176,260,99726,260,99120,260,99968,100,99109,100,100005,100,99046,100,100055,300,98588,100,100094,100,98494,100,100110,100,97852,100,100117,100,,,100161,100,,
2019-06-28 09:51:00.000000000,99565,222,99176,222,99637,222,99120,222,99726,222,99109,222,99968,222,99046,222,100005,100,98588,100,100055,300,98494,100,100094,100,97852,100,100110,100,,,100117,100,,,100161,100,,
2019-06-28 09:51:03.135380551,99565,222,99176,222,99637,222,99120,222,99726,222,99109,222,99968,222,99046,222,100005,100,98996,100,100055,300,98588,100,100094,100,97852,100,100110,100,,,100117,100,,,100161,100,,
2019-06-28 09:51:10.000000000,99565,586,99176,586,99637,100,99120,100,99726,100,99109,100,99968,100,99046,100,100005,100,98996,100,100055,300,98588,100,100094,100,97852,100,100110,100,,,100117,100,,,100161,100,,
2019-06-28 09:51:20.000000000,99565,222,99176,222,99637,222,99120,222,99726,222,99109,222,99968,222,99046,222,100005,100,98996,100,100055,300,98588,100,100094,100,97852,100,100110,100,,,100117,100,,,100161,100,,
2019-06-28 09:51:30.000000000,99565,197,99176,197,99637,197,99120,197,99726,197,99109,197,99968,197,99046,197,100005,197,98996,197,100055,300,98588,100,100094,100,97852,100,100110,100,,,100117,100,,,100161,100,,
2019-06-28 09:51:40.000000000,99565,343,99176,343,99637,343,99120,343,99726,100,99109,100,99968,100,99046,100,100005,100,98996,100,100055,300,98588,100,100094,100,97852,100,100110,100,,,100117,100,,,100161,100,,
2019-06-28 09:51:50.000000000,99565,343,99176,343,99637,343,99120,343,99726,100,99109,100,99968,100,99046,100,100005,100,98996,100,100055,300,98588,100,100094,100,97852,100,100110,100,,,100117,100,,,100161,100,,
2019-06-28 09:51:50.079033410,99565,343,99212,100,99637,343,99176,343,99726,100,99120,343,99968,100,99109,100,100005,100,99046,100,100055,300,98996,100,100094,100,98588,100,100110,100,,,100117,100,,,100161,100,,
2019-06-28 09:51:58.244559780,99565,343,99327,100,99637,343,99212,100,99726,100,99176,343,99968,100,99120,343,100005,100,99109,100,100055,300,99046,100,100094,100,98996,100,100110,100,98588,100,100117,100,,,100161,100,,
2019-06-28 09:52:00.000000000,99565,343,99327,343,99637,343,99212,343,99726,100,99176,100,99968,100,99120,100,100005,100,99109,100,100055,300,99046,100,100094,100,98996,100,100110,100,98588,100,100117,100,,,100161,100,,
2019-06-28 09:52:10.000000000,99565,197,99327,197,99637,197,99212,197,99726,197,99176,197,99968,197,99120,197,100005,197,99109,197,100055,300,99046,100,100094,100,98996,100,100110,100,98588,100,100117,100,,,100161,100,,
2019-06-28 09:52:20.000000000,99565,343,99327,343,99637,343,99212,343,99726,100,99176,100,99968,100,99120,100,100005,100,99109,100,100055,300,99046,100,100094,100,98996,100,100110,100,98588,100,100117,100,,,100161,100,,
2019-06-28 09:52:23.307214248,99427,100,99327,343,99565,343,99212,343,99637,343,99176,100,99726,100,99120,100,99968,100,99109,100,100005,100,99046,100,100055,300,98996,100,100094,100,98588,100,100110,100,,,100117,100,,
2019-06-28 09:52:30.000000000,99427,197,99327,197,99565,197,99212,197,99637,197,99176,197,99726,197,99120,197,99968,197,99109,197,100005,100,99046,100,100055,300,98996,100,100094,100,98588,100,100110,100,,,100117,100,,
2019-06-28 09:52:40.000000000,99427,197,99327,197,99565,197,99212,197,99637,197,99176,197,99726,197,99120,197,99968,197,99109,197,100005,100,99046,100,100055,300,98996,100,100094,100,98588,100,100110,100,,,100117,100,,
2019-06-28 09:52:50.000000000,99427,586,99327,586,99565,100,99212,100,99637,100,99176,100,99726,100,99120,100,99968,100,99109,100,100005,100,99046,100,100055,300,98996,100,100094,100,98588,100,100110,100,,,100117,100,,
2019-06-28 09:53:00.000000000,99427,265,99327,265,99565,260,99212,260,99637,260,99176,260,99726,100,99120,100,99968,100,99109,100,100005,100,99046,100,100055,300,98996,100,100094,100,98588,100,100110,100,,,100117,100,,
2019-06-28 09:53:10.000000000,99427,197,99327,197,99565,197,99212,197,99637,197,99176,197,99726,197,99120,197,99968,197,99109,197,100005,100,99046,100,100055,300,98996,100,100094,100,98588,100,100110,100,,,100117,100,,
2019-06-28 09:53:20.000000000,99427,265,99327,265,99565,260,99212,260,99637,260,99176,260,99726,100,99120,100,99968,100,99109,100,100005,100,99046,100,100055,300,98996,100,100094,100,98588,100,100110,100,,,100117,100,,
2019-06-28 09:53:21.114604680,99427,265,99327,265,99565,260,99212,260,99637,260,99176,260,99726,100,99120,100,99968,100,99109,100,100005,100,99046,100,100055,300,98996,100,100094,100,98588,100,100110,100,,,100117,100,,
2019-06-28 09:53:30.000000000,99427,265,99327,265,99565,260,99212,260,99637,260,99176,260,99726,100,99120,100,99968,100,99109,100,100005,100,99046,100,100055,300,98996,100,100094,100,98588,100,100110,100,,,100117,100,,
2019-06-28 09:53:36.510672144,99427,265,99327,265,99565,260,99212,260,99637,260,99176,160,99726,100,99120,100,99968,100,99109,100,100005,100,99046,100,100055,300,98996,100,100094,100,98588,100,100110,100,,,100117,100,,
2019-06-28 09:53:40.000000000,99427,586,99327,586,99565,100,99212,100,99637,100,99120,100,99726,100,99109,100,99968,100,99046,100,100005,100,98996,100,100055,300,98588,100,100094,100,,,100110,100,,,100117,100,,
2019-06-28 09:53:42.340674317,99427,586,99327,486,99565,100,99212,100,99637,100,99120,100,99726,100,99109,100,99968,100,99046,100,100005,100,98996,100,100055,300,98588,100,100094,100,,,100110,100,,,100117,100,,
2019-06-28 09:53:50.000000000,99427,222,99212,222,99565,222,99120,222,99637,222,99109,222,99726,222,99046,222,99968,100,98996,100,100005,100,98588,100,100055,300,,,100094,100,,,100110,100,,,100117,100,,
2019-06-28 09:53:53.806787108,99427,222,99223,100,99565,222,99212,222,99637,222,99120,222,99726,222,99109,222,99968,100,99046,222,100005,100,98996,100,100055,300,98588,100,100094,100,,,100110,100,,,100117,100,,
2019-06-28 09:54:00.000000000,99427,265,99223,265,99565,260,99212,260,99637,260,99120,260,99726,100,99109,100,99968,100,99046,100,100005,100,98996,100,100055,300,98588,100,100094,100,,,100110,100,,,100117,100,,
2019-06-28 09:54:06.431812808,99427,265,99223,365,99565,260,99212,260,99637,260,99120,260,99726,100,99109,100,99968,100,99046,100,100005,100,98996,100,100055,300,98588,100,100094,100,,,100110,100,,,100117,100,,
2019-06-28 09:54:10.000000000,99427,586,99223,686,99565,100,99212,100,99637,100,99120,100,99726,100,99109,100,99968,100,99046,100,100005,100,98996,100,100055,300,98588,100,100094,100,,,100110,100,,,100117,100,,
2019-06-28 09:54:14.972769509,99427,586,99223,786,99565,100,99212,100,99637,100,99120,100,99726,100,99109,100,99968,100,99046,100,100005,100,98996,100,100055,300,98588,100,100094,100,,,100110,100,,,100117,100,,
2019-06-28 09:54:20.000000000,99427,343,99223,543,99565,343,99212,343,99637,100,99120,100,99726,100,99109,100,99968,100,99046,100,100005,100,98996,100,100055,300,98588,100,100094,100,,,100110,100,,,100117,100,,
2019-06-28 09:54:30.000000000,99427,222,99223,422,99565,222,99212,222,99637,222,99120,222,99726,222,99109,222,99968,100,99046,100,100005,100,98996,100,100055,300,98588,100,100094,100,,,100110,100,,,100117,100,,
2019-06-28 09:54:39.632937537,99427,122,99223,422,99565,222,99212,222,99637,222,99120,222,99726,222,99109,222,99968,100,99046,100,100005,100,98996,100,100055,300,98588,100,100094,100,,,100110,100,,,100117,100,,
2019-06-28 09:54:40.000000000,99565,586,99223,786,99637,100,99212,100,99726,100,99120,100,99968,100,99109,100,100005,100,99046,100,100055,300,98996,100,100094,100,98588,100,100110,100,,,100117,100,,,100161,100,,
2019-06-28 09:54:50.000000000,99565,197,99223,397,99637,197,99212,197,99726,197,99120,197,99968,197,99109,197,100005,197,99046,197,100055,300,98996,100,100094,100,98588,100,100110,100,,,100117,100,,,100161,100,,
2019-06-28 09:55:00.000000000,99565,197,99223,397,99637,197,99212,197,99726,197,99120,197,99968,197,99109,197,100005,197,99046,197,100055,300,98996,100,100094,100,98588,100,100110,100,,,100117,100,,,100161,100,,
2019-06-28 09:55:00.481782668,99565,97,99223,397,99637,197,99212,197,99726,197,99120,197,99968,197,99109,197,100005,197,99046,197,100055,300,98996,100,100094,100,98588,100,100110,100,,,100117,100,,,100161,100,,
2019-06-28 09:55:10.000000000,99637,586,99223,786,99726,100,99212,100,99968,100,99120,100,100005,100,99109,100,100055,300,99046,100,100094,100,98996,100,100110,100,98588,100,100117,100,,,100161,100,,,100425,100,,
2019-06-28 09:55:17.103079768,99637,586,99427,100,99726,100,99223,786,99968,100,99212,100,100005,100,99120,100,100055,300,99109,100,100094,100,99046,100,100110,100,98996,100,100117,100,98588,100,100161,100,,,100425,100,,
2019-06-28 09:55:20.000000000,99637,586,99427,586,99726,100,99223,300,99968,100,99212,100,100005,100,99120,100,100055,300,99109,100,100094,100,99046,100,100110,100,98996,100,100117,100,98588,100,100161,100,,,100425,100,,
2019-06-28 09:55:29.125187803,99637,486,99427,586,99726,100,99223,300,99968,100,99212,100,100005,100,99120,100,100055,300,99109,100,100094,100,99046,100,100110,100,98996,100,100117,100,98588,100,100161,100,,,100425,100,,
2019-06-28 09:55:30.000000000,99726,343,99427,343,99968,343,99223,543,100005,100,99212,100,100055,300,99120,100,100094,100,99109,100,100110,100,99046,100,100117,100,98996,100,100161,100,98588,100,100425,100,,,100880,100,,
2019-06-28 09:55:30.389429033,99726,343,99427,343,99968,343,99223,543,100005,100,99212,100,100055,300,99120,100,100094,100,99109,100,100110,100,99046,100,100117,100,98996,100,100161,100,98588,100,100425,100,,,100880,100,,
2019-06-28 09:55:40.000000000,99726,265,99427,265,99968,260,99223,460,100005,260,99212,260,100055,300,99120,100,100094,100,99109,100,100110,100,99046,100,100117,100,98996,100,100161,100,98588,100,100425,100,,,100880,100,,
2019-06-28 09:55:46.154214252,99726,165,99427,265,99968,260,99223,460,100005,260,99212,260,100055,300,99120,100,100094,100,99109,100,100110,100,99046,100,100117,100,98996,100,100161,100,98588,100,100425,100,,,100880,100,,
2019-06-28 09:55:50.000000000,99968,586,99427,586,100005,100,99223,300,100055,300,99212,100,100094,100,99120,100,100110,100,99109,100,100117,100,99046,100,100161,100,98996,100,100425,100,98588,100,100880,100,,,101058,100,,
2019-06-28 09:56:00.000000000,99968,197,99427,197,100005,197,99223,397,100055,397,99212,197,100094,197,99120,197,100110,197,99109,197,100117,100,99046,100,100161,100,98996,100,100425,100,98588,100,100880,100,,,101058,100,,
2019-06-28 09:56:10.000000000,99968,586,99427,586,100005,100,99223,300,100055,300,99212,100,100094,100,99120,100,100110,100,99109,100,100117,100,99046,100,100161,100,98996,100,100425,100,98588,100,100880,100,,,101058,100,,
2019-06-28 09:56:20.000000000,99968,222,99427,222,100005,222,99223,422,100055,422,99212,222,100094,222,99120,222,100110,100,99109,100,100117,100,99046,100,100161,100,98996,100,100425,100,98588,100,100880,100,,,101058,100,,
2019-06-28 09:56:21.479348266,99968,222,99637,100,100005,222,99427,222,100055,422,99223,422,100094,222,99212,222,100110,100,99120,222,100117,100,99109,100,100161,100,99046,100,100425,100,98996,100,100880,100,98588,100,101058,100,,
2019-06-28 09:56:25.963022154,99968,222,99637,100,100005,222,99427,222,100055,422,99223,422,100094,222,99212,222,100110,100,99120,222,100117,100,99109,100,100161,100,99046,100,100425,100,98996,100,100744,100,98588,100,100880,100,,
2019-06-28 09:56:27.850192402,99968,122,99637,100,100005,222,99427,222,100055,422,99223,422,100094,222,99212,222,100110,100,99120,222,100117,100,99109,100,100161,100,99046,100,100425,100,98996,100,100744,100,98588,100,100880,100,,
2019-06-28 09:56:30.000000000,100005,586,99637,586,100055,300,99427,100,100094,100,99223,300,100110,100,99212,100,100117,100,99120,100,100161,100,99109,100,100425,100,99046,100,100744,100,98996,100,100880,100,98588,100,101256,100,,
2019-06-28 09:56:40.000000000,100005,197,99637,197,100055,397,99427,197,100094,197,99223,397,100110,197,99212,197,100117,197,99120,197,100161,100,99109,100,100425,100,99046,100,100744,100,98996,100,100880,100,98588,100,101256,100,,
2019-06-28 09:56:40.948699018,100005,197,99637,197,100055,397,99427,197,100094,197,99223,397,100110,197,99212,197,100117,197,99120,197,100161,100,99109,100,100425,100,99046,100,100643,100,98996,100,100744,100,98588,100,100880,100,,
2019-06-28 09:56:49.250868924,100005,197,99726,100,100055,397,99637,197,100094,197,99427,197,100110,197,99223,397,100117,197,99212,197,100161,100,99120,197,100425,100,99109,100,100643,100,99046,100,100744,100,98996,100,100880,100,98588,100
2019-06-28 09:56:50.000000000,100005,197,99726,197,100055,397,99637,197,100094,197,99427,197,100110,197,99223,397,100117,197,99212,197,100161,100,99120,100,100425,100,99109,100,100643,100,99046,100,100744,100,98996,100,100880,100,98588,100
2019-06-28 09:56:58.607081774,100005,97,99726,197,100055,397,99637,197,100094,197,99427,197,100110,197,99223,397,100117,197,99212,197,100161,100,99120,100,100425,100,99109,100,100643,100,99046,100,100744,100,98996,100,100880,100,98588,100
2019-06-28 09:57:00.000000000,100055,543,99726,343,100094,343,99637,343,100110,100,99427,100,100117,100,99223,300,100161,100,99212,100,100425,100,99120,100,100643,100,99109,100,100744,100,99046,100,100880,100,98996,100,101256,100,98588,100
2019-06-28 09:57:10.000000000,100055,397,99726,197,100094,197,99637,197,100110,197,99427,197,100117,197,99223,397,100161,197,99212,197,100425,100,99120,100,100643,100,99109,100,100744,100,99046,100,100880,100,98996,100,101256,100,98588,100
2019-06-28 09:57:20.000000000,100055,543,99726,343,100094,343,99637,343,100110,100,99427,100,100117,100,99223,300,100161,100,99212,100,100425,100,99120,100,100643,100,99109,100,100744,100,99046,100,100880,100,98996,100,101256,100,98588,100
2019-06-28 09:57:30.000000000,100055,786,99726,586,100094,100,99637,100,100110,100,99427,100,100117,100,99223,300,100161,100,99212,100,100425,100,99120,100,100643,100,99109,100,100744,100,99046,100,100880,100,98996,100,101256,100,98588,100
2019-06-28 09:57:40.000000000,100055,465,99726,265,100094,260,99637,260,100110,260,99427,260,100117,100,99223,300,100161,100,99212,100,100425,100,99120,100,100643,100,99109,100,100744,100,99046,100,100880,100,98996,100,101256,100,98588,100
2019-06-28 09:57:49.141089141,100055,365,99726,265,100094,260,99637,260,100110,260,99427,260,100117,100,99223,300,100161,100,99212,100,100425,100,99120,100,100643,100,99109,100,100744,100,99046,100,100880,100,98996,100,101256,100,98588,100
2019-06-28 09:57:50.000000000,100055,297,99726,197,100094,197,99637,197,100110,197,99427,197,100117,197,99223,397,100161,197,99212,197,100425,100,99120,100,100643,100,99109,100,100744,100,99046,100,100880,100,98996,100,101256,100,98588,100
2019-06-28 09:57:57.260943514,100055,197,99726,197,100094,197,99637,197,100110,197,99427,197,100117,197,99223,397,100161,197,99212,197,100425,100,99120,100,100643,100,99109,100,100744,100,99046,100,100880,100,98996,100,101256,100,98588,100
2019-06-28 09:57:57.647714343,100055,197,99726,197,100094,197,99637,197,100110,197,99427,197,100117,197,99223,397,100161,197,99212,197,100425,100,99120,100,100744,100,99109,100,100768,100,99046,100,100880,100,98996,100,101256,100,98588,100
2019-06-28 09:58:00.000000000,100055,197,99726,197,100094,197,99637,197,100110,197,99427,197,100117,197,99223,397,100161,197,99212,197,100425,100,99120,100,100744,100,99109,100,100768,100,99046,100,100880,100,98996,100,101256,100,98588,100
2019-06-28 09:58:06.724914015,100055,197,99726,197,100094,197,99637,197,100110,197,99427,197,100117,197,99223,397,100161,197,99212,197,100425,100,99120,100,100621,100,99109,100,100744,100,99046,100,100768,100,98996,100,100880,100,98588,100
2019-06-28 09:58:10.000000000,100055,222,99726,222,100094,222,99637,222,100110,222,99427,222,100117,222,99223,422,100161,100,99212,100,100425,100,99120,100,100621,100,99109,100,100744,100,99046,100,100768,100,98996,100,100880,100,98588,100
2019-06-28 09:58:10.277750857,100055,122,99726,222,100094,222,99637,222,100110,222,99427,222,100117,222,99223,422,100161,100,99212,100,100425,100,99120,100,100621,100,99109,100,100744,100,99046,100,100768,100,98996,100,100880,100,98588,100
2019-06-28 09:58:16.045658167,100055,122,99726,222,100094,222,99637,222,100110,122,99427,222,100117,222,99223,422,100161,100,99212,100,100425,100,99120,100,100621,100,99109,100,100744,100,99046,100,100768,100,98996,100,100880,100,98588,100
2019-06-28 09:58:20.000000000,100094,197,99726,197,100117,197,99637,197,100161,197,99427,197,100425,197,99223,397,100621,197,99212,197,100744,100,99120,100,100768,100,99109,100,100880,100,99046,100,101256,100,98996,100,,,98588,100
2019-06-28 09:58:21.078135127,100094,97,99726,197,100117,197,99637,197,100161,197,99427,197,100425,197,99223,397,100621,197,99212,197,100744,100,99120,100,100768,100,99109,100,100880,100,99046,100,101256,100,98996,100,,,98588,100
2019-06-28 09:58:30.000000000,100117,222,99726,222,100161,222,99637,222,100425,222,99427,222,100621,222,99223,422,100744,100,99212,100,100768,100,99120,100,100880,100,99109,100,101256,100,99046,100,,,98996,100,,,98588,100
2019-06-28 09:58:40.000000000,100117,265,99726,265,100161,260,99637,260,100425,260,99427,260,100621,100,99223,300,100744,100,99212,100,100768,100,99120,100,100880,100,99109,100,101256,100,99046,100,,,98996,100,,,98588,100
2019-06-28 09:58:49.024941953,100117,265,99726,265,100161,260,99637,260,100425,260,99427,260,100572,100,99223,300,100621,100,99212,100,100744,100,99120,100,100768,100,99109,100,100880,100,99046,100,101256,100,98996,100,,,98588,100
2019-06-28 09:58:49.564774275,100117,265,99726,265,100161,260,99637,260,100417,100,99427,260,100425,260,99223,300,100572,100,99212,100,100744,100,99120,100,100768,100,99109,100,100880,100,99046,100,101256,100,98996,100,,,98588,100
2019-06-28 09:58:50.000000000,100117,343,99726,343,100161,343,99637,343,100417,100,99427,100,100425,100,99223,300,100572,100,99212,100,100744,100,99120,100,100768,100,99109,100,100880,100,99046,100,101256,100,98996,100,,,98588,100
2019-06-28 09:58:51.371931849,100117,343,99726,343,100161,343,99637,243,100417,100,99427,100,100425,100,99223,300,100572,100,99212,100,100744,100,99120,100,100768,100,99109,100,100880,100,99046,100,101256,100,98996,100,,,98588,100
2019-06-28 09:59:00.000000000,100117,586,99726,586,100161,100,99427,100,100417,100,99223,300,100425,100,99212,100,100572,100,99120,100,100744,100,99109,100,100768,100,99046,100,100880,100,98996,100,101256,100,98588,100,,,,
2019-06-28 09:59:07.316722386,100117,486,99726,586,100161,100,99427,100,100417,100,99223,300,100425,100,99212,100,100572,100,99120,100,100744,100,99109,100,100768,100,99046,100,100880,100,98996,100,101256,100,98588,100,,,,
2019-06-28 09:59:10.000000000,100161,197,99726,197,100417,197,99427,197,100425,197,99223,397,100572,197,99212,197,100744,197,99120,197,100768,100,99109,100,100880,100,99046,100,101256,100,98996,100,,,98588,100,,,,
2019-06-28 09:59:10.975443871,100161,97,99726,197,100417,197,99427,197,100425,197,99223,397,100572,197,99212,197,100744,197,99120,197,100768,100,99109,100,100880,100,99046,100,101256,100,98996,100,,,98588,100,,,,
2019-06-28 09:59:20.000000000,100417,197,99726,197,100425,197,99427,197,100572,197,99223,397,100744,197,99212,197,100768,197,99120,197,100880,100,99109,100,101256,100,99046,100,,,98996,100,,,98588,100,,,,
2019-06-28 09:59:30.000000000,100417,197,99726,197,100425,197,99427,197,100572,197,99223,397,100744,197,99212,197,100768,197,99120,197,100880,100,99109,100,101256,100,99046,100,,,98996,100,,,98588,100,,,,
2019-06-28 09:59:38.187087284,100116,100,99726,197,100417,197,99427,197,100425,197,99223,397,100572,197,99212,197,100744,197,99120,197,100768,197,99109,100,100880,100,99046,100,101256,100,98996,100,,,98588,100,,,,
2019-06-28 09:59:40.000000000,100116,197,99726,197,100417,197,99427,197,100425,197,99223,397,100572,197,99212,197,100744,197,99120,197,100768,100,99109,100,100880,100,99046,100,101256,100,98996,100,,,98588,100,,,,
2019-06-28 09:59:50.000000000,100116,197,99726,197,100417,197,99427,197,100425,197,99223,397,100572,197,99212,197,100744,197,99120,197,100768,100,99109,100,100880,100,99046,100,101256,100,98996,100,,,98588,100,,,,
2019-06-28 10:00:00.000000000,100116,265,99726,265,100417,260,99427,260,100425,260,99223,460,100572,100,99212,100,100744,100,99120,100,100768,100,99109,100,100880,100,99046,100,101256,100,98996,100,,,98588,100,,,,
2019-06-28 10:00:10.000000000,100116,586,99726,586,100417,100,99427,100,100425,100,99223,300,100572,100,99212,100,100744,100,99120,100,100768,100,99109,100,100880,100,99046,100,101256,100,98996,100,,,98588,100,,,,
2019-06-28 10:00:20.000000000,100116,197,99726,197,100417,197,99427,197,100425,197,99223,397,100572,197,99212,197,100744,197,99120,197,100768,100,99109,100,100880,100,99046,100,101256,100,98996,100,,,98588,100,,,,
2019-06-28 10:00:30.000000000,100116,265,99726,265,100417,260,99427,260,100425,260,99223,460,100572,100,99212,100,100744,100,99120,100,100768,100,99109,100,100880,100,99046,100,101256,100,98996,100,,,98588,100,,,,
2019-06-28 10:00:34.029989115,100116,265,99995,100,100417,160,99726,265,100425,260,99427,260,100572,100,99223,460,100744,100,99212,100,100768,100,99120,100,100880,100,99109,100,101256,100,99046,100,,,98996,100,,,98588,100
2019-06-28 10:00:40.000000000,100116,586,99995,586,100425,100,99726,100,100572,100,99427,100,100744,100,99223,300,100768,100,99212,100,100880,100,99120,100,101256,100,99109,100,,,99046,100,,,98996,100,,,98588,100
2019-06-28 10:00:50.000000000,100116,265,99995,265,100425,260,99726,260,100572,260,99427,260,100744,100,99223,300,100768,100,99212,100,100880,100,99120,100,101256,100,99109,100,,,99046,100,,,98996,100,,,98588,100
2019-06-28 10:00:54.880217335,100116,165,99995,265,100160,100,99726,260,100425,260,99427,260,100572,260,99223,300,100744,100,99212,100,100768,100,99120,100,100880,100,99109,100,101256,100,99046,100,,,98996,100,,,98588,100
2019-06-28 10:01:00.000000000,100160,265,99995,265,100425,260,99726,260,100572,260,99427,260,100744,100,99223,300,100768,100,99212,100,100880,100,99120,100,101256,100,99109,100,,,99046,100,,,98996,100,,,98588,100
2019-06-28 10:01:00.104094641,100160,265,99995,265,100425,260,99726,260,100572,260,99427,260,100744,100,99223,200,100768,100,99212,100,100880,100,99120,100,101256,100,99109,100,,,99046,100,,,98996,100,,,98588,100
2019-06-28 10:01:04.010492703,100115,100,99995,265,100160,265,99726,260,100425,260,99427,260,100572,260,99223,200,100744,100,99212,100,100768,100,99120,100,100880,100,99109,100,101256,100,99046,100,,,98996,100,,,98588,100
2019-06-28 10:01:10.000000000,100115,197,99995,197,100160,197,99726,197,100425,197,99427,197,100572,197,99223,297,100744,197,99212,197,100768,100,99120,100,100880,100,99109,100,101256,100,99046,100,,,98996,100,,,98588,100
2019-06-28 10:01:20.000000000,100115,343,99995,343,100160,343,99726,343,100425,100,99427,100,100572,100,99223,200,100744,100,99212,100,100768,100,99120,100,100880,100,99109,100,101256,100,99046,100,,,98996,100,,,98588,100
2019-06-28 10:01:26.724967865,100115,343,99995,343,100160,343,99905,100,100425,100,99726,343,100572,100,99427,100,100744,100,99223,200,100768,100,99212,100,100880,100,99120,100,101256,100,99109,100,,,99046,100,,,98996,100
2019-06-28 10:01:26.974665678,100115,343,99995,343,100160,343,99905,100,100425,100,99872,100,100572,100,99726,343,100744,100,99427,100,100768,100,99223,200,100880,100,99212,100,101256,100,99120,100,,,99109,100,,,99046,100
2019-06-28 10:01:30.000000000,100115,586,99995,586,100160,100,99905,100,100425,100,99872,100,100572,100,99726,100,100744,100,99427,100,100768,100,99223,200,100880,100,99212,100,101256,100,99120,100,,,99109,100,,,99046,100
2019-06-28 10:01:40.000000000,100115,197,99995,197,100160,197,99905,197,100425,197,99872,197,100572,197,99726,197,100744,197,99427,197,100768,100,99223,200,100880,100,99212,100,101256,100,99120,100,,,99109,100,,,99046,100
2019-06-28 10:01:40.810959980,100115,197,99995,197,100116,100,99905,197,100160,197,99872,197,100425,197,99726,197,100572,197,99427,197,100744,197,99223,200,100768,100,99212,100,100880,100,99120,100,101256,100,99109,100,,,99046,100
2019-06-28 10:01:50.000000000,100115,265,99995,265,100116,260,99905,260,100160,260,99872,260,100425,100,99726,100,100572,100,99427,100,100744,100,99223,200,100768,100,99212,100,100880,100,99120,100,101256,100,99109,100,,,99046,100
2019-06-28 10:02:00.000000000,100115,265,99995,265,100116,260,99905,260,100160,260,99872,260,100425,100,99726,100,100572,100,99427,100,100744,100,99223,200,100768,100,99212,100,100880,100,99120,100,101256,100,99109,100,,,99046,100
2019-06-28 10:02:04.200329105,100115,265,99995,265,100116,260,99905,260,100160,260,99872,260,100425,100,99731,100,100572,100,99726,100,100744,100,99427,100,100768,100,99223,200,100880,100,99212,100,101256,100,99120,100,,,99109,100
2019-06-28 10:02:04.702377810,100115,265,99995,265,100116,260,99905,260,100128,100,99872,260,100160,260,99726,100,100425,100,99427,100,100572,100,99223,200,100744,100,99212,100,100768,100,99120,100,100880,100,99109,100,101256,100,99046,100
2019-06-28 10:02:10.000000000,100115,343,99995,343,100116,343,99905,343,100128,100,99872,100,100160,100,99726,100,100425,100,99427,100,100572,100,99223,200,100744,100,99212,100,100768,100,99120,100,100880,100,99109,100,101256,100,99046,100
2019-06-28 10:02:12.477655342,100115,343,99995,343,100116,343,99905,343,100128,100,99872,100,100160,100,99726,100,100425,100,99696,100,100572,100,99427,100,100744,100,99223,200,100768,100,99212,100,100880,100,99120,100,101256,100,99109,100
2019-06-28 10:02:20.000000000,100115,586,99995,586,100116,100,99905,100,100128,100,99872,100,100160,100,99726,100,100425,100,99696,100,100572,100,99427,100,100744,100,99223,200,100768,100,99212,100,100880,100,99120,100,101256,100,99109,100
2019-06-28 10:02:23.737661742,100115,586,99995,586,100116,200,99905,100,100128,100,99872,100,100160,100,99726,100,100425,100,99696,100,100572,100,99427,100,100744,100,99223,100,100768,100,99212,100,100880,100,99120,100,101256,100,99109,100
2019-06-28 10:02:30.000000000,100115,343,99995,343,100116,443,99905,343,100128,100,99872,100,100160,100,99726,100,100425,100,99696,100,100572,100,99427,100,100744,100,99223,100,100768,100,99212,100,100880,100,99120,100,101256,100,99109,100
2019-06-28 10:02:40.000000000,100115,586,99995,586,100116,200,99905,100,100128,100,99872,100,100160,100,99726,100,100425,100,99696,100,100572,100,99427,100,100744,100,99223,100,100768,100,99212,100,100880,100,99120,100,101256,100,99109,100
2019-06-28 10:02:50.000000000,100115,222,99995,222,100116,322,99905,222,100128,222,99872,222,100160,222,99726,222,100425,100,99696,100,100572,100,99427,100,100744,100,99223,100,100768,100,99212,100,100880,100,99120,100,101256,100,99109,100
2019-06-28 10:02:59.523843357,100115,222,99995,122,100116,322,99905,222,100128,222,99872,222,100160,222,99726,222,100425,100,99696,100,100572,100,99427,100,100744,100,99223,100,100880,100,99212,100,101256,100,99120,100,,,99109,100
2019-06-28 10:03:00.000000000,100115,197,99905,197,100116,297,99872,197,100128,197,99726,197,100160,197,99696,197,100425,197,99427,197,100572,100,99223,100,100744,100,99212,100,100880,100,99120,100,101256,100,99109,100,,,99046,100
2019-06-28 10:03:00.182648315,100115,197,99905,197,100116,297,99872,197,100128,197,99810,100,100160,197,99726,197,100425,197,99696,197,100572,100,99427,197,100744,100,99223,100,100880,100,99212,100,101256,100,99120,100,,,99109,100
2019-06-28 10:03:03.973481643,100115,197,99905,97,100116,297,99872,197,100128,197,99726,197,100160,197,99696,197,100425,197,99427,197,100572,100,99223,100,100744,100,99212,100,100880,100,99120,100,101256,100,99109,100,,,99046,100
2019-06-28 10:03:10.000000000,100115,265,99872,265,100116,360,99726,260,100128,260,99696,260,100160,100,99427,100,100425,100,99223,100,100572,100,99212,100,100744,100,99120,100,100880,100,99109,100,101256,100,99046,100,,,98996,100
2019-06-28 10:03:20.000000000,100115,222,99872,222,100116,322,99726,222,100128,222,99696,222,100160,222,99427,222,100425,100,99223,100,100572,100,99212,100,100744,100,99120,100,100880,100,99109,100,101256,100,99046,100,,,98996,100
2019-06-28 10:03:30.000000000,100115,222,99872,222,100116,322,99726,222,100128,222,99696,222,100160,222,99427,222,100425,100,99223,100,100572,100,99212,100,100744,100,99120,100,100880,100,99109,100,101256,100,99046,100,,,98996,100
2019-06-28 10:03:40.000000000,100115,265,99872,265,100116,360,99726,260,100128,260,99696,260,100160,100,99427,100,100425,100,99223,100,100572,100,99212,100,100744,100,99120,100,100880,100,99109,100,101256,100,99046,100,,,98996,100
2019-06-28 10:03:43.616552855,100115,265,99872,165,100116,360,99726,260,100128,260,99696,260,100160,100,99427,100,100425,100,99223,100,100572,100,99212,100,100744,100,99120,100,100880,100,99109,100,101256,100,99046,100,,,98996,100
2019-06-28 10:03:45.185396961,100115,265,99872,65,100116,360,99726,260,100128,160,99696,260,100160,100,99427,100,100425,100,99223,100,100572,100,99212,100,100744,100,99120,100,100880,100,99109,100,101256,100,99046,100,,,98996,100
2019-06-28 10:03:48.570143936,100115,265,99872,65,100116,360,99726,260,100128,160,99696,260,100425,100,99427,100,100572,100,99223,100,100744,100,99212,100,100880,100,99120,100,101256,100,99109,100,,,99046,100,,,98996,100
2019-06-28 10:03:50.000000000,100115,197,99726,197,100116,297,99696,197,100425,197,99427,197,100572,197,99223,197,100744,197,99212,197,100880,100,99120,100,101256,100,99109,100,,,99046,100,,,98996,100,,,98588,100
2019-06-28 10:03:56.707091138,100115,197,99726,197,100116,297,99696,197,100425,197,99427,197,100572,197,99223,197,100744,197,99212,197,100880,100,99190,100,101256,100,99120,100,,,99109,100,,,99046,100,,,98996,100
2019-06-28 10:04:00.000000000,100115,222,99726,222,100116,322,99696,222,100425,222,99427,222,100572,222,99223,222,100744,100,99212,100,100880,100,99190,100,101256,100,99120,100,,,99109,100,,,99046,100,,,98996,100
2019-06-28 10:04:10.000000000,100115,197,99726,197,100116,297,99696,197,100425,197,99427,197,100572,197,99223,197,100744,197,99212,197,100880,100,99190,100,101256,100,99120,100,,,99109,100,,,99046,100,,,98996,100
2019-06-28 10:04:18.102372237,100115,197,99726,97,100116,297,99696,197,100425,197,99427,197,100572,197,99223,197,100744,197,99212,197,100880,100,99190,100,101256,100,99120,100,,,99109,100,,,99046,100,,,98996,100
2019-06-28 10:04:20.000000000,100115,197,99696,197,100116,297,99427,197,100425,197,99223,197,100572,197,99212,197,100744,197,99190,197,100880,100,99120,100,101256,100,99109,100,,,99046,100,,,98996,100,,,98588,100
2019-06-28 10:04:30.000000000,100115,586,99696,586,100116,200,99427,100,100425,100,99223,100,100572,100,99212,100,100744,100,99190,100,100880,100,99120,100,101256,100,99109,100,,,99046,100,,,98996,100,,,98588,100
2019-06-28 10:04:34.527912885,100115,586,99696,586,100116,200,99427,100,100425,100,99370,100,100572,100,99223,100,100744,100,99212,100,100880,100,99190,100,101256,100,99120,100,,,99109,100,,,99046,100,,,98996,100
2019-06-28 10:04:40.000000000,100115,222,99696,222,100116,322,99427,222,100425,222,99370,222,100572,222,99223,222,100744,100,99212,100,100880,100,99190,100,101256,100,99120,100,,,99109,100,,,99046,100,,,98996,100
2019-06-28 10:04:50.000000000,100115,586,99696,586,100116,200,99427,100,100425,100,99370,100,100572,100,99223,100,100744,100,99212,100,100880,100,99190,100,101256,100,99120,100,,,99109,100,,,99046,100,,,98996,100
2019-06-28 10:04:57.155249920,99930,100,99696,586,100115,586,99427,100,100116,200,99370,100,100425,100,99223,100,100572,100,99190,100,100744,100,99120,100,100880,100,99109,100,101256,100,99046,100,,,98996,100,,,98588,100
2019-06-28 10:05:00.000000000,99930,265,99696,265,100115,260,99427,260,100116,360,99370,260,100425,100,99223,100,100572,100,99190,100,100744,100,99120,100,100880,100,99109,100,101256,100,99046,100,,,98996,100,,,98588,100
2019-06-28 10:05:04.594683529,99872,100,99696,265,99930,265,99427,260,100115,260,99370,260,100116,360,99223,100,100425,100,99190,100,100572,100,99120,100,100744,100,99109,100,100880,100,99046,100,101256,100,98996,100,,,98588,100
2019-06-28 10:05:06.637213376,99872,100,99696,265,99930,265,99655,100,100115,260,99427,260,100116,360,99370,260,100425,100,99223,100,100572,100,99190,100,100744,100,99120,100,100880,100,99109,100,101256,100,99046,100,,,98996,100
2019-06-28 10:05:10.000000000,99872,265,99696,265,99930,260,99655,260,100115,260,99427,260,100116,200,99370,100,100425,100,99223,100,100572,100,99190,100,100744,100,99120,100,100880,100,99109,100,101256,100,99046,100,,,98996,100
2019-06-28 10:05:13.527099130,99872,265,99696,265,99930,260,99655,260,100115,260,99427,260,100116,100,99370,100,100425,100,99223,100,100572,100,99190,100,100744,100,99120,100,100880,100,99109,100,101256,100,99046,100,,,98996,100
2019-06-28 10:05:20.000000000,99872,343,99696,343,99930,343,99655,343,100115,100,99427,100,100116,100,99370,100,100425,100,99223,100,100572,100,99190,100,100744,100,99120,100,100880,100,99109,100,101256,100,99046,100,,,98996,100
2019-06-28 10:05:22.669638474,99872,343,99846,100,99930,343,99696,343,100115,100,99655,343,100116,100,99427,100,100425,100,99370,100,100572,100,99223,100,100744,100,99190,100,100880,100,99120,100,101256,100,99109,100,,,99046,100
2019-06-28 10:05:30.000000000,99872,265,99846,265,99930,260,99696,260,100115,260,99655,260,100116,100,99427,100,100425,100,99370,100,100572,100,99223,100,100744,100,99190,100,100880,100,99120,100,101256,100,99109,100,,,99046,100
2019-06-28 10:05:40.000000000,99872,586,99846,586,99930,100,99696,100,100115,100,99655,100,100116,100,99427,100,100425,100,99370,100,100572,100,99223,100,100744,100,99190,100,100880,100,99120,100,101256,100,99109,100,,,99046,100
2019-06-28 10:05:46.729959716,99872,686,99846,586,99930,100,99696,100,100115,100,99655,100,100116,100,99427,100,100425,100,99370,100,100572,100,99223,100,100744,100,99190,100,100880,100,99120,100,101256,100,99109,100,,,99046,100
2019-06-28 10:05:50.000000000,99872,322,99846,222,99930,222,99696,222,100115,222,99655,222,100116,222,99427,222,100425,100,99370,100,100572,100,99223,100,100744,100,99190,100,100880,100,99120,100,101256,100,99109,100,,,99046,100
2019-06-28 10:05:51.940072481,99872,322,99846,222,99930,222,99696,222,100115,222,99655,222,100116,222,99427,222,100165,100,99370,100,100425,100,99223,100,100572,100,99190,100,100744,100,99120,100,100880,100,99109,100,101256,100,99046,100
2019-06-28 10:05:53.073543734,99872,222,99846,222,99930,222,99696,222,100115,222,99655,222,100116,222,99427,222,100165,100,99370,100,100425,100,99223,100,100572,100,99190,100,100744,100,99120,100,100880,100,99109,100,101256,100,99046,100
2019-06-28 10:05:56.692857321,99872,222,99846,222,99930,222,99696,222,99945,100,99655,222,100115,222,99427,222,100116,222,99370,100,100165,100,99223,100,100425,100,99190,100,100572,100,99120,100,100744,100,99109,100,100880,100,99046,100
2019-06-28 10:06:00.000000000,99872,222,99846,222,99930,222,99696,222,99945,222,99655,222,100115,222,99427,222,100116,100,99370,100,100165,100,99223,100,100425,100,99190,100,100572,100,99120,100,100744,100,99109,100,100880,100,99046,100
2019-06-28 10:06:10.000000000,99872,222,99846,222,99930,222,99696,222,99945,222,99655,222,100115,222,99427,222,100116,100,99370,100,100165,100,99223,100,100425,100,99190,100,100572,100,99120,100,100744,100,99109,100,100880,100,99046,100
2019-06-28 10:06:20.000000000,99872,222,99846,222,99930,222,99696,222,99945,222,99655,222,100115,222,99427,222,100116,100,99370,100,100165,100,99223,100,100425,100,99190,100,100572,100,99120,100,100744,100,99109,100,100880,100,99046,100
2019-06-28 10:06:30.000000000,99872,586,99846,586,99930,100,99696,100,99945,100,99655,100,100115,100,99427,100,100116,100,99370,100,100165,100,99223,100,100425,100,99190,100,100572,100,99120,100,100744,100,99109,100,100880,100,99046,100
2019-06-28 10:06:31.642481710,99872,586,99846,586,99930,100,99696,100,99945,100,99655,100,99965,100,99427,100,100115,100,99370,100,100116,100,99223,100,100165,100,99190,100,100425,100,99120,100,100572,100,99109,100,100744,100,99046,100
2019-06-28 10:06:40.000000000,99872,343,99846,343,99930,343,99696,343,99945,100,99655,100,99965,100,99427,100,100115,100,99370,100,100116,100,99223,100,100165,100,99190,100,100425,100,99120,100,100572,100,99109,100,100744,100,99046,100
2019-06-28 10:06:50.000000000,99872,222,99846,222,99930,222,99696,222,99945,222,99655,222,99965,222,99427,222,100115,100,99370,100,100116,100,99223,100,100165,100,99190,100,100425,100,99120,100,100572,100,99109,100,100744,100,99046,100
2019-06-28 10:06:56.971375043,99872,222,99847,100,99930,222,99846,222,99945,222,99696,222,99965,222,99655,222,100115,100,99427,222,100116,100,99370,100,100165,100,99223,100,100425,100,99190,100,100572,100,99120,100,100744,100,99109,100
2019-06-28 10:07:00.000000000,99872,586,99847,586,99930,100,99846,100,99945,100,99696,100,99965,100,99655,100,100115,100,99427,100,100116,100,99370,100,100165,100,99223,100,100425,100,99190,100,100572,100,99120,100,100744,100,99109,100
2019-06-28 10:07:10.000000000,99872,586,99847,586,99930,100,99846,100,99945,100,99696,100,99965,100,99655,100,100115,100,99427,100,100116,100,99370,100,100165,100,99223,100,100425,100,99190,100,100572,100,99120,100,100744,100,99109,100
2019-06-28 10:07:18.293433722,99872,586,99847,586,99930,100,99846,100,99945,100,99696,100,99952,100,99655,100,99965,100,99427,100,100115,100,99370,100,100116,100,99223,100,100165,100,99190,100,100425,100,99120,100,100572,100,99109,100
2019-06-28 10:07:20.000000000,99872,586,99847,586,99930,100,99846,100,99945,100,99696,100,99952,100,99655,100,99965,100,99427,100,100115,100,99370,100,100116,100,99223,100,100165,100,99190,100,100425,100,99120,100,100572,100,99109,100
2019-06-28 10:07:30.000000000,99872,197,99847,197,99930,197,99846,197,99945,197,99696,197,99952,197,99655,197,99965,197,99427,197,100115,100,99370,100,100116,100,99223,100,100165,100,99190,100,100425,100,99120,100,100572,100,99109,100
2019-06-28 10:07:40.000000000,99872,343,99847,343,99930,343,99846,343,99945,100,99696,100,99952,100,99655,100,99965,100,99427,100,100115,100,99370,100,100116,100,99223,100,100165,100,99190,100,100425,100,99120,100,100572,100,99109,100
2019-06-28 10:07:50.000000000,99872,197,99847,197,99930,197,99846,197,99945,197,99696,197,99952,197,99655,197,99965,197,99427,197,100115,100,99370,100,100116,100,99223,100,100165,100,99190,100,100425,100,99120,100,100572,100,99109,100
2019-06-28 10:08:00.000000000,99872,222,99847,222,99930,222,99846,222,99945,222,99696,222,99952,222,99655,222,99965,100,99427,100,100115,100,99370,100,100116,100,99223,100,100165,100,99190,100,100425,100,99120,100,100572,100,99109,100
2019-06-28 10:08:10.000000000,99872,222,99847,222,99930,222,99846,222,99945,222,99696,222,99952,222,99655,222,99965,100,99427,100,100115,100,99370,100,100116,100,99223,100,100165,100,99190,100,100425,100,99120,100,100572,100,99109,100
2019-06-28 10:08:20.000000000,99872,222,99847,222,99930,222,99846,222,99945,222,99696,222,99952,222,99655,222,99965,100,99427,100,100115,100,99370,100,100116,100,99223,100,100165,100,99190,100,100425,100,99120,100,100572,100,99109,100
2019-06-28 10:08:30.000000000,99872,197,99847,197,99930,197,99846,197,99945,197,99696,197,99952,197,99655,197,99965,197,99427,197,100115,100,99370,100,100116,100,99223,100,100165,100,99190,100,100425,100,99120,100,100572,100,99109,100
2019-06-28 10:08:37.757065957,99872,197,99847,197,99930,197,99846,197,99945,197,99696,197,99952,197,99655,197,99965,197,99427,197,100115,100,99370,100,100116,100,99223,100,100165,100,99190,100,100425,100,99120,100,100572,100,99109,100
2019-06-28 10:08:40.000000000,99872,343,99847,343,99930,343,99846,343,99945,100,99696,100,99952,100,99655,100,99965,100,99427,100,100115,100,99370,100,100116,100,99223,100,100165,100,99190,100,100425,100,99120,100,100572,100,99109,100
