,ask_price_1,ask_size_1,bid_price_1,bid_size_1,ask_price_2,ask_size_2,bid_price_2,bid_size_2,ask_price_3,ask_size_3,bid_price_3,bid_size_3,ask_price_4,ask_size_4,bid_price_4,bid_size_4,ask_price_5,ask_size_5,bid_price_5,bid_size_5,ask_price_6,ask_size_6,bid_price_6,bid_size_6,ask_price_7,ask_size_7,bid_price_7,bid_size_7,ask_price_8,ask_size_8,bid_price_8,bid_size_8,ask_price_9,ask_size_9,bid_price_9,bid_size_9,ask_price_10,ask_size_10,bid_price_10,bid_size_10
2019-06-28 09:30:00.000000000,100020,100,99928,100,,,,,,,,,,,,,,,,,,,,,,,,,,,,,,,,,,,,
2019-06-28 09:30:00.000000004,100020,100,99928,100,,,99917,100,,,,,,,,,,,,,,,,,,,,,,,,,,,,,,,,
2019-06-28 09:30:00.000000006,100020,100,99940,100,,,99928,100,,,99917,100,,,,,,,,,,,,,,,,,,,,,,,,,,,,
2019-06-28 09:30:00.000000009,100020,100,99940,100,,,99928,100,,,99917,100,,,99914,100,,,,,,,,,,,,,,,,,,,,,,,,
2019-06-28 09:30:00.000000010,100020,100,99940,100,,,99928,100,,,99917,100,,,99914,100,,,99893,100,,,,,,,,,,,,,,,,,,,,
2019-06-28 09:30:00.000000013,100020,100,99940,100,,,99928,100,,,99917,100,,,99914,100,,,99893,100,,,99877,100,,,,,,,,,,,,,,,,
2019-06-28 09:30:00.000000014,100020,100,99940,100,100121,100,99928,100,,,99917,100,,,99914,100,,,99893,100,,,99881,100,,,99877,100,,,,,,,,,,,,
2019-06-28 09:30:00.000000015,100020,100,99940,100,100121,100,99928,100,,,99917,100,,,99914,100,,,99893,100,,,99881,100,,,99877,100,,,99852,100,,,,,,,,
2019-06-28 09:30:00.000000020,100020,100,99981,100,100121,100,99940,100,,,99928,100,,,99917,100,,,99914,100,,,99893,100,,,99881,100,,,99877,100,,,99852,100,,,,
2019-06-28 09:30:00.000000022,100121,100,99981,100,,,99940,100,,,99928,100,,,99917,100,,,99914,100,,,99893,100,,,99881,100,,,99877,100,,,99852,100,,,,
2019-06-28 09:30:00.000000024,100121,100,99981,100,,,99953,100,,,99940,100,,,99928,100,,,99917,100,,,99914,100,,,99893,100,,,99881,100,,,99877,100,,,99852,100
2019-06-28 09:30:00.000000025,100121,100,99981,100,100152,100,99953,100,,,99940,100,,,99928,100,,,99917,100,,,99914,100,,,99893,100,,,99881,100,,,99877,100,,,99852,100
2019-06-28 09:30:00.000000027,100091,100,99981,100,100121,100,99953,100,100152,100,99940,100,,,99928,100,,,99917,100,,,99914,100,,,99893,100,,,99881,100,,,99877,100,,,99852,100
2019-06-28 09:30:00.000000030,100048,100,99981,100,100091,100,99953,100,100121,100,99940,100,100135,100,99928,100,100152,100,99917,100,,,99914,100,,,99893,100,,,99881,100,,,99877,100,,,99852,100
2019-06-28 09:30:00.000000031,100048,100,99953,100,100091,100,99940,100,100121,100,99928,100,100135,100,99917,100,100152,100,99914,100,,,99893,100,,,99881,100,,,99877,100,,,99852,100,,,99800,100
2019-06-28 09:30:00.000000034,100048,100,99953,100,100051,100,99940,100,100091,100,99928,100,100121,100,99917,100,100135,100,99914,100,100152,100,99893,100,,,99881,100,,,99877,100,,,99852,100,,,99800,100
2019-06-28 09:30:00.000000035,100020,100,99953,100,100048,100,99940,100,100051,100,99928,100,100091,100,99917,100,100121,100,99914,100,100135,100,99896,100,100152,100,99893,100,,,99881,100,,,99877,100,,,99852,100
2019-06-28 09:30:00.000000036,100020,100,99981,100,100048,100,99953,100,100051,100,99940,100,100091,100,99928,100,100121,100,99917,100,100135,100,99914,100,100152,100,99896,100,,,99893,100,,,99881,100,,,99877,100
2019-06-28 09:30:00.000000038,100020,100,99981,100,100031,100,99953,100,100048,100,99940,100,100051,100,99928,100,100091,100,99917,100,100121,100,99914,100,100135,100,99896,100,100152,100,99893,100,,,99881,100,,,99877,100
2019-06-28 09:30:00.000000040,100020,100,99981,100,100031,100,99953,100,100048,100,99940,100,100051,100,99928,100,100091,100,99917,100,100101,100,99914,100,100121,100,99896,100,100135,100,99893,100,100152,100,99881,100,,,99877,100
2019-06-28 09:30:00.000000045,100020,200,99981,100,100031,100,99953,100,100048,100,99940,100,100051,100,99928,100,100091,100,99917,100,100101,100,99914,100,100121,100,99896,100,100135,100,99893,100,100140,100,99881,100,100152,100,99877,100
2019-06-28 09:30:00.000000048,100020,300,99981,100,100031,100,99953,100,100048,100,99940,100,100051,100,99928,100,100091,100,99917,100,100101,100,99914,100,100121,100,99896,100,100135,100,99893,100,100140,100,99881,100,100152,100,99877,100
2019-06-28 09:30:00.000000050,100020,300,99981,200,100031,100,99953,100,100048,100,99940,100,100051,100,99928,100,100091,100,99917,100,100101,100,99914,100,100121,100,99896,100,100135,100,99893,100,100140,100,99881,100,100152,100,99877,100
2019-06-28 09:30:00.000000052,100020,300,99981,100,100031,100,99953,100,100048,100,99940,100,100051,100,99928,100,100091,100,99917,100,100101,100,99914,100,100121,100,99896,100,100135,100,99893,100,100140,100,99881,100,100152,100,99877,200
2019-06-28 09:30:00.000000053,100020,300,99981,100,100031,100,99957,100,100048,100,99953,100,100051,100,99940,100,100091,100,99928,100,100101,100,99917,100,100121,100,99914,100,100135,100,99896,100,100140,100,99893,100,100152,100,99881,100
2019-06-28 09:30:00.000000055,100020,200,99981,100,100031,100,99957,100,100048,100,99953,100,100051,100,99940,100,100091,100,99928,100,100101,100,99917,100,100121,100,99914,100,100135,100,99896,100,100140,100,99893,100,100152,100,99881,100
2019-06-28 09:30:00.000000057,100020,200,99981,100,100031,100,99957,100,100048,100,99953,100,100051,100,99940,100,100091,100,99928,100,100101,100,99917,100,100121,100,99914,100,100135,100,99896,100,100140,100,99893,100,100152,100,99888,100
2019-06-28 09:30:00.000000058,100020,200,99981,100,100031,100,99957,100,100048,100,99953,100,100051,100,99951,100,100091,100,99940,100,100101,100,99928,100,100121,100,99917,100,100135,100,99914,100,100140,100,99896,100,100152,100,99893,100
2019-06-28 09:30:00.000000059,100020,200,99981,100,100022,100,99957,100,100031,100,99953,100,100048,100,99951,100,100051,100,99940,100,100059,100,99928,100,100091,100,99917,100,100101,100,99914,100,100121,100,99896,100,100127,100,99893,100
2019-06-28 09:30:00.000000060,100020,200,99981,100,100022,100,99957,100,100031,100,99956,100,100043,100,99953,100,100048,100,99951,100,100051,100,99940,100,100059,100,99928,100,100091,100,99917,100,100101,100,99914,100,100121,100,99913,100
2019-06-28 09:30:00.000000061,100020,200,100008,100,100022,100,99981,100,100031,100,99957,100,100043,100,99956,100,100048,100,99953,100,100051,100,99951,100,100059,100,99949,100,100091,100,99940,100,100101,100,99928,100,100121,100,99917,100
2019-06-28 09:30:00.000000062,100020,200,99981,100,100022,100,99957,100,100031,100,99956,100,100043,100,99953,100,100048,100,99951,100,100051,100,99949,100,100059,100,99940,100,100091,100,99928,100,100101,100,99917,100,100121,100,99914,100
2019-06-28 09:30:00.000000064,100020,200,99981,100,100022,100,99957,100,100031,100,99956,100,100043,100,99953,100,100048,100,99951,100,100051,100,99949,100,100059,100,99940,100,100091,100,99928,100,100101,100,99917,100,100118,100,99914,100
2019-06-28 09:30:00.000000065,100008,200,99981,100,100020,200,99957,100,100022,100,99956,100,100031,100,99953,100,100043,100,99951,100,100048,100,99949,100,100051,100,99940,100,100059,100,99928,100,100091,100,99917,100,100101,100,99914,100
2019-06-28 09:30:00.000000066,100008,200,99981,100,100020,200,99957,100,100022,100,99956,100,100031,100,99953,100,100043,100,99951,100,100048,100,99949,100,100051,100,99940,100,100059,100,99928,100,100069,100,99917,100,100091,100,99914,100
2019-06-28 09:30:00.000000068,100008,200,99981,100,100020,200,99957,100,100022,100,99956,100,100031,100,99953,100,100040,100,99951,100,100043,100,99949,100,100048,100,99940,100,100051,100,99928,100,100059,100,99917,100,100069,100,99914,100
2019-06-28 09:30:00.000000069,100008,200,99981,200,100020,200,99957,100,100022,100,99956,100,100031,100,99953,100,100040,100,99951,100,100043,100,99949,100,100048,100,99940,100,100051,100,99928,100,100059,100,99917,100,100069,100,99914,100
2019-06-28 09:30:00.000000075,100008,200,99981,200,100020,200,99957,100,100022,100,99956,100,100031,100,99953,100,100040,100,99951,100,100043,100,99949,100,100048,100,99940,100,100051,100,99928,100,100059,100,99917,100,100069,100,99914,100
2019-06-28 09:30:00.000000078,100008,200,99981,300,100020,200,99957,100,100022,100,99956,100,100031,100,99953,100,100040,100,99951,100,100043,100,99949,100,100048,100,99940,100,100051,100,99928,100,100059,100,99917,100,100069,100,99914,100
2019-06-28 09:30:00.000000079,100008,200,99981,300,100020,200,99957,100,100022,100,99956,100,100031,100,99955,100,100040,100,99953,100,100043,100,99951,100,100048,100,99949,100,100051,100,99940,100,100059,100,99928,100,100069,100,99917,100
2019-06-28 09:30:00.000000080,100008,200,99981,300,100020,200,99957,100,100022,100,99956,100,100031,100,99955,100,100040,100,99953,100,100043,100,99951,100,100048,100,99949,100,100051,100,99940,100,100059,100,99928,100,100069,100,99917,100
2019-06-28 09:30:00.000000081,100008,200,99981,300,100020,200,99957,100,100022,100,99956,100,100031,100,99955,100,100040,100,99953,100,100043,200,99951,100,100048,100,99949,100,100051,100,99940,100,100059,100,99928,100,100069,100,99917,100
2019-06-28 09:30:00.000000082,100008,200,99981,400,100020,200,99957,100,100022,100,99956,100,100031,100,99955,100,100040,100,99953,100,100043,200,99951,100,100048,100,99949,100,100051,100,99940,100,100059,100,99928,100,100069,100,99917,100
2019-06-28 09:30:00.000000086,100008,200,99981,400,100020,200,99957,100,100022,100,99956,100,100031,100,99955,100,100040,100,99953,100,100043,200,99951,100,100048,100,99949,100,100051,100,99940,100,100059,100,99934,100,100069,100,99928,100
2019-06-28 09:30:00.000000089,100008,300,99981,500,100020,200,99957,100,100022,100,99956,100,100031,100,99955,100,100040,100,99953,100,100043,200,99951,100,100048,100,99949,100,100051,100,99940,100,100059,100,99934,100,100069,100,99928,100
2019-06-28 09:30:00.000000090,100008,300,99981,500,100020,200,99957,100,100022,100,99956,100,100031,100,99955,100,100040,100,99953,100,100043,200,99951,100,100048,100,99949,100,100051,100,99940,100,100059,100,99934,100,100069,100,99928,100
2019-06-28 09:30:00.000000091,100008,300,99981,600,100020,200,99957,100,100022,100,99956,100,100031,100,99955,100,100040,100,99953,100,100043,200,99951,100,100048,100,99949,100,100051,100,99940,100,100059,100,99934,100,100069,100,99928,100
2019-06-28 09:30:00.000000092,100008,300,99981,600,100020,200,99957,100,100022,100,99956,100,100031,100,99955,100,100040,100,99953,100,100043,200,99951,100,100048,100,99949,100,100051,100,99940,100,100059,100,99934,100,100069,100,99928,100
2019-06-28 09:30:00.000000098,100008,300,99981,600,100020,200,99957,100,100022,100,99956,100,100027,100,99955,100,100031,100,99953,100,100040,100,99951,100,100043,200,99949,100,100048,100,99940,100,100051,100,99934,100,100059,100,99928,100
2019-06-28 09:30:03.563147759,100008,300,99981,600,100020,200,99957,100,100022,100,99956,100,100027,100,99955,100,100031,100,99953,100,100040,100,99951,100,100043,200,99949,100,100048,100,99940,100,100051,100,99934,100,100059,100,99917,100
2019-06-28 09:30:10.000000000,100008,376,99981,676,100020,276,99957,176,100022,176,99956,176,100027,176,99955,176,100031,176,99953,176,100040,100,99951,100,100043,200,99949,100,100048,100,99940,100,100051,100,99934,100,100059,100,99917,100
2019-06-28 09:30:20.000000000,100008,489,99981,789,100020,389,99957,289,100022,100,99956,100,100027,100,99955,100,100031,100,99953,100,100040,100,99951,100,100043,200,99949,100,100048,100,99940,100,100051,100,99934,100,100059,100,99917,100
2019-06-28 09:30:30.000000000,100008,489,99981,789,100020,389,99957,289,100022,100,99956,100,100027,100,99955,100,100031,100,99953,100,100040,100,99951,100,100043,200,99949,100,100048,100,99940,100,100051,100,99934,100,100059,100,99917,100
2019-06-28 09:30:40.000000000,100008,429,99981,729,100020,325,99957,225,100022,225,99956,225,100027,100,99955,100,100031,100,99953,100,100040,100,99951,100,100043,200,99949,100,100048,100,99940,100,100051,100,99934,100,100059,100,99917,100
2019-06-28 09:30:41.400729676,100008,429,99981,729,100020,325,99957,225,100022,225,99956,225,100027,100,99955,100,100031,100,99953,100,100040,100,99951,100,100043,200,99949,100,100048,100,99940,100,100051,100,99934,100,100059,100,99917,100
2019-06-28 09:30:50.000000000,100008,429,99981,729,100020,325,99957,225,100022,225,99956,225,100027,100,99955,100,100031,100,99953,100,100040,100,99951,100,100043,200,99949,100,100048,100,99940,100,100051,100,99934,100,100059,100,99917,100
2019-06-28 09:30:55.690497594,100008,529,99981,729,100020,225,99957,225,100022,225,99956,225,100027,100,99955,100,100031,100,99953,100,100040,100,99951,100,100043,200,99949,100,100048,100,99940,100,100051,100,99934,100,100059,100,99917,100
2019-06-28 09:30:58.925553092,100008,529,99981,729,100020,225,99957,225,100022,225,99956,225,100027,100,99955,100,100031,100,99953,100,100040,100,99951,100,100043,200,99949,100,100048,100,99940,100,100051,100,99934,100,100059,100,99917,100
2019-06-28 09:31:00.000000000,100008,476,99981,676,100020,176,99957,176,100022,176,99956,176,100027,176,99955,176,100031,176,99953,176,100040,100,99951,100,100043,200,99949,100,100048,100,99940,100,100051,100,99934,100,100059,100,99917,100
2019-06-28 09:31:10.000000000,100008,476,99981,676,100020,176,99957,176,100022,176,99956,176,100027,176,99955,176,100031,176,99953,176,100040,100,99951,100,100043,200,99949,100,100048,100,99940,100,100051,100,99934,100,100059,100,99917,100
2019-06-28 09:31:20.000000000,100008,529,99981,729,100020,225,99957,225,100022,225,99956,225,100027,100,99955,100,100031,100,99953,100,100040,100,99951,100,100043,200,99949,100,100048,100,99940,100,100051,100,99934,100,100059,100,99917,100
2019-06-28 09:31:30.000000000,100008,529,99981,729,100020,225,99957,225,100022,225,99956,225,100027,100,99955,100,100031,100,99953,100,100040,100,99951,100,100043,200,99949,100,100048,100,99940,100,100051,100,99934,100,100059,100,99917,100
2019-06-28 09:31:40.000000000,100008,476,99981,676,100020,176,99957,176,100022,176,99956,176,100027,176,99955,176,100031,176,99953,176,100040,100,99951,100,100043,200,99949,100,100048,100,99940,100,100051,100,99934,100,100059,100,99917,100
2019-06-28 09:31:50.000000000,100008,476,99981,676,100020,176,99957,176,100022,176,99956,176,100027,176,99955,176,100031,176,99953,176,100040,100,99951,100,100043,200,99949,100,100048,100,99940,100,100051,100,99934,100,100059,100,99917,100
2019-06-28 09:31:50.447051444,100008,476,99981,676,100020,176,99957,176,100022,176,99956,176,100027,176,99955,176,100031,176,99953,176,100040,100,99951,100,100043,200,99949,100,100048,100,99940,100,100051,100,99934,100,100059,100,99917,100
2019-06-28 09:32:00.000000000,100008,778,99981,978,100020,100,99957,100,100022,100,99956,100,100027,100,99955,100,100031,100,99953,100,100040,100,99951,100,100043,200,99949,100,100048,100,99940,100,100051,100,99934,100,100059,100,99917,100
2019-06-28 09:32:00.569885898,100008,778,99981,978,100020,100,99957,100,100022,100,99956,100,100027,100,99955,100,100031,100,99953,100,100040,100,99951,100,100043,200,99949,100,100048,100,99940,100,100051,100,99934,100,100059,100,99917,100
2019-06-28 09:32:10.000000000,100008,529,99981,729,100020,225,99957,225,100022,225,99956,225,100027,100,99955,100,100031,100,99953,100,100040,100,99951,100,100043,200,99949,100,100048,100,99940,100,100051,100,99934,100,100059,100,99917,100
2019-06-28 09:32:20.000000000,100008,476,99981,676,100020,176,99957,176,100022,176,99956,176,100027,176,99955,176,100031,176,99953,176,100040,100,99951,100,100043,200,99949,100,100048,100,99940,100,100051,100,99934,100,100059,100,99917,100
2019-06-28 09:32:27.256305252,100008,476,99981,676,100020,176,99957,176,100022,176,99956,176,100027,76,99955,176,100031,176,99953,176,100040,100,99951,100,100043,200,99949,100,100048,100,99940,100,100051,100,99934,100,100059,100,99917,100
2019-06-28 09:32:30.000000000,100008,589,99981,789,100020,289,99957,289,100022,100,99956,100,100031,100,99955,100,100040,100,99953,100,100043,200,99951,100,100048,100,99949,100,100051,100,99940,100,100059,100,99934,100,100069,100,99917,100
2019-06-28 09:32:40.000000000,100008,476,99981,676,100020,176,99957,176,100022,176,99956,176,100031,176,99955,176,100040,176,99953,176,100043,200,99951,100,100048,100,99949,100,100051,100,99940,100,100059,100,99934,100,100069,100,99917,100
2019-06-28 09:32:50.000000000,100008,589,99981,789,100020,289,99957,289,100022,100,99956,100,100031,100,99955,100,100040,100,99953,100,100043,200,99951,100,100048,100,99949,100,100051,100,99940,100,100059,100,99934,100,100069,100,99917,100
2019-06-28 09:32:54.352720647,100008,689,99981,689,100020,289,99957,289,100022,100,99956,100,100031,100,99955,100,100040,100,99953,100,100043,200,99951,100,100048,100,99949,100,100051,100,99940,100,100059,100,99934,100,100069,100,99917,100
2019-06-28 09:33:00.000000000,100008,629,99981,629,100020,225,99957,225,100022,225,99956,225,100031,100,99955,100,100040,100,99953,100,100043,200,99951,100,100048,100,99949,100,100051,100,99940,100,100059,100,99934,100,100069,100,99917,100
2019-06-28 09:33:01.085345551,100008,729,99981,629,100020,225,99957,225,100022,225,99956,225,100031,100,99955,100,100040,100,99953,100,100043,200,99951,100,100048,100,99949,100,100051,100,99940,100,100059,100,99934,100,100069,100,99917,100
2019-06-28 09:33:10.000000000,100008,978,99981,878,100020,100,99957,100,100022,100,99956,100,100031,100,99955,100,100040,100,99953,100,100043,200,99951,100,100048,100,99949,100,100051,100,99940,100,100059,100,99934,100,100069,100,99917,100
2019-06-28 09:33:20.000000000,100008,978,99981,878,100020,100,99957,100,100022,100,99956,100,100031,100,99955,100,100040,100,99953,100,100043,200,99951,100,100048,100,99949,100,100051,100,99940,100,100059,100,99934,100,100069,100,99917,100
2019-06-28 09:33:25.517136855,100008,1078,99981,878,100020,100,99957,100,100022,100,99956,100,100031,100,99955,100,100040,100,99953,100,100043,200,99951,100,100048,100,99949,100,100051,100,99940,100,100059,100,99934,100,100069,100,99917,100
2019-06-28 09:33:30.000000000,100008,794,99981,594,100020,194,99957,194,100022,194,99956,194,100031,194,99955,194,100040,100,99953,100,100043,200,99951,100,100048,100,99949,100,100051,100,99940,100,100059,100,99934,100,100069,100,99917,100
2019-06-28 09:33:40.000000000,100008,1078,99981,878,100020,100,99957,100,100022,100,99956,100,100031,100,99955,100,100040,100,99953,100,100043,200,99951,100,100048,100,99949,100,100051,100,99940,100,100059,100,99934,100,100069,100,99917,100
2019-06-28 09:33:40.624665628,100008,1078,99981,778,100020,100,99957,100,100022,100,99956,100,100031,100,99955,100,100040,100,99953,100,100043,200,99949,100,100048,100,99940,100,100051,100,99934,100,100059,100,99917,100,100069,100,99914,100
2019-06-28 09:33:50.000000000,100008,889,99981,589,100020,289,99957,289,100022,100,99956,100,100031,100,99955,100,100040,100,99953,100,100043,200,99949,100,100048,100,99940,100,100051,100,99934,100,100059,100,99917,100,100069,100,99914,100
2019-06-28 09:34:00.000000000,100008,829,99981,529,100020,225,99957,225,100022,225,99956,225,100031,100,99955,100,100040,100,99953,100,100043,200,99949,100,100048,100,99940,100,100051,100,99934,100,100059,100,99917,100,100069,100,99914,100
2019-06-28 09:34:10.000000000,100008,829,99981,529,100020,225,99957,225,100022,225,99956,225,100031,100,99955,100,100040,100,99953,100,100043,200,99949,100,100048,100,99940,100,100051,100,99934,100,100059,100,99917,100,100069,100,99914,100
2019-06-28 09:34:16.399600413,100008,729,99981,529,100020,225,99957,225,100022,225,99956,225,100031,100,99955,100,100040,100,99953,100,100043,200,99949,100,100048,100,99940,100,100051,100,99934,100,100059,100,99917,100,100069,100,99914,100
2019-06-28 09:34:20.000000000,100008,676,99981,476,100020,176,99957,176,100022,176,99956,176,100031,176,99955,176,100040,176,99953,176,100043,200,99949,100,100048,100,99940,100,100051,100,99934,100,100059,100,99917,100,100069,100,99914,100
2019-06-28 09:34:21.095943898,100008,676,99981,376,100020,176,99957,176,100022,176,99956,176,100031,176,99955,176,100040,176,99953,176,100043,200,99949,100,100048,100,99940,100,100051,100,99934,100,100059,100,99917,100,100069,100,99914,100
2019-06-28 09:34:25.275710228,100008,676,99981,376,100020,176,99957,176,100022,176,99956,176,100031,176,99955,176,100040,176,99953,176,100043,200,99949,100,100048,100,99940,100,100051,100,99934,100,100059,100,99917,100,100069,100,99914,100
2019-06-28 09:34:27.527388606,100008,676,99981,376,100020,176,99957,176,100022,176,99956,176,100031,176,99955,176,100040,176,99953,176,100043,200,99940,100,100048,100,99934,100,100051,100,99917,100,100059,100,99914,100,100069,100,99913,100
2019-06-28 09:34:30.000000000,100008,694,99981,394,100020,194,99957,194,100022,194,99956,194,100031,194,99955,194,100040,100,99953,100,100043,200,99940,100,100048,100,99934,100,100051,100,99917,100,100059,100,99914,100,100069,100,99913,100
2019-06-28 09:34:33.772106582,100008,694,99981,294,100020,194,99957,194,100022,194,99956,194,100031,194,99955,194,100040,100,99940,100,100043,200,99934,100,100048,100,99917,100,100051,100,99914,100,100059,100,99913,100,100069,100,99911,100
2019-06-28 09:34:40.000000000,100008,676,99981,276,100020,176,99957,176,100022,176,99956,176,100031,176,99955,176,100040,176,99940,176,100043,200,99934,100,100048,100,99917,100,100051,100,99914,100,100059,100,99913,100,100069,100,99911,100
2019-06-28 09:34:40.556040709,100008,676,99981,276,100020,176,99957,176,100022,176,99956,176,100031,176,99955,176,100040,176,99940,176,100043,200,99934,100,100048,100,99917,100,100051,100,99914,100,100059,100,99913,100,100069,100,99911,100
2019-06-28 09:34:50.000000000,100008,978,99981,578,100020,100,99957,100,100022,100,99956,100,100031,100,99955,100,100040,100,99940,100,100043,200,99934,100,100048,100,99917,100,100051,100,99914,100,100059,100,99913,100,100069,100,99911,100
2019-06-28 09:34:53.637101515,100008,878,99981,578,100020,100,99957,100,100022,100,99956,100,100031,100,99955,100,100040,100,99940,100,100043,200,99934,100,100048,100,99917,100,100051,100,99914,100,100059,100,99913,100,100069,100,99911,100
2019-06-28 09:34:59.159306146,100008,878,99981,478,100020,100,99957,100,100031,100,99956,100,100040,100,99955,100,100043,200,99940,100,100048,100,99934,100,100051,100,99917,100,100059,100,99914,100,100069,100,99913,100,100090,100,99911,100
2019-06-28 09:35:00.000000000,100008,576,99981,176,100020,176,99957,176,100031,176,99956,176,100040,176,99955,176,100043,276,99940,176,100048,100,99934,100,100051,100,99917,100,100059,100,99914,100,100069,100,99913,100,100090,100,99911,100
2019-06-28 09:35:10.000000000,100008,576,99981,176,100020,176,99957,176,100031,176,99956,176,100040,176,99955,176,100043,276,99940,176,100048,100,99934,100,100051,100,99917,100,100059,100,99914,100,100069,100,99913,100,100090,100,99911,100
2019-06-28 09:35:13.686117627,100008,476,99981,76,100020,176,99957,176,100031,176,99956,176,100040,176,99955,176,100043,276,99940,176,100048,100,99934,100,100051,100,99917,100,100059,100,99914,100,100069,100,99913,100,100090,100,99911,100
2019-06-28 09:35:20.000000000,100008,778,99957,478,100020,100,99956,100,100031,100,99955,100,100040,100,99940,100,100043,200,99934,100,100048,100,99917,100,100051,100,99914,100,100059,100,99913,100,100069,100,99911,100,100090,100,99908,100
2019-06-28 09:35:30.000000000,100008,494,99957,194,100020,194,99956,194,100031,194,99955,194,100040,194,99940,194,100043,200,99934,100,100048,100,99917,100,100051,100,99914,100,100059,100,99913,100,100069,100,99911,100,100090,100,99908,100
2019-06-28 09:35:40.000000000,100008,529,99957,229,100020,225,99956,225,100031,225,99955,225,100040,100,99940,100,100043,200,99934,100,100048,100,99917,100,100051,100,99914,100,100059,100,99913,100,100069,100,99911,100,100090,100,99908,100
2019-06-28 09:35:50.000000000,100008,778,99957,478,100020,100,99956,100,100031,100,99955,100,100040,100,99940,100,100043,200,99934,100,100048,100,99917,100,100051,100,99914,100,100059,100,99913,100,100069,100,99911,100,100090,100,99908,100
2019-06-28 09:36:00.000000000,100008,476,99957,176,100020,176,99956,176,100031,176,99955,176,100040,176,99940,176,100043,276,99934,176,100048,100,99917,100,100051,100,99914,100,100059,100,99913,100,100069,100,99911,100,100090,100,99908,100
2019-06-28 09:36:07.416331681,100008,476,99957,76,100020,176,99956,176,100031,176,99955,176,100040,176,99940,176,100043,276,99934,176,100048,100,99917,100,100051,100,99914,100,100059,100,99913,100,100069,100,99911,100,100090,100,99908,100
2019-06-28 09:36:10.000000000,100008,778,99956,478,100020,100,99955,100,100031,100,99940,100,100040,100,99934,100,100043,200,99917,100,100048,100,99914,100,100051,100,99913,100,100059,100,99911,100,100069,100,99908,100,100090,100,99896,200
2019-06-28 09:36:20.000000000,100008,529,99956,229,100020,225,99955,225,100031,225,99940,225,100040,100,99934,100,100043,200,99917,100,100048,100,99914,100,100051,100,99913,100,100059,100,99911,100,100069,100,99908,100,100090,100,99896,200
2019-06-28 09:36:28.798113272,100008,529,99956,229,100020,225,99955,225,100031,225,99940,225,100040,100,99934,100,100043,200,99917,100,100048,100,99914,100,100051,100,99913,100,100059,100,99911,100,100069,100,99908,100,100090,100,99896,200
2019-06-28 09:36:30.000000000,100008,476,99956,176,100020,176,99955,176,100031,176,99940,176,100040,176,99934,176,100043,276,99917,176,100048,100,99914,100,100051,100,99913,100,100059,100,99911,100,100069,100,99908,100,100090,100,99896,200
2019-06-28 09:36:40.000000000,100008,494,99956,194,100020,194,99955,194,100031,194,99940,194,100040,194,99934,194,100043,200,99917,100,100048,100,99914,100,100051,100,99913,100,100059,100,99911,100,100069,100,99908,100,100090,100,99896,200
2019-06-28 09:36:50.000000000,100008,494,99956,194,100020,194,99955,194,100031,194,99940,194,100040,194,99934,194,100043,200,99917,100,100048,100,99914,100,100051,100,99913,100,100059,100,99911,100,100069,100,99908,100,100090,100,99896,200
2019-06-28 09:37:00.000000000,100008,778,99956,478,100020,100,99955,100,100031,100,99940,100,100040,100,99934,100,100043,200,99917,100,100048,100,99914,100,100051,100,99913,100,100059,100,99911,100,100069,100,99908,100,100090,100,99896,200
2019-06-28 09:37:04.306643221,100008,778,99956,378,100020,100,99955,100,100031,100,99940,100,100040,100,99934,100,100043,200,99917,100,100048,100,99914,100,100051,100,99913,100,100059,100,99911,100,100069,100,99908,100,100090,100,99896,200
2019-06-28 09:37:10.000000000,100008,476,99955,176,100020,176,99940,176,100031,176,99934,176,100040,176,99917,176,100043,276,99914,176,100048,100,99913,100,100051,100,99911,100,100059,100,99908,100,100069,100,99896,200,100090,100,99894,100
2019-06-28 09:37:11.197551203,100008,476,99955,76,100020,176,99940,176,100031,176,99934,176,100040,176,99917,176,100043,276,99914,176,100048,100,99913,100,100051,100,99911,100,100059,100,99908,100,100069,100,99896,200,100090,100,99894,100
2019-06-28 09:37:18.391903050,100008,476,99955,76,100020,176,99940,176,100031,176,99934,176,100040,176,99917,176,100043,276,99914,176,100048,100,99913,100,100051,100,99911,100,100069,100,99908,100,100090,100,99896,200,100091,100,99894,100
2019-06-28 09:37:20.000000000,100008,476,99940,176,100020,176,99934,176,100031,176,99917,176,100040,176,99914,176,100043,276,99913,176,100048,100,99911,100,100051,100,99908,100,100069,100,99896,200,100090,100,99894,100,100091,100,99893,100
2019-06-28 09:37:30.000000000,100008,529,99940,229,100020,225,99934,225,100031,225,99917,225,100040,100,99914,100,100043,200,99913,100,100048,100,99911,100,100051,100,99908,100,100069,100,99896,200,100090,100,99894,100,100091,100,99893,100
2019-06-28 09:37:40.000000000,100008,476,99940,176,100020,176,99934,176,100031,176,99917,176,100040,176,99914,176,100043,276,99913,176,100048,100,99911,100,100051,100,99908,100,100069,100,99896,200,100090,100,99894,100,100091,100,99893,100
2019-06-28 09:37:47.272820094,100008,476,99940,176,100020,176,99934,176,100031,176,99917,176,100040,176,99914,176,100043,176,99913,176,100048,100,99911,100,100051,100,99908,100,100069,100,99896,200,100090,100,99894,100,100091,100,99893,100
2019-06-28 09:37:50.000000000,100008,778,99940,478,100020,100,99934,100,100031,100,99917,100,100040,100,99914,100,100043,100,99913,100,100048,100,99911,100,100051,100,99908,100,100069,100,99896,200,100090,100,99894,100,100091,100,99893,100
2019-06-28 09:37:57.516364660,100008,778,99940,378,100020,100,99934,100,100031,100,99917,100,100040,100,99914,100,100043,100,99913,100,100048,100,99911,100,100051,100,99908,100,100069,100,99896,200,100090,100,99894,100,100091,100,99893,100
2019-06-28 09:38:00.000000000,100008,778,99934,478,100020,100,99917,100,100031,100,99914,100,100040,100,99913,100,100043,100,99911,100,100048,100,99908,100,100051,100,99896,200,100069,100,99894,100,100090,100,99893,100,100091,100,99890,100
2019-06-28 09:38:10.000000000,100008,529,99934,229,100020,225,99917,225,100031,225,99914,225,100040,100,99913,100,100043,100,99911,100,100048,100,99908,100,100051,100,99896,200,100069,100,99894,100,100090,100,99893,100,100091,100,99890,100
2019-06-28 09:38:19.614918378,100008,529,99934,29,100020,225,99917,225,100031,225,99914,225,100040,100,99913,100,100043,100,99911,100,100048,100,99908,100,100051,100,99896,200,100069,100,99894,100,100090,100,99893,100,100091,100,99890,100
2019-06-28 09:38:20.000000000,100008,778,99917,478,100020,100,99914,100,100031,100,99913,100,100040,100,99911,100,100043,100,99908,100,100048,100,99896,200,100051,100,99894,100,100069,100,99893,100,100090,100,99890,100,100091,100,99881,100
2019-06-28 09:38:24.199446175,100008,778,99917,478,100020,100,99914,100,100031,100,99913,100,100040,100,99911,100,100043,100,99908,100,100048,100,99896,200,100051,100,99894,100,100069,100,99893,100,100090,100,99890,100,100091,100,99881,100
2019-06-28 09:38:26.311991948,100008,778,99917,378,100020,100,99914,100,100031,100,99913,100,100040,100,99911,100,100043,100,99908,100,100048,100,99896,200,100051,100,99894,100,100069,100,99893,100,100090,100,99890,100,100091,100,99881,100
2019-06-28 09:38:29.216791778,100008,778,99917,378,100020,100,99914,100,100031,100,99913,100,100040,100,99911,100,100043,100,99908,100,100048,100,99896,200,100051,100,99894,100,100069,100,99893,100,100090,100,99890,100,100091,100,99881,100
2019-06-28 09:38:30.000000000,100008,589,99914,289,100020,289,99913,289,100031,100,99911,100,100040,100,99908,100,100043,100,99896,200,100048,100,99894,100,100051,100,99893,100,100069,100,99890,100,100090,100,99881,100,100091,100,99877,100
2019-06-28 09:38:40.000000000,100008,589,99914,289,100020,289,99913,289,100031,100,99911,100,100040,100,99908,100,100043,100,99896,200,100048,100,99894,100,100051,100,99893,100,100069,100,99890,100,100090,100,99881,100,100091,100,99877,100
2019-06-28 09:38:50.000000000,100008,476,99914,176,100020,176,99913,176,100031,176,99911,176,100040,176,99908,176,100043,176,99896,276,100048,100,99894,100,100051,100,99893,100,100069,100,99890,100,100090,100,99881,100,100091,100,99877,100
2019-06-28 09:38:54.109502882,100008,476,99914,76,100020,176,99913,176,100031,176,99911,176,100040,176,99908,176,100043,176,99896,276,100048,100,99894,100,100051,100,99893,100,100069,100,99881,100,100090,100,99877,100,100091,100,99815,100
2019-06-28 09:39:00.000000000,100008,529,99913,229,100020,225,99911,225,100031,225,99908,225,100040,100,99896,200,100043,100,99894,100,100048,100,99893,100,100051,100,99881,100,100069,100,99877,100,100090,100,99815,100,100091,100,99803,100
2019-06-28 09:39:06.739847891,100008,529,99913,129,100020,225,99911,225,100031,225,99908,225,100040,100,99896,200,100043,100,99894,100,100048,100,99893,100,100051,100,99881,100,100069,100,99877,100,100090,100,99815,100,100091,100,99803,100
2019-06-28 09:39:10.000000000,100008,529,99911,229,100020,225,99908,225,100031,225,99896,325,100040,100,99894,100,100043,100,99893,100,100048,100,99881,100,100051,100,99877,100,100069,100,99815,100,100090,100,99803,100,100091,100,99800,100
2019-06-28 09:39:13.482468281,100008,529,99911,229,100020,225,99908,225,100031,225,99896,325,100043,100,99894,100,100048,100,99893,100,100051,100,99881,100,100069,100,99877,100,100090,100,99815,100,100091,100,99803,100,100101,100,99800,100
2019-06-28 09:39:20.000000000,100008,476,99911,176,100020,176,99908,176,100031,176,99896,276,100043,176,99894,176,100048,176,99893,176,100051,100,99881,100,100069,100,99877,100,100090,100,99815,100,100091,100,99803,100,100101,100,99800,100
2019-06-28 09:39:25.157640936,99914,100,99911,176,100008,476,99908,176,100020,176,99896,276,100031,176,99894,176,100043,176,99893,176,100048,176,99881,100,100051,100,99877,100,100069,100,99815,100,100090,100,99803,100,100091,100,99800,100
2019-06-28 09:39:29.760476735,99914,100,99911,76,100008,476,99908,76,100020,176,99896,276,100031,176,99894,176,100043,176,99893,176,100048,176,99881,100,100051,100,99877,100,100069,100,99815,100,100090,100,99803,100,100091,100,99800,100
2019-06-28 09:39:30.000000000,99914,194,99896,294,100008,494,99894,194,100020,194,99893,194,100031,194,99881,194,100043,100,99877,100,100048,100,99815,100,100051,100,99803,100,100069,100,99800,100,100090,100,99620,100,100091,100,99565,100
2019-06-28 09:39:33.825761498,99914,194,99896,294,100008,494,99894,194,100020,194,99893,194,100031,194,99881,194,100043,100,99877,100,100048,100,99815,100,100051,100,99803,100,100069,100,99800,100,100090,100,99761,100,100091,100,99620,100
2019-06-28 09:39:40.000000000,99914,176,99896,276,100008,476,99894,176,100020,176,99893,176,100031,176,99881,176,100043,176,99877,176,100048,100,99815,100,100051,100,99803,100,100069,100,99800,100,100090,100,99761,100,100091,100,99620,100
2019-06-28 09:39:42.736966362,99914,176,99896,176,100008,476,99894,176,100020,176,99893,176,100031,176,99881,176,100043,176,99877,176,100048,100,99815,100,100051,100,99803,100,100069,100,99800,100,100090,100,99761,100,100091,100,99620,100
2019-06-28 09:39:50.000000000,99914,194,99896,194,100008,494,99894,194,100020,194,99893,194,100031,194,99881,194,100043,100,99877,100,100048,100,99815,100,100051,100,99803,100,100069,100,99800,100,100090,100,99761,100,100091,100,99620,100
2019-06-28 09:39:57.519221948,99911,100,99896,194,99914,194,99894,194,100008,494,99893,194,100020,194,99881,194,100031,194,99877,100,100043,100,99815,100,100048,100,99803,100,100051,100,99800,100,100069,100,99761,100,100090,100,99620,100
2019-06-28 09:40:00.000000000,99911,478,99896,478,99914,100,99894,100,100008,400,99893,100,100020,100,99881,100,100031,100,99877,100,100043,100,99815,100,100048,100,99803,100,100051,100,99800,100,100069,100,99761,100,100090,100,99620,100
2019-06-28 09:40:10.000000000,99911,478,99896,478,99914,100,99894,100,100008,400,99893,100,100020,100,99881,100,100031,100,99877,100,100043,100,99815,100,100048,100,99803,100,100051,100,99800,100,100069,100,99761,100,100090,100,99620,100
2019-06-28 09:40:20.000000000,99911,289,99896,289,99914,289,99894,289,100008,400,99893,100,100020,100,99881,100,100031,100,99877,100,100043,100,99815,100,100048,100,99803,100,100051,100,99800,100,100069,100,99761,100,100090,100,99620,100
2019-06-28 09:40:23.992661736,99911,389,99896,289,99914,289,99894,289,100008,400,99893,100,100020,100,99881,100,100031,100,99877,100,100043,100,99815,100,100048,100,99803,100,100051,100,99800,100,100069,100,99761,100,100090,100,99620,100
2019-06-28 09:40:30.000000000,99911,276,99896,176,99914,176,99894,176,100008,476,99893,176,100020,176,99881,176,100031,176,99877,176,100043,100,99815,100,100048,100,99803,100,100051,100,99800,100,100069,100,99761,100,100090,100,99620,100
2019-06-28 09:40:40.000000000,99911,578,99896,478,99914,100,99894,100,100008,400,99893,100,100020,100,99881,100,100031,100,99877,100,100043,100,99815,100,100048,100,99803,100,100051,100,99800,100,100069,100,99761,100,100090,100,99620,100
2019-06-28 09:40:50.000000000,99911,276,99896,176,99914,176,99894,176,100008,476,99893,176,100020,176,99881,176,100031,176,99877,176,100043,100,99815,100,100048,100,99803,100,100051,100,99800,100,100069,100,99761,100,100090,100,99620,100
2019-06-28 09:40:56.349280790,99911,176,99896,176,99914,176,99894,176,100008,476,99893,176,100020,176,99881,176,100031,176,99877,176,100043,100,99815,100,100048,100,99803,100,100051,100,99800,100,100069,100,99761,100,100090,100,99620,100
2019-06-28 09:40:58.062098779,99911,176,99896,176,99914,176,99894,176,100008,476,99893,176,100020,176,99881,176,100031,176,99877,176,100043,100,99815,100,100048,100,99803,100,100069,100,99800,100,100090,100,99761,100,100091,100,99620,100
2019-06-28 09:41:00.000000000,99911,229,99896,229,99914,225,99894,225,100008,525,99893,225,100020,100,99881,100,100031,100,99877,100,100043,100,99815,100,100048,100,99803,100,100069,100,99800,100,100090,100,99761,100,100091,100,99620,100
2019-06-28 09:41:03.821854469,99911,129,99896,229,99914,225,99894,225,100008,525,99893,225,100020,100,99881,100,100031,100,99877,100,100043,100,99815,100,100048,100,99803,100,100069,100,99800,100,100090,100,99761,100,100091,100,99620,100
2019-06-28 09:41:10.000000000,99914,229,99896,229,100008,525,99894,225,100020,225,99893,225,100031,100,99881,100,100043,100,99877,100,100048,100,99815,100,100069,100,99803,100,100090,100,99800,100,100091,100,99761,100,100101,100,99620,100
2019-06-28 09:41:20.000000000,99914,194,99896,194,100008,494,99894,194,100020,194,99893,194,100031,194,99881,194,100043,100,99877,100,100048,100,99815,100,100069,100,99803,100,100090,100,99800,100,100091,100,99761,100,100101,100,99620,100
2019-06-28 09:41:23.470567258,99914,194,99911,100,100008,494,99896,194,100020,194,99894,194,100031,194,99893,194,100043,100,99881,194,100048,100,99877,100,100069,100,99815,100,100090,100,99803,100,100091,100,99800,100,100101,100,99761,100
2019-06-28 09:41:30.000000000,99914,229,99911,229,100008,525,99896,225,100020,225,99894,225,100031,100,99893,100,100043,100,99881,100,100048,100,99877,100,100069,100,99815,100,100090,100,99803,100,100091,100,99800,100,100101,100,99761,100
2019-06-28 09:41:40.000000000,99914,478,99911,478,100008,400,99896,100,100020,100,99894,100,100031,100,99893,100,100043,100,99881,100,100048,100,99877,100,100069,100,99815,100,100090,100,99803,100,100091,100,99800,100,100101,100,99761,100
2019-06-28 09:41:41.169782439,99914,378,99911,478,100008,400,99896,100,100020,100,99894,100,100031,100,99893,100,100043,100,99881,100,100048,100,99877,100,100069,100,99815,100,100090,100,99803,100,100091,100,99800,100,100101,100,99761,100
2019-06-28 09:41:42.194641434,99914,378,99911,478,100008,400,99896,100,100020,100,99894,100,100031,100,99893,100,100043,100,99881,100,100048,100,99877,100,100069,100,99815,100,100090,100,99803,100,100091,100,99800,100,100101,100,99761,100
2019-06-28 09:41:48.637907827,99914,378,99912,100,100008,400,99911,378,100020,100,99896,100,100031,100,99894,100,100043,100,99893,100,100048,100,99881,100,100069,100,99877,100,100090,100,99815,100,100091,100,99803,100,100101,100,99800,100
2019-06-28 09:41:50.000000000,100008,529,99912,229,100020,225,99896,225,100031,225,99894,225,100043,100,99893,100,100048,100,99881,100,100069,100,99877,100,100090,100,99815,100,100091,100,99803,100,100101,100,99800,100,100118,100,99761,100
2019-06-28 09:41:59.836407478,100008,529,99912,229,100020,225,99896,225,100031,225,99894,225,100043,100,99893,100,100048,100,99881,100,100069,100,99877,100,100090,100,99815,100,100091,100,99803,100,100101,100,99800,100,100118,100,99761,100
2019-06-28 09:42:00.000000000,100008,529,99912,229,100020,225,99896,225,100031,225,99894,225,100043,100,99893,100,100048,100,99881,100,100069,100,99877,100,100090,100,99815,100,100091,100,99803,100,100101,100,99800,100,100118,100,99761,100
2019-06-28 09:42:10.000000000,100008,529,99912,229,100020,225,99896,225,100031,225,99894,225,100043,100,99893,100,100048,100,99881,100,100069,100,99877,100,100090,100,99815,100,100091,100,99803,100,100101,100,99800,100,100118,100,99761,100
2019-06-28 09:42:20.000000000,100008,778,99912,478,100020,100,99896,100,100031,100,99894,100,100043,100,99893,100,100048,100,99881,100,100069,100,99877,100,100090,100,99815,100,100091,100,99803,100,100101,100,99800,100,100118,100,99761,100
2019-06-28 09:42:26.581076833,100008,778,99912,478,100020,100,99896,100,100031,100,99894,100,100043,100,99893,100,100048,100,99881,100,100069,100,99877,100,100090,100,99815,100,100091,100,99803,100,100101,100,99800,100,100118,100,99761,100
2019-06-28 09:42:30.000000000,100008,589,99912,289,100020,289,99896,289,100031,100,99894,100,100043,100,99893,100,100048,100,99881,100,100069,100,99877,100,100090,100,99815,100,100091,100,99803,100,100101,100,99800,100,100118,100,99761,100
2019-06-28 09:42:31.964143499,100008,489,99912,389,100020,289,99896,289,100031,100,99894,100,100043,100,99893,100,100048,100,99881,100,100069,100,99877,100,100090,100,99815,100,100091,100,99803,100,100101,100,99800,100,100118,100,99761,100
2019-06-28 09:42:37.288521955,100008,389,99912,389,100020,289,99896,289,100031,100,99894,100,100043,100,99893,100,100048,100,99881,100,100069,100,99815,100,100090,100,99803,100,100091,100,99800,100,100101,100,99761,100,100118,100,99175,100
2019-06-28 09:42:40.000000000,100008,578,99912,578,100020,100,99896,100,100031,100,99894,100,100043,100,99893,100,100048,100,99881,100,100069,100,99815,100,100090,100,99803,100,100091,100,99800,100,100101,100,99761,100,100118,100,99175,100
2019-06-28 09:42:50.000000000,100008,329,99912,329,100020,225,99896,225,100031,225,99894,225,100043,100,99893,100,100048,100,99881,100,100069,100,99815,100,100090,100,99803,100,100091,100,99800,100,100101,100,99761,100,100118,100,99175,100
2019-06-28 09:43:00.000000000,100008,329,99912,329,100020,225,99896,225,100031,225,99894,225,100043,100,99893,100,100048,100,99881,100,100069,100,99815,100,100090,100,99803,100,100091,100,99800,100,100101,100,99761,100,100118,100,99175,100
2019-06-28 09:43:10.000000000,100008,329,99912,329,100020,225,99896,225,100031,225,99894,225,100043,100,99893,100,100048,100,99881,100,100069,100,99815,100,100090,100,99803,100,100091,100,99800,100,100101,100,99761,100,100118,100,99175,100
2019-06-28 09:43:20.000000000,100008,329,99912,329,100020,225,99896,225,100031,225,99894,225,100043,100,99893,100,100048,100,99881,100,100069,100,99815,100,100090,100,99803,100,100091,100,99800,100,100101,100,99761,100,100118,100,99175,100
2019-06-28 09:43:30.000000000,100008,329,99912,329,100020,225,99896,225,100031,225,99894,225,100043,100,99893,100,100048,100,99881,100,100069,100,99815,100,100090,100,99803,100,100091,100,99800,100,100101,100,99761,100,100118,100,99175,100
2019-06-28 09:43:30.511448492,100008,329,99912,329,100020,225,99896,225,100031,225,99894,225,100043,100,99893,100,100048,100,99881,100,100069,100,99815,100,100090,100,99803,100,100091,100,99800,100,100101,100,99761,100,100118,100,99175,100
2019-06-28 09:43:39.312622560,100008,229,99912,329,100020,225,99896,225,100031,225,99894,225,100043,100,99893,100,100048,100,99881,100,100069,100,99815,100,100090,100,99803,100,100091,100,99800,100,100101,100,99761,100,100118,100,99175,100
2019-06-28 09:43:40.000000000,100008,176,99912,276,100020,176,99896,176,100031,176,99894,176,100043,176,99893,176,100048,176,99881,176,100069,100,99815,100,100090,100,99803,100,100091,100,99800,100,100101,100,99761,100,100118,100,99175,100
2019-06-28 09:43:50.000000000,100008,176,99912,276,100020,176,99896,176,100031,176,99894,176,100043,176,99893,176,100048,176,99881,176,100069,100,99815,100,100090,100,99803,100,100091,100,99800,100,100101,100,99761,100,100118,100,99175,100
2019-06-28 09:44:00.000000000,100008,289,99912,389,100020,289,99896,289,100031,100,99894,100,100043,100,99893,100,100048,100,99881,100,100069,100,99815,100,100090,100,99803,100,100091,100,99800,100,100101,100,99761,100,100118,100,99175,100
2019-06-28 09:44:10.000000000,100008,176,99912,276,100020,176,99896,176,100031,176,99894,176,100043,176,99893,176,100048,176,99881,176,100069,100,99815,100,100090,100,99803,100,100091,100,99800,100,100101,100,99761,100,100118,100,99175,100
2019-06-28 09:44:20.000000000,100008,194,99912,294,100020,194,99896,194,100031,194,99894,194,100043,194,99893,194,100048,100,99881,100,100069,100,99815,100,100090,100,99803,100,100091,100,99800,100,100101,100,99761,100,100118,100,99175,100
2019-06-28 09:44:30.000000000,100008,176,99912,276,100020,176,99896,176,100031,176,99894,176,100043,176,99893,176,100048,176,99881,176,100069,100,99815,100,100090,100,99803,100,100091,100,99800,100,100101,100,99761,100,100118,100,99175,100
2019-06-28 09:44:40.000000000,100008,229,99912,329,100020,225,99896,225,100031,225,99894,225,100043,100,99893,100,100048,100,99881,100,100069,100,99815,100,100090,100,99803,100,100091,100,99800,100,100101,100,99761,100,100118,100,99175,100
2019-06-28 09:44:50.000000000,100008,229,99912,329,100020,225,99896,225,100031,225,99894,225,100043,100,99893,100,100048,100,99881,100,100069,100,99815,100,100090,100,99803,100,100091,100,99800,100,100101,100,99761,100,100118,100,99175,100
2019-06-28 09:45:00.000000000,100008,478,99912,578,100020,100,99896,100,100031,100,99894,100,100043,100,99893,100,100048,100,99881,100,100069,100,99815,100,100090,100,99803,100,100091,100,99800,100,100101,100,99761,100,100118,100,99175,100
2019-06-28 09:45:10.000000000,100008,229,99912,329,100020,225,99896,225,100031,225,99894,225,100043,100,99893,100,100048,100,99881,100,100069,100,99815,100,100090,100,99803,100,100091,100,99800,100,100101,100,99761,100,100118,100,99175,100
2019-06-28 09:45:12.692956303,100008,129,99912,329,100020,225,99896,225,100031,225,99894,225,100043,100,99893,100,100048,100,99881,100,100069,100,99815,100,100090,100,99803,100,100091,100,99800,100,100101,100,99761,100,100118,100,99175,100
2019-06-28 09:45:20.000000000,100020,176,99912,276,100031,176,99896,176,100043,176,99894,176,100048,176,99893,176,100069,176,99881,176,100090,100,99815,100,100091,100,99803,100,100101,100,99800,100,100118,100,99761,100,100127,100,99175,100
2019-06-28 09:45:28.577637148,100020,176,99912,276,100031,176,99896,176,100043,176,99894,176,100048,176,99893,176,100069,176,99881,176,100090,100,99815,100,100091,100,99803,100,100101,100,99800,100,100118,100,99761,100,100127,100,99175,100
2019-06-28 09:45:30.000000000,100020,194,99912,294,100031,194,99896,194,100043,194,99894,194,100048,194,99893,194,100069,100,99881,100,100090,100,99815,100,100091,100,99803,100,100101,100,99800,100,100118,100,99761,100,100127,100,99175,100
2019-06-28 09:45:38.249304250,100020,194,100008,100,100031,194,99912,294,100043,194,99896,194,100048,194,99894,194,100069,100,99893,194,100090,100,99881,100,100091,100,99815,100,100101,100,99803,100,100118,100,99800,100,100127,100,99761,100
2019-06-28 09:45:40.000000000,100020,289,100008,289,100031,289,99912,389,100043,100,99896,100,100048,100,99894,100,100069,100,99893,100,100090,100,99881,100,100091,100,99815,100,100101,100,99803,100,100118,100,99800,100,100127,100,99761,100
2019-06-28 09:45:50.000000000,100020,176,100008,176,100031,176,99912,276,100043,176,99896,176,100048,176,99894,176,100069,176,99893,176,100090,100,99881,100,100091,100,99815,100,100101,100,99803,100,100118,100,99800,100,100127,100,99761,100
2019-06-28 09:45:52.445625858,100020,176,100008,176,100031,176,99912,276,100043,176,99896,176,100048,176,99894,176,100069,176,99893,176,100091,100,99881,100,100101,100,99815,100,100118,100,99803,100,100127,100,99800,100,100140,100,99761,100
2019-06-28 09:46:00.000000000,100020,176,100008,176,100031,176,99912,276,100043,176,99896,176,100048,176,99894,176,100069,176,99893,176,100091,100,99881,100,100101,100,99815,100,100118,100,99803,100,100127,100,99800,100,100140,100,99761,100
2019-06-28 09:46:10.000000000,100020,229,100008,229,100031,225,99912,325,100043,225,99896,225,100048,100,99894,100,100069,100,99893,100,100091,100,99881,100,100101,100,99815,100,100118,100,99803,100,100127,100,99800,100,100140,100,99761,100
2019-06-28 09:46:13.729406393,100020,229,100008,329,100031,225,99912,325,100043,225,99896,225,100048,100,99894,100,100069,100,99893,100,100091,100,99881,100,100101,100,99815,100,100118,100,99803,100,100127,100,99800,100,100140,100,99761,100
2019-06-28 09:46:20.000000000,100020,289,100008,389,100031,289,99912,389,100043,100,99896,100,100048,100,99894,100,100069,100,99893,100,100091,100,99881,100,100101,100,99815,100,100118,100,99803,100,100127,100,99800,100,100140,100,99761,100
2019-06-28 09:46:30.000000000,100020,478,100008,578,100031,100,99912,200,100043,100,99896,100,100048,100,99894,100,100069,100,99893,100,100091,100,99881,100,100101,100,99815,100,100118,100,99803,100,100127,100,99800,100,100140,100,99761,100
2019-06-28 09:46:37.369936648,100020,478,100008,678,100031,100,99912,200,100043,100,99896,100,100048,100,99894,100,100069,100,99893,100,100091,100,99881,100,100101,100,99815,100,100118,100,99803,100,100127,100,99800,100,100140,100,99761,100
2019-06-28 09:46:40.000000000,100020,194,100008,394,100031,194,99912,294,100043,194,99896,194,100048,194,99894,194,100069,100,99893,100,100091,100,99881,100,100101,100,99815,100,100118,100,99803,100,100127,100,99800,100,100140,100,99761,100
2019-06-28 09:46:50.000000000,100020,229,100008,429,100031,225,99912,325,100043,225,99896,225,100048,100,99894,100,100069,100,99893,100,100091,100,99881,100,100101,100,99815,100,100118,100,99803,100,100127,100,99800,100,100140,100,99761,100
2019-06-28 09:46:51.087193431,100020,129,100008,429,100031,225,99912,325,100043,225,99896,225,100048,100,99894,100,100069,100,99893,100,100091,100,99881,100,100101,100,99815,100,100118,100,99803,100,100127,100,99800,100,100140,100,99761,100
2019-06-28 09:46:54.836814866,100020,29,100008,429,100031,225,99912,325,100043,225,99896,225,100048,100,99894,100,100069,100,99893,100,100091,100,99881,100,100101,100,99815,100,100118,100,99803,100,100127,100,99800,100,100140,100,99761,100
2019-06-28 09:47:00.000000000,100031,289,100008,489,100043,289,99912,389,100048,100,99896,100,100069,100,99894,100,100091,100,99893,100,100101,100,99881,100,100118,100,99815,100,100127,100,99803,100,100140,100,99800,100,100152,100,99761,100
2019-06-28 09:47:10.000000000,100031,194,100008,394,100043,194,99912,294,100048,194,99896,194,100069,194,99894,194,100091,100,99893,100,100101,100,99881,100,100118,100,99815,100,100127,100,99803,100,100140,100,99800,100,100152,100,99761,100
2019-06-28 09:47:20.000000000,100031,176,100008,376,100043,176,99912,276,100048,176,99896,176,100069,176,99894,176,100091,176,99893,176,100101,100,99881,100,100118,100,99815,100,100127,100,99803,100,100140,100,99800,100,100152,100,99761,100
2019-06-28 09:47:30.000000000,100031,176,100008,376,100043,176,99912,276,100048,176,99896,176,100069,176,99894,176,100091,176,99893,176,100101,100,99881,100,100118,100,99815,100,100127,100,99803,100,100140,100,99800,100,100152,100,99761,100
2019-06-28 09:47:40.000000000,100031,194,100008,394,100043,194,99912,294,100048,194,99896,194,100069,194,99894,194,100091,100,99893,100,100101,100,99881,100,100118,100,99815,100,100127,100,99803,100,100140,100,99800,100,100152,100,99761,100
2019-06-28 09:47:41.376009872,100031,94,100008,394,100043,194,99912,294,100048,194,99896,194,100069,194,99894,194,100091,100,99893,100,100101,100,99881,100,100118,100,99815,100,100127,100,99803,100,100140,100,99800,100,100152,100,99761,100
2019-06-28 09:47:50.000000000,100043,194,100008,394,100048,194,99912,294,100069,194,99896,194,100091,194,99894,194,100101,100,99893,100,100118,100,99881,100,100127,100,99815,100,100140,100,99803,100,100152,100,99800,100,100187,100,99761,100
2019-06-28 09:47:53.872475569,100043,94,100008,394,100048,194,99912,294,100069,194,99896,194,100091,194,99894,194,100101,100,99893,100,100118,100,99881,100,100127,100,99815,100,100140,100,99803,100,100152,100,99800,100,100187,100,99761,100
2019-06-28 09:47:55.614900644,100043,94,100031,100,100048,194,100008,394,100069,194,99912,294,100091,194,99896,194,100101,100,99894,194,100118,100,99893,100,100127,100,99881,100,100140,100,99815,100,100152,100,99803,100,100187,100,99800,100
2019-06-28 09:48:00.000000000,100048,289,100031,289,100069,289,100008,489,100091,100,99912,200,100101,100,99896,100,100118,100,99894,100,100127,100,99893,100,100140,100,99881,100,100152,100,99815,100,100187,100,99803,100,100559,200,99800,100
2019-06-28 09:48:08.675084499,100048,289,100031,289,100069,289,100008,489,100091,100,99912,100,100101,100,99896,100,100118,100,99894,100,100127,100,99893,100,100140,100,99881,100,100152,100,99815,100,100187,100,99803,100,100559,200,99800,100
2019-06-28 09:48:10.000000000,100048,289,100031,289,100069,289,100008,489,100091,100,99912,100,100101,100,99896,100,100118,100,99894,100,100127,100,99893,100,100140,100,99881,100,100152,100,99815,100,100187,100,99803,100,100559,200,99800,100
2019-06-28 09:48:13.769917329,100048,289,100031,389,100069,289,100008,489,100091,100,99912,100,100101,100,99896,100,100118,100,99894,100,100127,100,99893,100,100140,100,99881,100,100152,100,99815,100,100187,100,99803,100,100559,200,99800,100
2019-06-28 09:48:20.000000000,100048,289,100031,389,100069,289,100008,489,100091,100,99912,100,100101,100,99896,100,100118,100,99894,100,100127,100,99893,100,100140,100,99881,100,100152,100,99815,100,100187,100,99803,100,100559,200,99800,100
2019-06-28 09:48:23.723015053,100048,289,100031,389,100069,289,100008,489,100091,100,99912,100,100101,100,99896,100,100118,100,99894,100,100127,100,99893,100,100140,100,99881,100,100152,100,99815,100,100187,100,99803,100,100547,100,99800,100
2019-06-28 09:48:25.297823459,100048,289,100031,389,100069,289,100008,489,100091,100,99912,100,100101,100,99896,100,100118,100,99894,100,100127,100,99893,100,100140,100,99881,100,100152,100,99815,100,100187,100,99803,100,100547,100,99800,100
2019-06-28 09:48:28.804516562,100048,289,100031,389,100069,289,100008,489,100091,100,99912,100,100101,100,99896,100,100118,100,99894,100,100127,100,99893,100,100140,100,99881,100,100152,100,99815,100,100187,100,99803,100,100547,100,99800,100
2019-06-28 09:48:30.000000000,100048,194,100031,294,100069,194,100008,394,100091,194,99912,194,100101,194,99896,194,100118,100,99894,100,100127,100,99893,100,100140,100,99881,100,100152,100,99815,100,100187,100,99803,100,100547,100,99800,100
2019-06-28 09:48:35.210490168,100048,194,100031,294,100069,194,100008,394,100091,194,99912,194,100101,194,99896,194,100118,100,99894,100,100127,100,99893,100,100140,100,99881,100,100152,100,99815,100,100187,100,99803,100,100547,100,99800,100
2019-06-28 09:48:40.000000000,100048,229,100031,329,100069,225,100008,425,100091,225,99912,225,100101,100,99896,100,100118,100,99894,100,100127,100,99893,100,100140,100,99881,100,100152,100,99815,100,100187,100,99803,100,100547,100,99800,100
2019-06-28 09:48:50.000000000,100048,229,100031,329,100069,225,100008,425,100091,225,99912,225,100101,100,99896,100,100118,100,99894,100,100127,100,99893,100,100140,100,99881,100,100152,100,99815,100,100187,100,99803,100,100547,100,99800,100
2019-06-28 09:49:00.000000000,100048,229,100031,329,100069,225,100008,425,100091,225,99912,225,100101,100,99896,100,100118,100,99894,100,100127,100,99893,100,100140,100,99881,100,100152,100,99815,100,100187,100,99803,100,100547,100,99800,100
2019-06-28 09:49:10.000000000,100048,229,100031,329,100069,225,100008,425,100091,225,99912,225,100101,100,99896,100,100118,100,99894,100,100127,100,99893,100,100140,100,99881,100,100152,100,99815,100,100187,100,99803,100,100547,100,99800,100
2019-06-28 09:49:10.249233835,100048,129,100031,329,100069,225,100008,425,100091,225,99912,225,100101,100,99896,100,100118,100,99894,100,100127,100,99893,100,100140,100,99881,100,100152,100,99815,100,100187,100,99803,100,100547,100,99800,100
2019-06-28 09:49:17.590132367,100048,29,100031,329,100069,225,100008,425,100091,225,99912,225,100101,100,99896,100,100118,100,99894,100,100127,100,99893,100,100140,100,99881,100,100152,100,99815,100,100187,100,99803,100,100547,100,99800,100
2019-06-28 09:49:20.000000000,100069,229,100031,329,100091,225,100008,425,100101,225,99912,225,100118,100,99896,100,100127,100,99894,100,100140,100,99893,100,100152,100,99881,100,100187,100,99815,100,100547,100,99803,100,100559,200,99800,100
2019-06-28 09:49:22.703576275,100069,229,100031,329,100091,225,100008,425,100101,225,99912,225,100118,100,99896,100,100127,100,99894,100,100140,100,99893,100,100152,100,99881,100,100187,100,99815,100,100547,100,99803,100,100559,200,99800,100
2019-06-28 09:49:26.770843517,100069,129,100031,329,100091,225,100008,425,100101,225,99912,225,100118,100,99896,100,100127,100,99894,100,100140,100,99893,100,100152,100,99881,100,100187,100,99815,100,100547,100,99803,100,100559,200,99800,100
2019-06-28 09:49:28.385253410,100069,129,100048,100,100091,225,100031,229,100101,225,100008,425,100118,100,99912,225,100127,100,99896,100,100140,100,99894,100,100152,100,99893,100,100187,100,99881,100,100547,100,99815,100,100559,200,99803,100
2019-06-28 09:49:30.000000000,100091,194,100048,194,100101,194,100031,194,100118,194,100008,394,100127,194,99912,194,100140,100,99896,100,100152,100,99894,100,100187,100,99893,100,100547,100,99881,100,100559,200,99815,100,100604,100,99803,100
2019-06-28 09:49:31.510080573,100091,194,100048,294,100101,194,100031,194,100118,194,100008,394,100127,194,99912,194,100140,100,99896,100,100152,100,99894,100,100187,100,99893,100,100547,100,99881,100,100559,200,99815,100,100604,100,99803,100
2019-06-28 09:49:40.000000000,100091,289,100048,389,100101,289,100031,289,100118,100,100008,300,100127,100,99912,100,100140,100,99896,100,100152,100,99894,100,100187,100,99893,100,100547,100,99881,100,100559,200,99815,100,100604,100,99803,100
2019-06-28 09:49:40.841608402,100091,289,100048,389,100101,289,100031,289,100118,100,100008,300,100127,100,99912,100,100140,100,99896,100,100152,100,99894,100,100187,100,99893,100,100547,100,99881,100,100559,200,99815,100,100604,100,99803,100
2019-06-28 09:49:50.000000000,100091,229,100048,329,100101,225,100031,225,100118,225,100008,425,100127,100,99912,100,100140,100,99896,100,100152,100,99894,100,100187,100,99893,100,100547,100,99881,100,100559,200,99815,100,100604,100,99803,100
2019-06-28 09:50:00.000000000,100091,478,100048,578,100101,100,100031,100,100118,100,100008,300,100127,100,99912,100,100140,100,99896,100,100152,100,99894,100,100187,100,99893,100,100547,100,99881,100,100559,200,99815,100,100604,100,99803,100
2019-06-28 09:50:10.000000000,100091,194,100048,294,100101,194,100031,194,100118,194,100008,394,100127,194,99912,194,100140,100,99896,100,100152,100,99894,100,100187,100,99893,100,100547,100,99881,100,100559,200,99815,100,100604,100,99803,100
2019-06-28 09:50:13.438202786,100091,194,100048,394,100101,194,100031,194,100118,194,100008,294,100127,194,99912,194,100140,100,99896,100,100152,100,99894,100,100187,100,99893,100,100547,100,99881,100,100559,200,99815,100,100604,100,99803,100
2019-06-28 09:50:18.029831855,100091,194,100048,394,100101,194,100031,194,100118,194,100008,294,100127,194,99912,194,100140,100,99896,100,100152,100,99894,100,100187,100,99893,100,100547,100,99881,100,100559,200,99815,100,100604,100,99803,100
2019-06-28 09:50:20.000000000,100091,478,100048,678,100101,100,100031,100,100118,100,100008,200,100127,100,99912,100,100140,100,99896,100,100152,100,99894,100,100187,100,99893,100,100547,100,99881,100,100559,200,99815,100,100604,100,99803,100
2019-06-28 09:50:30.000000000,100091,289,100048,489,100101,289,100031,289,100118,100,100008,200,100127,100,99912,100,100140,100,99896,100,100152,100,99894,100,100187,100,99893,100,100547,100,99881,100,100559,200,99815,100,100604,100,99803,100
2019-06-28 09:50:40.000000000,100091,176,100048,376,100101,176,100031,176,100118,176,100008,276,100127,176,99912,176,100140,176,99896,176,100152,100,99894,100,100187,100,99893,100,100547,100,99881,100,100559,200,99815,100,100604,100,99803,100
2019-06-28 09:50:50.000000000,100091,478,100048,678,100101,100,100031,100,100118,100,100008,200,100127,100,99912,100,100140,100,99896,100,100152,100,99894,100,100187,100,99893,100,100547,100,99881,100,100559,200,99815,100,100604,100,99803,100
2019-06-28 09:50:50.226205139,100091,478,100048,678,100101,100,100031,100,100118,100,100008,200,100127,100,99912,100,100140,100,99896,100,100152,100,99894,100,100187,100,99893,100,100486,100,99881,100,100547,100,99815,100,100559,200,99803,100
2019-06-28 09:50:53.139953982,100091,478,100048,678,100101,100,100031,100,100118,100,100008,200,100127,100,99912,100,100140,100,99896,100,100152,100,99894,100,100187,100,99893,100,100468,100,99881,100,100486,100,99815,100,100547,100,99803,100
2019-06-28 09:51:00.000000000,100091,194,100048,394,100101,194,100031,194,100118,194,100008,294,100127,194,99912,194,100140,100,99896,100,100152,100,99894,100,100187,100,99893,100,100468,100,99881,100,100486,100,99815,100,100547,100,99803,100
2019-06-28 09:51:08.737459465,100091,194,100048,394,100101,194,100031,194,100118,194,100008,294,100127,194,99912,194,100140,100,99896,100,100152,100,99894,100,100187,100,99893,100,100468,100,99881,100,100486,100,99815,100,100517,100,99803,100
2019-06-28 09:51:10.000000000,100091,229,100048,429,100101,225,100031,225,100118,225,100008,325,100127,100,99912,100,100140,100,99896,100,100152,100,99894,100,100187,100,99893,100,100468,100,99881,100,100486,100,99815,100,100517,100,99803,100
2019-06-28 09:51:20.000000000,100091,478,100048,678,100101,100,100031,100,100118,100,100008,200,100127,100,99912,100,100140,100,99896,100,100152,100,99894,100,100187,100,99893,100,100468,100,99881,100,100486,100,99815,100,100517,100,99803,100
2019-06-28 09:51:23.082878085,100091,478,100048,778,100101,100,100031,100,100118,100,100008,200,100127,100,99912,100,100140,100,99896,100,100152,100,99894,100,100187,100,99893,100,100468,100,99881,100,100486,100,99815,100,100517,100,99803,100
2019-06-28 09:51:25.652496240,100091,478,100048,878,100101,100,100031,100,100118,100,100008,200,100127,100,99912,100,100140,100,99896,100,100152,100,99894,100,100187,100,99893,100,100468,100,99881,100,100486,100,99815,100,100517,100,99803,100
2019-06-28 09:51:30.000000000,100091,176,100048,576,100101,176,100031,176,100118,176,100008,276,100127,176,99912,176,100140,176,99896,176,100152,100,99894,100,100187,100,99893,100,100468,100,99881,100,100486,100,99815,100,100517,100,99803,100
2019-06-28 09:51:40.000000000,100091,289,100048,689,100101,289,100031,289,100118,100,100008,200,100127,100,99912,100,100140,100,99896,100,100152,100,99894,100,100187,100,99893,100,100468,100,99881,100,100486,100,99815,100,100517,100,99803,100
2019-06-28 09:51:44.763967306,100091,289,100048,689,100101,289,100031,289,100118,100,100008,200,100127,100,99912,100,100140,100,99896,100,100152,100,99894,100,100187,100,99893,100,100468,100,99881,100,100486,100,99815,100,100517,100,99803,100
2019-06-28 09:51:50.000000000,100091,229,100048,629,100101,225,100031,225,100118,225,100008,325,100127,100,99912,100,100140,100,99896,100,100152,100,99894,100,100187,100,99893,100,100468,100,99881,100,100486,100,99815,100,100517,100,99803,100
2019-06-28 09:51:52.878133747,100091,229,100048,629,100101,225,100031,225,100118,225,100008,325,100127,100,99912,100,100140,100,99896,100,100152,100,99894,100,100187,100,99893,100,100468,100,99881,100,100486,100,99815,100,100517,100,99803,100
2019-06-28 09:52:00.000000000,100091,194,100048,594,100101,194,100031,194,100118,194,100008,294,100127,194,99912,194,100140,100,99896,100,100152,100,99894,100,100187,100,99893,100,100468,100,99881,100,100486,100,99815,100,100517,100,99803,100
2019-06-28 09:52:06.072809204,100091,94,100048,594,100101,194,100031,194,100118,194,100008,294,100127,194,99912,194,100140,100,99896,100,100152,100,99894,100,100187,100,99893,100,100468,100,99881,100,100517,100,99815,100,100547,100,99803,100
2019-06-28 09:52:10.000000000,100101,194,100048,594,100118,194,100031,194,100127,194,100008,294,100140,194,99912,194,100152,100,99896,100,100187,100,99894,100,100468,100,99893,100,100517,100,99881,100,100547,100,99815,100,100559,200,99803,100
2019-06-28 09:52:18.791605649,100101,194,100048,594,100118,194,100031,194,100127,194,100008,294,100140,194,99912,194,100152,100,99896,100,100187,100,99894,100,100468,100,99893,100,100517,100,99881,100,100547,100,99815,100,100559,200,99803,100
2019-06-28 09:52:20.000000000,100101,194,100048,594,100118,194,100031,194,100127,194,100008,294,100140,194,99912,194,100152,100,99896,100,100187,100,99894,100,100468,100,99893,100,100517,100,99881,100,100547,100,99815,100,100559,200,99803,100
2019-06-28 09:52:30.000000000,100101,289,100048,689,100118,289,100031,289,100127,100,100008,200,100140,100,99912,100,100152,100,99896,100,100187,100,99894,100,100468,100,99893,100,100517,100,99881,100,100547,100,99815,100,100559,200,99803,100
2019-06-28 09:52:40.000000000,100101,194,100048,594,100118,194,100031,194,100127,194,100008,294,100140,194,99912,194,100152,100,99896,100,100187,100,99894,100,100468,100,99893,100,100517,100,99881,100,100547,100,99815,100,100559,200,99803,100
2019-06-28 09:52:40.625685899,100101,94,100048,594,100118,194,100031,194,100127,194,100008,294,100140,194,99912,194,100152,100,99896,100,100187,100,99894,100,100468,100,99893,100,100547,100,99881,100,100559,200,99815,100,100604,100,99803,100
2019-06-28 09:52:41.280248532,100118,194,100101,6,100127,194,100048,594,100140,194,100031,194,100152,100,100008,294,100187,100,99912,194,100468,100,99896,100,100547,100,99894,100,100559,200,99893,100,100604,100,99881,100,100694,100,99815,100
2019-06-28 09:52:46.931479141,100118,194,100101,6,100127,194,100048,594,100140,194,100031,194,100152,100,100008,294,100187,100,99912,194,100468,100,99896,100,100547,100,99894,100,100559,200,99893,100,100604,100,99881,100,100655,100,99815,100
2019-06-28 09:52:50.000000000,100118,478,100101,384,100127,100,100048,500,100140,100,100031,100,100152,100,100008,200,100187,100,99912,100,100468,100,99896,100,100547,100,99894,100,100559,200,99893,100,100604,100,99881,100,100655,100,99815,100
2019-06-28 09:53:00.000000000,100118,194,100101,100,100127,194,100048,594,100140,194,100031,194,100152,194,100008,294,100187,100,99912,100,100468,100,99896,100,100547,100,99894,100,100559,200,99893,100,100604,100,99881,100,100655,100,99815,100
2019-06-28 09:53:10.000000000,100118,289,100101,195,100127,289,100048,689,100140,100,100031,100,100152,100,100008,200,100187,100,99912,100,100468,100,99896,100,100547,100,99894,100,100559,200,99893,100,100604,100,99881,100,100655,100,99815,100
2019-06-28 09:53:20.000000000,100118,194,100101,100,100127,194,100048,594,100140,194,100031,194,100152,194,100008,294,100187,100,99912,100,100468,100,99896,100,100547,100,99894,100,100559,200,99893,100,100604,100,99881,100,100655,100,99815,100
2019-06-28 09:53:30.000000000,100118,289,100101,195,100127,289,100048,689,100140,100,100031,100,100152,100,100008,200,100187,100,99912,100,100468,100,99896,100,100547,100,99894,100,100559,200,99893,100,100604,100,99881,100,100655,100,99815,100
2019-06-28 09:53:35.409562956,100118,289,100101,295,100127,289,100048,689,100140,100,100031,100,100187,100,100008,200,100468,100,99912,100,100547,100,99896,100,100559,200,99894,100,100604,100,99893,100,100655,100,99881,100,100694,100,99815,100
2019-06-28 09:53:40.000000000,100118,194,100101,200,100127,194,100048,594,100140,194,100031,194,100187,194,100008,294,100468,100,99912,100,100547,100,99896,100,100559,200,99894,100,100604,100,99893,100,100655,100,99881,100,100694,100,99815,100
2019-06-28 09:53:47.702921288,100118,94,100101,200,100127,194,100048,594,100140,194,100031,194,100187,194,100008,294,100468,100,99912,100,100547,100,99896,100,100559,200,99894,100,100604,100,99893,100,100655,100,99881,100,100694,100,99815,100
2019-06-28 09:53:50.000000000,100127,194,100101,200,100140,194,100048,594,100187,194,100031,194,100468,194,100008,294,100547,100,99912,100,100559,200,99896,100,100604,100,99894,100,100655,100,99893,100,100694,100,99881,100,100706,100,99815,100
2019-06-28 09:54:00.000000000,100127,194,100101,200,100140,194,100048,594,100187,194,100031,194,100468,194,100008,294,100547,100,99912,100,100559,200,99896,100,100604,100,99894,100,100655,100,99893,100,100694,100,99881,100,100706,100,99815,100
2019-06-28 09:54:10.000000000,100127,176,100101,182,100140,176,100048,576,100187,176,100031,176,100468,176,100008,276,100547,176,99912,176,100559,200,99896,100,100604,100,99894,100,100655,100,99893,100,100694,100,99881,100,100706,100,99815,100
2019-06-28 09:54:19.091961823,100127,176,100102,100,100140,176,100101,182,100187,176,100048,476,100468,176,100031,176,100547,176,100008,276,100559,200,99912,176,100604,100,99896,100,100655,100,99894,100,100694,100,99893,100,100706,100,99881,100
2019-06-28 09:54:20.000000000,100127,194,100102,194,100140,194,100101,200,100187,194,100048,494,100468,194,100031,194,100547,100,100008,200,100559,200,99912,100,100604,100,99896,100,100655,100,99894,100,100694,100,99893,100,100706,100,99881,100
2019-06-28 09:54:30.000000000,100127,289,100102,289,100140,289,100101,295,100187,100,100048,400,100468,100,100031,100,100547,100,100008,200,100559,200,99912,100,100604,100,99896,100,100655,100,99894,100,100694,100,99893,100,100706,100,99881,100
2019-06-28 09:54:32.514919805,100127,289,100102,289,100140,289,100101,295,100187,100,100048,400,100408,100,100031,100,100468,100,100008,200,100547,100,99912,100,100559,200,99896,100,100604,100,99894,100,100655,100,99893,100,100694,100,99881,100
2019-06-28 09:54:35.611552754,100127,189,100102,289,100140,289,100101,295,100187,100,100048,400,100408,100,100031,100,100468,100,100008,200,100547,100,99912,100,100559,200,99896,100,100604,100,99894,100,100655,100,99893,100,100694,100,99881,100
2019-06-28 09:54:38.972861388,100127,189,100102,289,100140,289,100101,295,100187,100,100048,400,100408,100,100031,100,100468,100,100008,200,100520,100,99912,100,100547,100,99896,100,100559,200,99894,100,100655,100,99893,100,100694,100,99881,100
2019-06-28 09:54:40.000000000,100140,289,100102,289,100187,289,100101,295,100408,100,100048,400,100468,100,100031,100,100520,100,100008,200,100547,100,99912,100,100559,200,99896,100,100655,100,99894,100,100694,100,99893,100,100706,100,99881,100
2019-06-28 09:54:41.313397700,100140,289,100102,289,100187,289,100101,295,100376,100,100048,400,100408,100,100031,100,100468,100,100008,200,100520,100,99912,100,100547,100,99896,100,100559,200,99894,100,100655,100,99893,100,100694,100,99881,100
2019-06-28 09:54:50.000000000,100140,478,100102,478,100187,100,100101,106,100376,100,100048,400,100408,100,100031,100,100468,100,100008,200,100520,100,99912,100,100547,100,99896,100,100559,200,99894,100,100655,100,99893,100,100694,100,99881,100
2019-06-28 09:55:00.000000000,100140,176,100102,176,100187,176,100101,182,100376,176,100048,476,100408,176,100031,176,100468,176,100008,276,100520,100,99912,100,100547,100,99896,100,100559,200,99894,100,100655,100,99893,100,100694,100,99881,100
2019-06-28 09:55:10.000000000,100140,176,100102,176,100187,176,100101,182,100376,176,100048,476,100408,176,100031,176,100468,176,100008,276,100520,100,99912,100,100547,100,99896,100,100559,200,99894,100,100655,100,99893,100,100694,100,99881,100
2019-06-28 09:55:18.634655914,100117,100,100102,176,100140,176,100101,182,100187,176,100048,476,100376,176,100031,176,100408,176,100008,276,100468,176,99912,100,100520,100,99896,100,100547,100,99894,100,100559,200,99893,100,100655,100,99881,100
2019-06-28 09:55:20.000000000,100117,176,100102,176,100140,176,100101,182,100187,176,100048,476,100376,176,100031,176,100408,176,100008,276,100468,100,99912,100,100520,100,99896,100,100547,100,99894,100,100559,200,99893,100,100655,100,99881,100
2019-06-28 09:55:30.000000000,100117,478,100102,478,100140,100,100101,106,100187,100,100048,400,100376,100,100031,100,100408,100,100008,200,100468,100,99912,100,100520,100,99896,100,100547,100,99894,100,100559,200,99893,100,100655,100,99881,100
2019-06-28 09:55:33.951007382,100117,478,100102,378,100140,100,100101,106,100187,100,100048,400,100376,100,100031,100,100408,100,100008,200,100468,100,99912,100,100520,100,99896,100,100547,100,99894,100,100559,200,99893,100,100694,100,99881,100
2019-06-28 09:55:34.310853266,100117,478,100102,278,100140,100,100101,106,100187,100,100048,400,100408,100,100031,100,100468,100,100008,200,100520,100,99912,100,100547,100,99896,100,100559,200,99894,100,100694,100,99893,100,100706,100,99881,100
2019-06-28 09:55:40.000000000,100117,176,100101,182,100140,176,100048,476,100187,176,100031,176,100408,176,100008,276,100468,176,99912,176,100520,100,99896,100,100547,100,99894,100,100559,200,99893,100,100694,100,99881,100,100706,100,99815,100
2019-06-28 09:55:41.043727196,100117,176,100101,82,100140,176,100048,476,100187,176,100031,176,100408,176,100008,276,100468,176,99912,176,100520,100,99896,100,100547,100,99894,100,100559,200,99893,100,100694,100,99881,100,100706,100,99815,100
2019-06-28 09:55:50.000000000,100117,194,100101,100,100140,194,100048,494,100187,194,100031,194,100408,194,100008,294,100468,100,99912,100,100520,100,99896,100,100547,100,99894,100,100559,200,99893,100,100694,100,99881,100,100706,100,99815,100
2019-06-28 09:56:00.000000000,100117,478,100101,384,100140,100,100048,400,100187,100,100031,100,100408,100,100008,200,100468,100,99912,100,100520,100,99896,100,100547,100,99894,100,100559,200,99893,100,100694,100,99881,100,100706,100,99815,100
2019-06-28 09:56:07.835574953,100117,478,100101,284,100140,100,100048,400,100187,100,100031,100,100408,100,100008,200,100468,100,99912,100,100520,100,99896,100,100547,100,99894,100,100559,200,99893,100,100694,100,99881,100,100706,100,99815,100
2019-06-28 09:56:10.000000000,100117,176,100048,476,100140,176,100031,176,100187,176,100008,276,100408,176,99912,176,100468,176,99896,176,100520,100,99894,100,100547,100,99893,100,100559,200,99881,100,100694,100,99815,100,100706,100,99803,100
2019-06-28 09:56:20.000000000,100117,229,100048,529,100140,225,100031,225,100187,225,100008,325,100408,100,99912,100,100468,100,99896,100,100520,100,99894,100,100547,100,99893,100,100559,200,99881,100,100694,100,99815,100,100706,100,99803,100
2019-06-28 09:56:24.606865637,100117,229,100048,429,100140,225,100031,225,100187,225,100008,325,100468,100,99912,100,100520,100,99896,100,100547,100,99894,100,100559,200,99893,100,100694,100,99881,100,100706,100,99815,100,100762,100,99803,100
2019-06-28 09:56:30.000000000,100117,176,100048,376,100140,176,100031,176,100187,176,100008,276,100468,176,99912,176,100520,176,99896,176,100547,100,99894,100,100559,200,99893,100,100694,100,99881,100,100706,100,99815,100,100762,100,99803,100
2019-06-28 09:56:31.787145398,100101,100,100048,376,100117,76,100031,176,100140,176,100008,276,100187,176,99912,176,100468,176,99896,176,100520,176,99894,100,100547,100,99893,100,100559,200,99881,100,100694,100,99815,100,100706,100,99803,100
2019-06-28 09:56:36.606757155,100101,100,100048,276,100117,76,100031,176,100140,176,100008,276,100187,176,99912,176,100468,176,99896,176,100520,176,99894,100,100547,100,99893,100,100559,200,99881,100,100694,100,99815,100,100706,100,99803,100
2019-06-28 09:56:40.000000000,100101,176,100048,276,100140,176,100031,176,100187,176,100008,276,100468,176,99912,176,100520,176,99896,176,100547,100,99894,100,100559,200,99893,100,100694,100,99881,100,100706,100,99815,100,100762,100,99803,100
2019-06-28 09:56:50.000000000,100101,478,100048,578,100140,100,100031,100,100187,100,100008,200,100468,100,99912,100,100520,100,99896,100,100547,100,99894,100,100559,200,99893,100,100694,100,99881,100,100706,100,99815,100,100762,100,99803,100
2019-06-28 09:57:00.000000000,100101,478,100048,578,100140,100,100031,100,100187,100,100008,200,100468,100,99912,100,100520,100,99896,100,100547,100,99894,100,100559,200,99893,100,100694,100,99881,100,100706,100,99815,100,100762,100,99803,100
2019-06-28 09:57:06.415905800,100101,478,100048,478,100140,100,100031,100,100187,100,100008,200,100468,100,99912,100,100520,100,99896,100,100547,100,99894,100,100559,200,99893,100,100694,100,99881,100,100706,100,99815,100,100762,100,99803,100
2019-06-28 09:57:10.000000000,100101,289,100048,289,100140,289,100031,289,100187,100,100008,200,100468,100,99912,100,100520,100,99896,100,100547,100,99894,100,100559,200,99893,100,100694,100,99881,100,100706,100,99815,100,100762,100,99803,100
2019-06-28 09:57:20.000000000,100101,478,100048,478,100140,100,100031,100,100187,100,100008,200,100468,100,99912,100,100520,100,99896,100,100547,100,99894,100,100559,200,99893,100,100694,100,99881,100,100706,100,99815,100,100762,100,99803,100
2019-06-28 09:57:27.001095796,100101,478,100048,378,100140,100,100031,100,100187,100,100008,200,100468,100,99912,100,100520,100,99896,100,100547,100,99894,100,100559,200,99893,100,100694,100,99815,100,100706,100,99803,100,100762,100,99800,100
2019-06-28 09:57:30.000000000,100101,229,100031,229,100140,225,100008,325,100187,225,99912,225,100468,100,99896,100,100520,100,99894,100,100547,100,99893,100,100559,200,99815,100,100694,100,99803,100,100706,100,99800,100,100762,100,99761,100
2019-06-28 09:57:40.000000000,100101,289,100031,289,100140,289,100008,389,100187,100,99912,100,100468,100,99896,100,100520,100,99894,100,100547,100,99893,100,100559,200,99815,100,100694,100,99803,100,100706,100,99800,100,100762,100,99761,100
2019-06-28 09:57:50.000000000,100101,194,100031,194,100140,194,100008,294,100187,194,99912,194,100468,194,99896,194,100520,100,99894,100,100547,100,99893,100,100559,200,99815,100,100694,100,99803,100,100706,100,99800,100,100762,100,99761,100
2019-06-28 09:57:53.971173859,100101,194,100031,194,100140,194,100008,294,100187,194,99912,194,100468,194,99896,194,100520,100,99894,100,100547,100,99893,100,100559,200,99815,100,100694,100,99803,100,100706,100,99800,100,100762,100,99612,100
2019-06-28 09:58:00.000000000,100101,229,100031,229,100140,225,100008,325,100187,225,99912,225,100468,100,99896,100,100520,100,99894,100,100547,100,99893,100,100559,200,99815,100,100694,100,99803,100,100706,100,99800,100,100762,100,99612,100
2019-06-28 09:58:10.000000000,100101,478,100031,478,100140,100,100008,200,100187,100,99912,100,100468,100,99896,100,100520,100,99894,100,100547,100,99893,100,100559,200,99815,100,100694,100,99803,100,100706,100,99800,100,100762,100,99612,100
2019-06-28 09:58:20.000000000,100101,289,100031,289,100140,289,100008,389,100187,100,99912,100,100468,100,99896,100,100520,100,99894,100,100547,100,99893,100,100559,200,99815,100,100694,100,99803,100,100706,100,99800,100,100762,100,99612,100
2019-06-28 09:58:20.831653951,100101,289,100031,189,100140,289,100008,389,100187,100,99912,100,100468,100,99894,100,100520,100,99893,100,100547,100,99815,100,100559,200,99803,100,100694,100,99800,100,100706,100,99612,100,100762,100,99175,100
2019-06-28 09:58:21.102770559,100048,100,100031,189,100101,289,100008,389,100140,289,99912,100,100187,100,99894,100,100468,100,99893,100,100520,100,99815,100,100547,100,99803,100,100559,200,99800,100,100694,100,99612,100,100706,100,99175,100
2019-06-28 09:58:30.000000000,100048,229,100008,329,100101,225,99912,225,100140,225,99894,225,100187,100,99893,100,100468,100,99815,100,100520,100,99803,100,100547,100,99800,100,100559,200,99612,100,100694,100,99175,100,100706,100,,
2019-06-28 09:58:34.286529654,100048,229,100008,229,100101,225,99912,225,100140,225,99894,225,100187,100,99893,100,100468,100,99815,100,100520,100,99803,100,100547,100,99800,100,100559,200,99612,100,100694,100,99175,100,100706,100,,
2019-06-28 09:58:40.000000000,100048,289,100008,289,100101,289,99912,289,100140,100,99894,100,100187,100,99893,100,100468,100,99815,100,100520,100,99803,100,100547,100,99800,100,100559,200,99612,100,100694,100,99175,100,100706,100,,
2019-06-28 09:58:50.000000000,100048,478,100008,478,100101,100,99912,100,100140,100,99894,100,100187,100,99893,100,100468,100,99815,100,100520,100,99803,100,100547,100,99800,100,100559,200,99612,100,100694,100,99175,100,100706,100,,
2019-06-28 09:59:00.000000000,100048,194,100008,194,100101,194,99912,194,100140,194,99894,194,100187,194,99893,194,100468,100,99815,100,100520,100,99803,100,100547,100,99800,100,100559,200,99612,100,100694,100,99175,100,100706,100,,
2019-06-28 09:59:10.000000000,100048,176,100008,176,100101,176,99912,176,100140,176,99894,176,100187,176,99893,176,100468,176,99815,176,100520,100,99803,100,100547,100,99800,100,100559,200,99612,100,100694,100,99175,100,100706,100,,
2019-06-28 09:59:20.000000000,100048,289,100008,289,100101,289,99912,289,100140,100,99894,100,100187,100,99893,100,100468,100,99815,100,100520,100,99803,100,100547,100,99800,100,100559,200,99612,100,100694,100,99175,100,100706,100,,
2019-06-28 09:59:30.000000000,100048,229,100008,229,100101,225,99912,225,100140,225,99894,225,100187,100,99893,100,100468,100,99815,100,100520,100,99803,100,100547,100,99800,100,100559,200,99612,100,100694,100,99175,100,100706,100,,
2019-06-28 09:59:40.000000000,100048,478,100008,478,100101,100,99912,100,100140,100,99894,100,100187,100,99893,100,100468,100,99815,100,100520,100,99803,100,100547,100,99800,100,100559,200,99612,100,100694,100,99175,100,100706,100,,
2019-06-28 09:59:46.395349063,100048,478,100008,478,100101,100,99912,100,100140,100,99894,100,100187,100,99893,100,100468,100,99884,100,100520,100,99815,100,100547,100,99803,100,100559,200,99800,100,100694,100,99612,100,100762,100,99175,100
2019-06-28 09:59:46.898776779,100048,478,100008,478,100101,100,99912,100,100140,100,99894,100,100187,100,99893,100,100468,100,99884,100,100520,100,99815,100,100547,100,99803,100,100559,200,99800,100,100694,100,99735,100,100762,100,99612,100
2019-06-28 09:59:50.000000000,100048,194,100008,194,100101,194,99912,194,100140,194,99894,194,100187,194,99893,194,100468,100,99884,100,100520,100,99815,100,100547,100,99803,100,100559,200,99800,100,100694,100,99735,100,100762,100,99612,100
2019-06-28 09:59:52.138162675,100031,100,100008,194,100048,194,99912,194,100101,194,99894,194,100140,194,99893,194,100187,194,99884,100,100468,100,99815,100,100520,100,99803,100,100547,100,99800,100,100559,200,99735,100,100694,100,99612,100
2019-06-28 09:59:59.304843891,100048,194,100008,194,100101,194,99912,194,100140,194,99894,194,100187,194,99893,194,100468,100,99884,100,100520,100,99815,100,100547,100,99803,100,100559,200,99800,100,100694,100,99735,100,100762,100,99612,100
2019-06-28 10:00:00.000000000,100048,194,100008,194,100101,194,99912,194,100140,194,99894,194,100187,194,99893,194,100468,100,99884,100,100520,100,99815,100,100547,100,99803,100,100559,200,99800,100,100694,100,99735,100,100762,100,99612,100
2019-06-28 10:00:07.170015435,100048,194,100013,100,100101,194,100008,194,100140,194,99912,194,100187,194,99894,194,100468,100,99893,194,100520,100,99884,100,100547,100,99815,100,100559,200,99803,100,100762,100,99800,100,100794,100,99735,100
2019-06-28 10:00:10.000000000,100048,289,100013,289,100101,289,100008,289,100140,100,99912,100,100187,100,99894,100,100468,100,99893,100,100520,100,99884,100,100547,100,99815,100,100559,200,99803,100,100762,100,99800,100,100794,100,99735,100
2019-06-28 10:00:16.482755607,100048,289,100032,100,100101,289,100013,289,100140,100,100008,289,100187,100,99912,100,100468,100,99894,100,100520,100,99893,100,100547,100,99884,100,100559,200,99815,100,100762,100,99803,100,100794,100,99800,100
2019-06-28 10:00:20.000000000,100048,229,100032,229,100101,225,100013,225,100140,225,100008,225,100187,100,99912,100,100468,100,99894,100,100520,100,99893,100,100547,100,99884,100,100559,200,99815,100,100762,100,99803,100,100794,100,99800,100
2019-06-28 10:00:30.000000000,100048,289,100032,289,100101,289,100013,289,100140,100,100008,100,100187,100,99912,100,100468,100,99894,100,100520,100,99893,100,100547,100,99884,100,100559,200,99815,100,100762,100,99803,100,100794,100,99800,100
2019-06-28 10:00:40.000000000,100048,229,100032,229,100101,225,100013,225,100140,225,100008,225,100187,100,99912,100,100468,100,99894,100,100520,100,99893,100,100547,100,99884,100,100559,200,99815,100,100762,100,99803,100,100794,100,99800,100
2019-06-28 10:00:50.000000000,100048,194,100032,194,100101,194,100013,194,100140,194,100008,194,100187,194,99912,194,100468,100,99894,100,100520,100,99893,100,100547,100,99884,100,100559,200,99815,100,100762,100,99803,100,100794,100,99800,100
2019-06-28 10:00:55.415375982,100048,194,100032,94,100101,194,100013,194,100140,194,100008,194,100187,194,99912,194,100468,100,99894,100,100520,100,99893,100,100547,100,99884,100,100559,200,99815,100,100762,100,99803,100,100794,100,99800,100
2019-06-28 10:01:00.000000000,100048,289,100013,289,100101,289,100008,289,100140,100,99912,100,100187,100,99894,100,100468,100,99893,100,100520,100,99884,100,100547,100,99815,100,100559,200,99803,100,100762,100,99800,100,100794,100,99735,100
2019-06-28 10:01:10.000000000,100048,289,100013,289,100101,289,100008,289,100140,100,99912,100,100187,100,99894,100,100468,100,99893,100,100520,100,99884,100,100547,100,99815,100,100559,200,99803,100,100762,100,99800,100,100794,100,99735,100
2019-06-28 10:01:20.000000000,100048,229,100013,229,100101,225,100008,225,100140,225,99912,225,100187,100,99894,100,100468,100,99893,100,100520,100,99884,100,100547,100,99815,100,100559,200,99803,100,100762,100,99800,100,100794,100,99735,100
2019-06-28 10:01:22.714231242,100048,229,100013,229,100101,125,100008,225,100140,225,99912,225,100187,100,99894,100,100468,100,99893,100,100520,100,99884,100,100547,100,99815,100,100559,200,99803,100,100762,100,99800,100,100794,100,99735,100
2019-06-28 10:01:30.000000000,100048,478,100013,478,100140,100,100008,100,100187,100,99912,100,100468,100,99894,100,100520,100,99893,100,100547,100,99884,100,100559,200,99815,100,100762,100,99803,100,100794,100,99800,100,100981,100,99735,100
2019-06-28 10:01:36.749017418,100048,478,100013,378,100140,100,100008,100,100187,100,99912,100,100468,100,99894,100,100520,100,99893,100,100547,100,99884,100,100559,200,99815,100,100762,100,99803,100,100794,100,99800,100,100981,100,99735,100
2019-06-28 10:01:38.068228253,100048,478,100013,278,100140,100,100008,100,100187,100,99912,100,100468,100,99894,100,100520,100,99893,100,100547,100,99884,100,100559,200,99815,100,100762,100,99803,100,100794,100,99800,100,100981,100,99735,100
2019-06-28 10:01:40.000000000,100048,478,100008,478,100140,100,99912,100,100187,100,99894,100,100468,100,99893,100,100520,100,99884,100,100547,100,99815,100,100559,200,99803,100,100762,100,99800,100,100794,100,99735,100,100981,100,99612,100
2019-06-28 10:01:46.750830014,100048,478,100008,478,100129,100,99912,100,100140,100,99894,100,100187,100,99893,100,100468,100,99884,100,100520,100,99815,100,100547,100,99803,100,100559,200,99800,100,100762,100,99735,100,100794,100,99612,100
2019-06-28 10:01:50.000000000,100048,194,100008,194,100129,194,99912,194,100140,194,99894,194,100187,194,99893,194,100468,100,99884,100,100520,100,99815,100,100547,100,99803,100,100559,200,99800,100,100762,100,99735,100,100794,100,99612,100
2019-06-28 10:01:52.911914732,100048,194,100008,194,100129,194,99986,100,100140,194,99912,194,100187,194,99894,194,100468,100,99893,194,100520,100,99884,100,100547,100,99815,100,100559,200,99803,100,100762,100,99800,100,100794,100,99735,100
2019-06-28 10:02:00.000000000,100048,478,100008,478,100129,100,99986,100,100140,100,99912,100,100187,100,99894,100,100468,100,99893,100,100520,100,99884,100,100547,100,99815,100,100559,200,99803,100,100762,100,99800,100,100794,100,99735,100
2019-06-28 10:02:10.000000000,100048,478,100008,478,100129,100,99986,100,100140,100,99912,100,100187,100,99894,100,100468,100,99893,100,100520,100,99884,100,100547,100,99815,100,100559,200,99803,100,100762,100,99800,100,100794,100,99735,100
2019-06-28 10:02:20.000000000,100048,176,100008,176,100129,176,99986,176,100140,176,99912,176,100187,176,99894,176,100468,176,99893,176,100520,100,99884,100,100547,100,99815,100,100559,200,99803,100,100762,100,99800,100,100794,100,99735,100
2019-06-28 10:02:24.822733335,100048,76,100008,176,100129,176,99986,176,100140,176,99912,176,100187,176,99894,176,100468,176,99893,176,100520,100,99884,100,100547,100,99815,100,100559,200,99803,100,100762,100,99735,100,100794,100,99612,100
2019-06-28 10:02:30.000000000,100129,289,100008,289,100140,289,99986,289,100187,100,99912,100,100468,100,99894,100,100520,100,99893,100,100547,100,99884,100,100559,200,99815,100,100762,100,99803,100,100794,100,99735,100,100981,100,99612,100
2019-06-28 10:02:40.000000000,100129,478,100008,478,100140,100,99986,100,100187,100,99912,100,100468,100,99894,100,100520,100,99893,100,100547,100,99884,100,100559,200,99815,100,100762,100,99803,100,100794,100,99735,100,100981,100,99612,100
2019-06-28 10:02:50.000000000,100129,289,100008,289,100140,289,99986,289,100187,100,99912,100,100468,100,99894,100,100520,100,99893,100,100547,100,99884,100,100559,200,99815,100,100762,100,99803,100,100794,100,99735,100,100981,100,99612,100
2019-06-28 10:02:56.875868709,100129,189,100008,289,100140,289,99986,289,100187,100,99912,100,100468,100,99894,100,100520,100,99893,100,100547,100,99884,100,100559,200,99815,100,100762,100,99803,100,100794,100,99735,100,100981,100,99612,100
2019-06-28 10:03:00.000000000,100140,194,100008,194,100187,194,99986,194,100468,194,99912,194,100520,194,99894,194,100547,100,99893,100,100559,200,99884,100,100762,100,99815,100,100794,100,99803,100,100981,100,99735,100,,,99612,100
2019-06-28 10:03:02.708088905,100140,194,100008,194,100187,194,99986,194,100421,100,99912,194,100468,194,99894,194,100520,194,99893,100,100547,100,99884,100,100559,200,99815,100,100762,100,99803,100,100794,100,99735,100,100981,100,99612,100
2019-06-28 10:03:10.000000000,100140,229,100008,229,100187,225,99986,225,100421,225,99912,225,100468,100,99894,100,100520,100,99893,100,100547,100,99884,100,100559,200,99815,100,100762,100,99803,100,100794,100,99735,100,100981,100,99612,100
2019-06-28 10:03:20.000000000,100140,478,100008,478,100187,100,99986,100,100421,100,99912,100,100468,100,99894,100,100520,100,99893,100,100547,100,99884,100,100559,200,99815,100,100762,100,99803,100,100794,100,99735,100,100981,100,99612,100
2019-06-28 10:03:30.000000000,100140,289,100008,289,100187,289,99986,289,100421,100,99912,100,100468,100,99894,100,100520,100,99893,100,100547,100,99884,100,100559,200,99815,100,100762,100,99803,100,100794,100,99735,100,100981,100,99612,100
2019-06-28 10:03:38.318046778,100047,100,100008,289,100140,289,99986,289,100187,289,99912,100,100421,100,99894,100,100468,100,99893,100,100520,100,99884,100,100547,100,99815,100,100559,200,99803,100,100762,100,99735,100,100794,100,99612,100
2019-06-28 10:03:39.743566310,100140,289,100008,289,100187,289,99986,289,100468,100,99912,100,100520,100,99894,100,100547,100,99893,100,100559,200,99884,100,100762,100,99815,100,100794,100,99803,100,100981,100,99735,100,,,99612,100
2019-06-28 10:03:40.000000000,100140,478,100008,478,100187,100,99986,100,100468,100,99912,100,100520,100,99894,100,100547,100,99893,100,100559,200,99884,100,100762,100,99815,100,100794,100,99803,100,100981,100,99735,100,,,99612,100
2019-06-28 10:03:47.759864624,100140,378,100008,478,100187,100,99986,100,100468,100,99912,100,100520,100,99894,100,100547,100,99893,100,100559,200,99884,100,100762,100,99815,100,100794,100,99803,100,100981,100,99735,100,,,99612,100
2019-06-28 10:03:50.000000000,100187,194,100008,194,100468,194,99986,194,100520,194,99912,194,100547,194,99894,194,100559,200,99893,100,100762,100,99884,100,100794,100,99815,100,100981,100,99803,100,,,99735,100,,,99612,100
2019-06-28 10:03:54.483155607,100187,94,100008,194,100468,94,99986,194,100520,194,99912,194,100547,194,99894,194,100559,200,99893,100,100762,100,99884,100,100794,100,99815,100,100981,100,99803,100,,,99735,100,,,99612,100
2019-06-28 10:04:00.000000000,100520,289,100008,289,100547,289,99986,289,100559,200,99912,100,100762,100,99894,100,100794,100,99893,100,100981,100,99884,100,,,99815,100,,,99803,100,,,99735,100,,,99612,100
2019-06-28 10:04:05.106808399,100520,289,100140,100,100547,289,100008,289,100559,200,99986,289,100762,100,99912,100,100794,100,99894,100,100981,100,99893,100,,,99884,100,,,99815,100,,,99803,100,,,99735,100
2019-06-28 10:04:10.000000000,100520,229,100140,229,100547,225,100008,225,100559,325,99986,225,100762,100,99912,100,100794,100,99894,100,100981,100,99893,100,,,99884,100,,,99815,100,,,99803,100,,,99735,100
2019-06-28 10:04:20.000000000,100520,229,100140,229,100547,225,100008,225,100559,325,99986,225,100762,100,99912,100,100794,100,99894,100,100981,100,99893,100,,,99884,100,,,99815,100,,,99803,100,,,99735,100
2019-06-28 10:04:30.000000000,100520,229,100140,229,100547,225,100008,225,100559,325,99986,225,100762,100,99912,100,100794,100,99894,100,100981,100,99893,100,,,99884,100,,,99815,100,,,99803,100,,,99735,100
2019-06-28 10:04:36.629720329,100403,100,100140,229,100520,229,100008,225,100547,225,99986,225,100559,325,99912,100,100762,100,99894,100,100794,100,99893,100,100981,100,99884,100,,,99815,100,,,99803,100,,,99735,100
2019-06-28 10:04:37.830532149,100403,100,100305,100,100520,229,100140,229,100547,225,100008,225,100559,325,99986,225,100762,100,99912,100,100794,100,99894,100,100981,100,99893,100,,,99884,100,,,99815,100,,,99803,100
2019-06-28 10:04:38.651319754,100403,100,100305,100,100520,229,100140,329,100547,225,100008,225,100559,325,99986,225,100762,100,99912,100,100794,100,99894,100,100981,100,99893,100,,,99884,100,,,99815,100,,,99803,100
2019-06-28 10:04:40.000000000,100403,478,100305,478,100520,100,100140,200,100547,100,100008,100,100559,200,99986,100,100762,100,99912,100,100794,100,99894,100,100981,100,99893,100,,,99884,100,,,99815,100,,,99803,100
2019-06-28 10:04:50.000000000,100403,229,100305,229,100520,225,100140,325,100547,225,100008,225,100559,200,99986,100,100762,100,99912,100,100794,100,99894,100,100981,100,99893,100,,,99884,100,,,99815,100,,,99803,100
2019-06-28 10:04:55.263239073,100403,229,100305,229,100520,225,100140,425,100547,225,100008,225,100559,200,99986,100,100762,100,99912,100,100794,100,99894,100,100981,100,99893,100,,,99884,100,,,99815,100,,,99803,100
2019-06-28 10:04:58.930536550,100403,229,100305,229,100520,225,100140,425,100547,225,100008,225,100559,100,99986,100,100672,100,99912,100,100762,100,99894,100,100794,100,99893,100,100981,100,99884,100,,,99815,100,,,99803,100
2019-06-28 10:05:00.000000000,100403,289,100305,289,100520,289,100140,489,100547,100,100008,100,100559,100,99986,100,100672,100,99912,100,100762,100,99894,100,100794,100,99893,100,100981,100,99884,100,,,99815,100,,,99803,100
2019-06-28 10:05:01.541782138,100403,189,100305,289,100520,289,100140,489,100547,100,100008,100,100559,100,99986,100,100672,100,99912,100,100762,100,99894,100,100794,100,99893,100,100981,100,99884,100,,,99815,100,,,99735,100
2019-06-28 10:05:10.000000000,100520,176,100305,176,100547,176,100140,376,100559,176,100008,176,100672,176,99986,176,100762,176,99912,176,100794,100,99894,100,100981,100,99893,100,,,99884,100,,,99815,100,,,99735,100
2019-06-28 10:05:20.000000000,100520,229,100305,229,100547,225,100140,425,100559,225,100008,225,100672,100,99986,100,100762,100,99912,100,100794,100,99894,100,100981,100,99893,100,,,99884,100,,,99815,100,,,99735,100
2019-06-28 10:05:30.000000000,100520,289,100305,289,100547,289,100140,489,100559,100,100008,100,100672,100,99986,100,100762,100,99912,100,100794,100,99894,100,100981,100,99893,100,,,99884,100,,,99815,100,,,99735,100
2019-06-28 10:05:40.000000000,100520,229,100305,229,100547,225,100140,425,100559,225,100008,225,100672,100,99986,100,100762,100,99912,100,100794,100,99894,100,100981,100,99893,100,,,99884,100,,,99815,100,,,99735,100
2019-06-28 10:05:50.000000000,100520,176,100305,176,100547,176,100140,376,100559,176,100008,176,100672,176,99986,176,100762,176,99912,176,100794,100,99894,100,100981,100,99893,100,,,99884,100,,,99815,100,,,99735,100
2019-06-28 10:05:50.739494362,100520,76,100305,176,100547,176,100140,376,100559,176,100008,176,100672,176,99986,176,100762,176,99912,176,100794,100,99894,100,100981,100,99893,100,,,99884,100,,,99815,100,,,99735,100
2019-06-28 10:06:00.000000000,100547,478,100305,478,100559,100,100140,300,100672,100,100008,100,100762,100,99986,100,100794,100,99912,100,100981,100,99894,100,,,99893,100,,,99884,100,,,99815,100,,,99735,100
2019-06-28 10:06:10.000000000,100547,478,100305,478,100559,100,100140,300,100672,100,100008,100,100762,100,99986,100,100794,100,99912,100,100981,100,99894,100,,,99893,100,,,99884,100,,,99815,100,,,99735,100
2019-06-28 10:06:12.736924955,100547,478,100305,478,100559,100,100140,300,100672,100,100008,100,100762,100,99986,100,100794,100,99912,100,100844,100,99893,100,100981,100,99884,100,,,99815,100,,,99735,100,,,99612,100
2019-06-28 10:06:20.000000000,100547,194,100305,194,100559,194,100140,394,100672,194,100008,194,100762,194,99986,194,100794,100,99912,100,100844,100,99893,100,100981,100,99884,100,,,99815,100,,,99735,100,,,99612,100
2019-06-28 10:06:27.347341125,100547,194,100305,194,100559,194,100140,394,100672,194,100008,94,100762,194,99986,194,100794,100,99912,100,100844,100,99893,100,100981,100,99884,100,,,99815,100,,,99735,100,,,99612,100
2019-06-28 10:06:30.000000000,100547,176,100305,176,100559,176,100140,376,100672,176,99986,176,100762,176,99912,176,100794,176,99893,176,100844,100,99884,100,100981,100,99815,100,,,99735,100,,,99612,100,,,,
2019-06-28 10:06:40.000000000,100547,289,100305,289,100559,289,100140,489,100672,100,99986,100,100762,100,99912,100,100794,100,99893,100,100844,100,99884,100,100981,100,99815,100,,,99735,100,,,99612,100,,,,
2019-06-28 10:06:50.000000000,100547,229,100305,229,100559,225,100140,425,100672,225,99986,225,100762,100,99912,100,100794,100,99893,100,100844,100,99884,100,100981,100,99815,100,,,99735,100,,,99612,100,,,,
2019-06-28 10:06:53.149913440,100547,129,100305,229,100559,225,100140,425,100672,225,99986,225,100762,100,99912,100,100794,100,99893,100,100844,100,99884,100,100981,100,99815,100,,,99735,100,,,99612,100,,,,
2019-06-28 10:07:00.000000000,100559,289,100305,289,100672,289,100140,489,100762,100,99986,100,100794,100,99912,100,100844,100,99893,100,100981,100,99884,100,,,99815,100,,,99735,100,,,99612,100,,,,
2019-06-28 10:07:10.000000000,100559,176,100305,176,100672,176,100140,376,100762,176,99986,176,100794,176,99912,176,100844,176,99893,176,100981,100,99884,100,,,99815,100,,,99735,100,,,99612,100,,,,
2019-06-28 10:07:12.466039804,100559,176,100527,100,100672,176,100305,176,100762,176,100140,376,100794,176,99986,176,100844,176,99912,176,100981,100,99893,176,,,99884,100,,,99815,100,,,99735,100,,,99612,100
2019-06-28 10:07:20.000000000,100559,194,100527,194,100672,194,100305,194,100762,194,100140,394,100794,194,99986,194,100844,100,99912,100,100981,100,99893,100,,,99884,100,,,99815,100,,,99735,100,,,99612,100
2019-06-28 10:07:30.000000000,100559,229,100527,229,100672,225,100305,225,100762,225,100140,425,100794,100,99986,100,100844,100,99912,100,100981,100,99893,100,,,99884,100,,,99815,100,,,99735,100,,,99612,100
2019-06-28 10:07:40.000000000,100559,478,100527,478,100672,100,100305,100,100762,100,100140,300,100794,100,99986,100,100844,100,99912,100,100981,100,99893,100,,,99884,100,,,99815,100,,,99735,100,,,99612,100
2019-06-28 10:07:50.000000000,100559,289,100527,289,100672,289,100305,289,100762,100,100140,300,100794,100,99986,100,100844,100,99912,100,100981,100,99893,100,,,99884,100,,,99815,100,,,99735,100,,,99612,100
2019-06-28 10:07:50.865202134,100559,289,100527,189,100672,289,100305,289,100794,100,100140,300,100844,100,99986,100,100981,100,99912,100,,,99893,100,,,99884,100,,,99815,100,,,99735,100,,,99612,100
2019-06-28 10:07:52.774626522,100559,289,100527,189,100672,289,100305,289,100794,100,100191,100,100844,100,100140,300,100981,100,99986,100,,,99912,100,,,99893,100,,,99884,100,,,99815,100,,,99735,100
2019-06-28 10:08:00.000000000,100559,229,100305,229,100672,225,100191,225,100794,225,100140,425,100844,100,99986,100,100981,100,99912,100,,,99893,100,,,99884,100,,,99815,100,,,99735,100,,,99612,100
2019-06-28 10:08:10.000000000,100559,289,100305,289,100672,289,100191,289,100794,100,100140,300,100844,100,99986,100,100981,100,99912,100,,,99893,100,,,99884,100,,,99815,100,,,99735,100,,,99612,100
2019-06-28 10:08:10.014594509,100559,289,100305,289,100672,289,100191,289,100794,100,100140,300,100844,100,99986,100,100981,100,99912,100,,,99893,100,,,99884,100,,,99815,100,,,99735,100,,,99660,100
2019-06-28 10:08:20.000000000,100559,478,100305,478,100672,100,100191,100,100794,100,100140,300,100844,100,99986,100,100981,100,99912,100,,,99893,100,,,99884,100,,,99815,100,,,99735,100,,,99660,100
