,ask_price_1,ask_size_1,bid_price_1,bid_size_1,ask_price_2,ask_size_2,bid_price_2,bid_size_2,ask_price_3,ask_size_3,bid_price_3,bid_size_3,ask_price_4,ask_size_4,bid_price_4,bid_size_4,ask_price_5,ask_size_5,bid_price_5,bid_size_5,ask_price_6,ask_size_6,bid_price_6,bid_size_6,ask_price_7,ask_size_7,bid_price_7,bid_size_7,ask_price_8,ask_size_8,bid_price_8,bid_size_8,ask_price_9,ask_size_9,bid_price_9,bid_size_9,ask_price_10,ask_size_10,bid_price_10,bid_size_10
2019-06-28 09:30:00.000000000,100127,100,,,,,,,,,,,,,,,,,,,,,,,,,,,,,,,,,,,,,,
2019-06-28 09:30:00.000000001,100127,100,99904,100,,,,,,,,,,,,,,,,,,,,,,,,,,,,,,,,,,,,
2019-06-28 09:30:00.000000005,100032,100,99904,100,100127,100,,,,,,,,,,,,,,,,,,,,,,,,,,,,,,,,,,
2019-06-28 09:30:00.000000008,99984,100,99904,100,100032,100,,,100127,100,,,,,,,,,,,,,,,,,,,,,,,,,,,,,,
2019-06-28 09:30:00.000000009,99984,100,99904,100,100032,100,,,100047,100,,,100054,100,,,100127,100,,,100151,100,,,,,,,,,,,,,,,,,,
2019-06-28 09:30:00.000000011,99951,100,99904,100,99984,100,99869,100,100032,100,,,100047,100,,,100054,100,,,100127,100,,,100151,100,,,,,,,,,,,,,,
2019-06-28 09:30:00.000000012,99951,100,99904,100,99984,100,99869,100,100032,100,,,100047,100,,,100054,100,,,100092,100,,,100127,100,,,100151,100,,,,,,,,,,
2019-06-28 09:30:00.000000013,99951,100,99904,100,99984,100,99869,100,100032,100,,,100047,100,,,100054,100,,,100092,100,,,100102,100,,,100127,100,,,100151,100,,,,,,
2019-06-28 09:30:00.000000014,99951,100,99904,100,99984,100,99869,100,100032,100,99808,100,100047,100,,,100054,100,,,100092,100,,,100102,100,,,100127,100,,,100151,100,,,,,,
2019-06-28 09:30:00.000000015,99951,100,99904,100,99984,100,99869,100,100019,100,99808,100,100032,100,,,100047,100,,,100054,100,,,100092,100,,,100102,100,,,100127,100,,,100151,100,,
2019-06-28 09:30:00.000000018,99951,100,99904,100,99984,100,99869,100,100019,100,99808,100,100032,100,,,100047,100,,,100050,100,,,100054,100,,,100092,100,,,100102,100,,,100127,100,,
2019-06-28 09:30:00.000000019,99951,100,99904,100,99984,100,99869,100,99996,100,99811,100,100019,100,99808,100,100032,100,,,100047,100,,,100050,100,,,100054,100,,,100092,100,,,100102,100,,
2019-06-28 09:30:00.000000020,99951,100,99904,100,99984,100,99869,100,99996,100,99811,100,100019,100,99808,100,100032,100,,,100047,100,,,100050,100,,,100054,100,,,100070,100,,,100092,100,,
2019-06-28 09:30:00.000000021,99951,100,99904,100,99984,100,99869,100,99996,100,99811,100,100019,100,99808,100,100032,100,,,100047,100,,,100050,100,,,100054,100,,,100070,100,,,100092,100,,
2019-06-28 09:30:00.000000022,99951,100,99904,100,99984,100,99869,100,99996,100,99811,100,100019,100,99808,100,100032,100,,,100047,100,,,100050,100,,,100054,100,,,100070,100,,,100087,100,,
2019-06-28 09:30:00.000000024,99984,100,99904,100,99996,100,99869,100,100019,100,99811,100,100032,100,99808,100,100047,100,,,100050,100,,,100054,100,,,100070,100,,,100087,100,,,100092,100,,
2019-06-28 09:30:00.000000027,99984,100,99928,100,99996,100,99904,100,100019,100,99869,100,100032,100,99811,100,100047,100,99808,100,100050,100,,,100054,100,,,100070,100,,,100087,100,,,100092,100,,
2019-06-28 09:30:00.000000028,99996,100,99932,100,100019,100,99928,100,100032,100,99904,100,100047,100,99869,100,100050,100,99811,100,100054,100,99808,100,100070,100,,,100087,100,,,100092,100,,,100102,100,,
2019-06-28 09:30:00.000000035,100019,100,99984,100,100032,100,99932,100,100047,100,99928,100,100050,100,99904,100,100054,100,99869,100,100070,100,99811,100,100087,100,99808,100,100092,100,,,100102,100,,,100122,100,,
2019-06-28 09:30:00.000000041,99996,100,99984,100,100019,100,99964,100,100032,100,99932,100,100047,100,99928,100,100050,100,99904,100,100054,100,99869,100,100070,100,99811,100,100087,100,99808,100,100092,100,,,100102,100,,
2019-06-28 09:30:00.000000043,99996,100,99984,100,100019,100,99964,100,100032,100,99939,100,100047,100,99932,100,100050,100,99928,100,100054,100,99904,100,100070,100,99869,100,100087,100,99811,100,100092,100,99808,100,100102,100,,
2019-06-28 09:30:00.000000044,99996,100,99984,100,100019,100,99971,100,100032,100,99964,100,100034,100,99939,100,100047,100,99932,100,100050,100,99928,100,100054,100,99904,100,100070,100,99869,100,100087,100,99811,100,100092,100,99808,100
2019-06-28 09:30:00.000000045,99996,100,99984,100,100019,100,99971,100,100032,100,99964,100,100034,100,99939,100,100047,100,99932,100,100050,100,99928,100,100054,100,99904,100,100070,100,99881,100,100087,100,99869,100,100092,100,99811,100
2019-06-28 09:30:00.000000046,99996,100,99984,100,100019,100,99971,100,100032,100,99964,100,100034,100,99945,100,100047,100,99939,100,100050,100,99932,100,100054,100,99928,100,100070,100,99913,100,100087,100,99904,100,100092,100,99881,100
2019-06-28 09:30:00.000000047,99996,100,99984,100,100019,100,99971,100,100032,100,99964,100,100034,100,99945,100,100047,100,99940,100,100050,100,99939,100,100054,100,99932,100,100070,100,99928,100,100087,100,99913,100,100092,100,99904,100
2019-06-28 09:30:00.000000053,99996,100,99984,100,100019,100,99971,100,100032,100,99964,100,100034,100,99945,100,100047,100,99940,100,100050,100,99939,100,100054,100,99932,100,100070,100,99928,100,100087,100,99913,100,100092,100,99904,100
2019-06-28 09:30:00.000000054,99996,100,99984,100,100019,100,99971,100,100032,100,99964,100,100034,100,99945,100,100047,100,99940,100,100050,100,99939,100,100054,100,99932,100,100070,100,99928,100,100087,100,99922,100,100092,100,99913,100
2019-06-28 09:30:00.000000059,99996,100,99984,100,100019,100,99971,100,100032,100,99964,100,100034,100,99945,100,100047,100,99940,100,100050,100,99939,100,100054,100,99932,100,100070,100,99928,100,100087,100,99922,100,100092,100,99913,100
2019-06-28 09:30:00.000000064,99996,100,99984,100,100019,100,99971,100,100032,100,99964,100,100034,100,99947,100,100047,100,99945,100,100050,100,99940,100,100054,100,99939,100,100070,100,99932,100,100087,100,99928,100,100092,100,99922,100
2019-06-28 09:30:00.000000071,99996,100,99984,100,100019,100,99971,100,100032,100,99964,100,100034,100,99947,100,100047,100,99945,100,100050,100,99940,100,100054,100,99939,100,100070,100,99932,100,100087,100,99928,100,100092,100,99922,100
2019-06-28 09:30:00.000000075,99996,100,99984,100,100019,100,99971,100,100032,100,99966,100,100034,100,99964,100,100047,100,99956,100,100050,100,99947,100,100054,100,99945,100,100070,100,99940,100,100087,100,99939,100,100092,100,99932,100
2019-06-28 09:30:00.000000076,99996,100,99984,200,100019,100,99971,100,100032,100,99966,100,100034,100,99964,100,100047,100,99956,100,100050,100,99947,100,100054,100,99945,100,100070,100,99940,100,100087,100,99939,100,100092,100,99932,100
2019-06-28 09:30:00.000000077,99996,100,99984,200,100019,100,99971,100,100032,100,99966,100,100034,100,99964,100,100047,100,99956,100,100050,100,99947,100,100054,100,99945,100,100070,100,99940,100,100087,100,99939,100,100092,100,99932,100
2019-06-28 09:30:00.000000078,99996,100,99984,300,100019,100,99971,100,100032,100,99966,100,100034,100,99964,100,100047,100,99956,100,100050,100,99947,100,100054,100,99945,100,100070,100,99940,100,100087,100,99939,100,100092,100,99932,100
2019-06-28 09:30:00.000000079,100019,100,99984,300,100032,100,99971,100,100034,100,99966,100,100047,100,99964,100,100050,100,99956,100,100054,100,99947,100,100070,100,99945,100,100087,100,99940,100,100092,100,99939,100,100102,100,99932,100
2019-06-28 09:30:00.000000081,100032,100,99984,300,100034,100,99971,100,100047,100,99966,100,100050,100,99964,100,100054,100,99956,100,100070,100,99947,100,100087,100,99945,100,100092,100,99940,100,100102,100,99939,100,100115,100,99932,100
2019-06-28 09:30:00.000000082,100032,100,99984,300,100034,100,99971,100,100047,100,99966,100,100050,100,99964,100,100054,100,99956,100,100070,100,99947,100,100087,100,99945,100,100092,100,99940,100,100102,100,99939,100,100115,100,99932,100
2019-06-28 09:30:00.000000084,100032,100,99984,300,100034,100,99971,100,100047,100,99966,100,100050,100,99964,100,100054,100,99956,100,100057,100,99947,100,100070,100,99945,100,100087,100,99940,100,100092,100,99939,100,100102,100,99932,100
2019-06-28 09:30:00.000000086,100032,100,99984,300,100034,100,99971,100,100047,100,99966,100,100050,100,99964,100,100054,100,99956,100,100057,100,99947,100,100070,100,99945,100,100087,100,99940,100,100092,100,99939,100,100102,100,99932,100
2019-06-28 09:30:00.000000087,100032,100,99984,300,100034,100,99971,100,100047,100,99966,100,100050,100,99964,100,100054,100,99956,100,100057,100,99947,100,100070,100,99945,100,100087,100,99940,100,100092,100,99939,100,100100,100,99932,100
2019-06-28 09:30:00.000000090,100032,100,99996,100,100034,100,99984,300,100047,100,99971,100,100050,100,99966,100,100054,100,99964,100,100057,100,99956,100,100070,100,99947,100,100087,100,99945,100,100092,100,99940,100,100100,100,99939,100
2019-06-28 09:30:00.000000091,100032,100,99996,100,100034,100,99984,300,100047,100,99974,100,100050,100,99971,100,100054,100,99966,100,100057,100,99964,100,100070,100,99956,100,100087,100,99947,100,100092,100,99945,100,100100,100,99940,100
2019-06-28 09:30:00.000000093,100032,100,99996,200,100034,100,99984,300,100047,100,99974,100,100050,100,99971,100,100054,100,99966,100,100057,100,99964,100,100070,100,99956,100,100087,100,99947,100,100092,100,99945,100,100100,100,99940,100
2019-06-28 09:30:00.000000095,100019,100,99996,200,100032,100,99984,300,100034,100,99974,100,100047,100,99971,100,100050,100,99966,100,100054,100,99964,100,100057,100,99956,100,100070,100,99947,100,100087,100,99945,100,100092,100,99940,100
2019-06-28 09:30:00.000000098,100019,100,99996,200,100021,100,99984,300,100032,100,99974,100,100034,100,99971,100,100047,100,99966,100,100050,100,99964,100,100054,100,99956,100,100057,100,99947,100,100070,100,99945,100,100087,100,99940,100
2019-06-28 09:30:00.000000099,100018,100,99996,100,100019,100,99984,300,100021,100,99974,100,100032,100,99971,100,100034,100,99966,100,100047,100,99964,100,100050,100,99956,100,100054,100,99947,100,100057,100,99945,100,100070,100,99940,100
2019-06-28 09:30:08.587817107,100019,100,99996,100,100021,100,99984,300,100032,100,99974,100,100034,100,99971,100,100047,100,99966,100,100050,100,99964,100,100054,100,99956,100,100057,100,99947,100,100070,100,99945,100,100087,100,99940,100
2019-06-28 09:30:09.180458255,100000,100,99996,100,100019,100,99984,300,100021,100,99974,100,100032,100,99971,100,100034,100,99966,100,100047,100,99964,100,100050,100,99956,100,100054,100,99947,100,100057,100,99945,100,100070,100,99940,100
2019-06-28 09:30:10.000000000,100000,223,99996,223,100019,220,99984,420,100021,220,99974,220,100032,100,99971,100,100034,100,99966,100,100047,100,99964,100,100050,100,99956,100,100054,100,99947,100,100057,100,99945,100,100070,100,99940,100
2019-06-28 09:30:20.000000000,100000,223,99996,223,100019,220,99984,420,100021,220,99974,220,100032,100,99971,100,100034,100,99966,100,100047,100,99964,100,100050,100,99956,100,100054,100,99947,100,100057,100,99945,100,100070,100,99940,100
2019-06-28 09:30:21.884379245,100000,223,99996,123,100019,220,99984,420,100021,220,99974,220,100032,100,99971,100,100034,100,99966,100,100047,100,99964,100,100050,100,99956,100,100054,100,99947,100,100057,100,99945,100,100070,100,99940,100
2019-06-28 09:30:30.000000000,100000,463,99984,663,100019,100,99974,100,100021,100,99971,100,100032,100,99966,100,100034,100,99964,100,100047,100,99956,100,100050,100,99947,100,100054,100,99945,100,100057,100,99940,100,100070,100,99939,100
2019-06-28 09:30:40.000000000,100000,463,99984,663,100019,100,99974,100,100021,100,99971,100,100032,100,99966,100,100034,100,99964,100,100047,100,99956,100,100050,100,99947,100,100054,100,99945,100,100057,100,99940,100,100070,100,99939,100
2019-06-28 09:30:45.357289564,100000,463,99997,100,100019,100,99984,563,100021,100,99974,100,100032,100,99971,100,100034,100,99966,100,100047,100,99964,100,100050,100,99956,100,100054,100,99947,100,100057,100,99945,100,100070,100,99940,100
2019-06-28 09:30:49.218021155,100000,363,99997,100,100019,100,99984,563,100021,100,99974,100,100032,100,99971,100,100034,100,99966,100,100047,100,99964,100,100050,100,99956,100,100057,100,99947,100,100070,100,99945,100,100092,100,99940,100
2019-06-28 09:30:50.000000000,100019,191,99997,191,100021,191,99984,291,100032,191,99974,191,100034,191,99971,191,100047,100,99966,100,100050,100,99964,100,100057,100,99956,100,100070,100,99947,100,100092,100,99945,100,100100,100,99940,100
2019-06-28 09:31:00.000000000,100019,223,99997,223,100021,220,99984,320,100032,220,99974,220,100034,100,99971,100,100047,100,99966,100,100050,100,99964,100,100057,100,99956,100,100070,100,99947,100,100092,100,99945,100,100100,100,99940,100
2019-06-28 09:31:04.173587522,100019,223,99997,223,100021,220,99984,320,100032,220,99974,220,100034,100,99971,100,100047,100,99966,100,100050,100,99964,100,100057,100,99956,100,100070,100,99947,100,100092,100,99945,100,100100,100,99940,100
2019-06-28 09:31:09.656221229,100019,223,100000,100,100021,220,99997,223,100032,220,99984,320,100034,100,99974,220,100047,100,99971,100,100050,100,99966,100,100057,100,99964,100,100070,100,99956,100,100092,100,99947,100,100100,100,99945,100
2019-06-28 09:31:10.000000000,100019,223,100000,223,100021,220,99997,220,100032,220,99984,320,100034,100,99974,100,100047,100,99971,100,100050,100,99966,100,100057,100,99964,100,100070,100,99956,100,100092,100,99947,100,100100,100,99945,100
2019-06-28 09:31:20.000000000,100019,463,100000,463,100021,100,99997,100,100032,100,99984,200,100034,100,99974,100,100047,100,99971,100,100050,100,99966,100,100057,100,99964,100,100070,100,99956,100,100092,100,99947,100,100100,100,99945,100
2019-06-28 09:31:30.000000000,100019,282,100000,282,100021,282,99997,282,100032,100,99984,200,100034,100,99974,100,100047,100,99971,100,100050,100,99966,100,100057,100,99964,100,100070,100,99956,100,100092,100,99947,100,100100,100,99945,100
2019-06-28 09:31:40.000000000,100019,282,100000,282,100021,282,99997,282,100032,100,99984,200,100034,100,99974,100,100047,100,99971,100,100050,100,99966,100,100057,100,99964,100,100070,100,99956,100,100092,100,99947,100,100100,100,99945,100
2019-06-28 09:31:46.400682889,100019,182,100000,282,100021,282,99997,282,100032,100,99984,200,100034,100,99974,100,100047,100,99971,100,100050,100,99966,100,100057,100,99964,100,100070,100,99956,100,100092,100,99947,100,100100,100,99945,100
2019-06-28 09:31:49.452500565,100019,182,100000,282,100021,282,99997,282,100032,100,99984,200,100034,100,99974,100,100047,100,99971,100,100050,100,99966,100,100057,100,99964,100,100070,100,99956,100,100092,100,99947,100,100100,100,99945,100
2019-06-28 09:31:50.000000000,100021,223,100000,223,100032,220,99997,220,100034,220,99984,320,100047,100,99974,100,100050,100,99971,100,100057,100,99966,100,100070,100,99964,100,100092,100,99956,100,100100,100,99947,100,100102,100,99945,100
2019-06-28 09:31:51.285727682,100021,123,100000,223,100032,220,99997,220,100034,220,99984,320,100047,100,99974,100,100050,100,99971,100,100057,100,99966,100,100070,100,99964,100,100092,100,99956,100,100100,100,99947,100,100102,100,99945,100
2019-06-28 09:32:00.000000000,100032,223,100000,223,100034,220,99997,220,100047,220,99984,320,100050,100,99974,100,100057,100,99971,100,100070,100,99966,100,100092,100,99964,100,100100,100,99956,100,100102,100,99947,100,100115,100,99945,100
2019-06-28 09:32:10.000000000,100032,282,100000,282,100034,282,99997,282,100047,100,99984,200,100050,100,99974,100,100057,100,99971,100,100070,100,99966,100,100092,100,99964,100,100100,100,99956,100,100102,100,99947,100,100115,100,99945,100
2019-06-28 09:32:10.068757989,100032,182,100000,282,100034,282,99997,282,100047,100,99984,200,100050,100,99974,100,100057,100,99971,100,100070,100,99966,100,100092,100,99964,100,100100,100,99956,100,100102,100,99947,100,100115,100,99940,100
2019-06-28 09:32:16.989333028,100032,182,100021,100,100034,282,100000,282,100047,100,99997,282,100050,100,99984,200,100057,100,99974,100,100070,100,99971,100,100092,100,99966,100,100100,100,99964,100,100102,100,99956,100,100115,100,99947,100
2019-06-28 09:32:19.123014467,100032,182,100021,100,100034,282,100000,282,100047,100,99997,282,100050,100,99984,200,100057,100,99974,100,100070,100,99971,100,100092,100,99966,100,100100,100,99964,100,100102,100,99956,100,100115,100,99947,100
2019-06-28 09:32:20.000000000,100034,173,100021,173,100047,173,100000,173,100050,173,99997,173,100057,173,99984,273,100070,173,99974,173,100092,100,99971,100,100100,100,99966,100,100102,100,99964,100,100115,100,99956,100,100122,100,99947,100
2019-06-28 09:32:21.745134491,100034,173,100021,173,100047,173,100000,173,100050,173,99997,173,100057,173,99984,273,100070,173,99974,173,100092,100,99971,100,100100,100,99966,100,100102,100,99964,100,100115,100,99956,100,100122,100,99947,100
2019-06-28 09:32:30.000000000,100034,282,100021,282,100047,282,100000,282,100050,100,99997,100,100057,100,99984,200,100070,100,99974,100,100092,100,99971,100,100100,100,99966,100,100102,100,99964,100,100115,100,99956,100,100122,100,99947,100
2019-06-28 09:32:40.000000000,100034,282,100021,282,100047,282,100000,282,100050,100,99997,100,100057,100,99984,200,100070,100,99974,100,100092,100,99971,100,100100,100,99966,100,100102,100,99964,100,100115,100,99956,100,100122,100,99947,100
2019-06-28 09:32:50.000000000,100034,191,100021,191,100047,191,100000,191,100050,191,99997,191,100057,191,99984,291,100070,100,99974,100,100092,100,99971,100,100100,100,99966,100,100102,100,99964,100,100115,100,99956,100,100122,100,99947,100
2019-06-28 09:33:00.000000000,100034,223,100021,223,100047,220,100000,220,100050,220,99997,220,100057,100,99984,200,100070,100,99974,100,100092,100,99971,100,100100,100,99966,100,100102,100,99964,100,100115,100,99956,100,100122,100,99947,100
2019-06-28 09:33:06.631048137,100034,123,100021,223,100047,220,100000,220,100050,220,99997,220,100057,100,99984,200,100070,100,99974,100,100092,100,99971,100,100100,100,99966,100,100102,100,99964,100,100115,100,99956,100,100122,100,99947,100
2019-06-28 09:33:10.000000000,100047,463,100021,463,100050,100,100000,100,100057,100,99997,100,100070,100,99984,200,100092,100,99974,100,100100,100,99971,100,100102,100,99966,100,100115,100,99964,100,100122,100,99956,100,100127,100,99947,100
2019-06-28 09:33:10.661743659,100047,463,100021,463,100050,100,100000,100,100057,100,99997,100,100070,100,99984,200,100092,100,99974,100,100100,100,99971,100,100102,100,99966,100,100115,100,99964,100,100122,100,99956,100,100127,100,99947,100
2019-06-28 09:33:20.000000000,100047,282,100021,282,100050,282,100000,282,100057,100,99997,100,100070,100,99984,200,100092,100,99974,100,100100,100,99971,100,100102,100,99966,100,100115,100,99964,100,100122,100,99956,100,100127,100,99947,100
2019-06-28 09:33:25.026523456,100047,182,100021,282,100050,282,100000,282,100057,100,99997,100,100070,100,99984,200,100092,100,99974,100,100100,100,99971,100,100102,100,99966,100,100115,100,99964,100,100122,100,99956,100,100127,100,99947,100
2019-06-28 09:33:25.190233720,100047,82,100021,282,100050,282,100000,282,100057,100,99997,100,100070,100,99984,200,100092,100,99974,100,100100,100,99971,100,100102,100,99966,100,100115,100,99964,100,100122,100,99956,100,100127,100,99947,100
2019-06-28 09:33:30.000000000,100050,463,100021,463,100057,100,100000,100,100070,100,99997,100,100092,100,99984,200,100100,100,99974,100,100102,100,99971,100,100115,100,99966,100,100122,100,99964,100,100127,100,99956,100,100134,100,99947,100
2019-06-28 09:33:40.000000000,100050,463,100021,463,100057,100,100000,100,100070,100,99997,100,100092,100,99984,200,100100,100,99974,100,100102,100,99971,100,100115,100,99966,100,100122,100,99964,100,100127,100,99956,100,100134,100,99947,100
2019-06-28 09:33:50.000000000,100050,282,100021,282,100057,282,100000,282,100070,100,99997,100,100092,100,99984,200,100100,100,99974,100,100102,100,99971,100,100115,100,99966,100,100122,100,99964,100,100127,100,99956,100,100134,100,99947,100
2019-06-28 09:34:00.000000000,100050,282,100021,282,100057,282,100000,282,100070,100,99997,100,100092,100,99984,200,100100,100,99974,100,100102,100,99971,100,100115,100,99966,100,100122,100,99964,100,100127,100,99956,100,100134,100,99947,100
2019-06-28 09:34:10.000000000,100050,282,100021,282,100057,282,100000,282,100070,100,99997,100,100092,100,99984,200,100100,100,99974,100,100102,100,99971,100,100115,100,99966,100,100122,100,99964,100,100127,100,99956,100,100134,100,99947,100
2019-06-28 09:34:12.453331482,100050,182,100021,282,100057,282,100000,282,100070,100,99997,100,100092,100,99984,200,100100,100,99974,100,100102,100,99971,100,100115,100,99966,100,100122,100,99964,100,100127,100,99947,100,100134,100,99940,100
2019-06-28 09:34:12.549145312,100050,82,100021,282,100057,282,100000,282,100070,100,99997,100,100092,100,99984,200,100100,100,99974,100,100102,100,99966,100,100115,100,99964,100,100122,100,99947,100,100127,100,99940,100,100134,100,99939,100
2019-06-28 09:34:14.380594482,100057,282,100050,18,100070,100,100021,282,100092,100,100000,282,100100,100,99997,100,100102,100,99984,200,100115,100,99974,100,100122,100,99966,100,100127,100,99964,100,100134,100,99947,100,100148,100,99940,100
2019-06-28 09:34:20.000000000,100057,191,100050,109,100070,191,100021,191,100092,191,100000,191,100100,191,99997,191,100102,100,99984,200,100115,100,99974,100,100122,100,99966,100,100127,100,99964,100,100134,100,99947,100,100148,100,99940,100
2019-06-28 09:34:29.030504616,100057,91,100050,109,100070,191,100021,191,100092,191,100000,191,100100,191,99997,191,100102,100,99984,200,100115,100,99966,100,100122,100,99964,100,100127,100,99947,100,100134,100,99940,100,100148,100,99939,100
2019-06-28 09:34:30.000000000,100070,282,100050,200,100092,282,100021,282,100100,100,100000,100,100102,100,99997,100,100115,100,99984,200,100122,100,99966,100,100127,100,99964,100,100134,100,99947,100,100148,100,99940,100,100150,100,99939,100
2019-06-28 09:34:30.162480635,100070,282,100050,200,100092,282,100021,282,100100,100,100000,100,100102,100,99997,100,100115,100,99984,200,100122,100,99966,100,100127,100,99964,100,100134,100,99947,100,100148,100,99940,100,100150,100,99939,100
2019-06-28 09:34:40.000000000,100070,463,100050,381,100092,100,100021,100,100100,100,100000,100,100102,100,99997,100,100115,100,99984,200,100122,100,99966,100,100127,100,99964,100,100134,100,99947,100,100148,100,99940,100,100150,100,99939,100
2019-06-28 09:34:44.684591793,100070,463,100050,381,100092,100,100021,100,100100,100,100000,100,100102,100,99997,100,100115,100,99984,200,100122,100,99966,100,100127,100,99964,100,100134,100,99947,100,100148,100,99940,100,100150,100,99939,100
2019-06-28 09:34:50.000000000,100070,173,100050,91,100092,173,100021,173,100100,173,100000,173,100102,173,99997,173,100115,173,99984,273,100122,100,99966,100,100127,100,99964,100,100134,100,99947,100,100148,100,99940,100,100150,100,99939,100
2019-06-28 09:35:00.000000000,100070,191,100050,109,100092,191,100021,191,100100,191,100000,191,100102,191,99997,191,100115,100,99984,200,100122,100,99966,100,100127,100,99964,100,100134,100,99947,100,100148,100,99940,100,100150,100,99939,100
2019-06-28 09:35:06.640372767,100070,191,100050,9,100092,191,100021,191,100100,191,100000,191,100102,191,99997,191,100115,100,99984,200,100122,100,99966,100,100127,100,99964,100,100134,100,99947,100,100148,100,99940,100,100150,100,99939,100
2019-06-28 09:35:10.000000000,100070,223,100021,223,100092,220,100000,220,100100,220,99997,220,100102,100,99984,200,100115,100,99966,100,100122,100,99964,100,100127,100,99947,100,100134,100,99940,100,100148,100,99939,100,100150,100,99932,100
2019-06-28 09:35:20.000000000,100070,463,100021,463,100092,100,100000,100,100100,100,99997,100,100102,100,99984,200,100115,100,99966,100,100122,100,99964,100,100127,100,99947,100,100134,100,99940,100,100148,100,99939,100,100150,100,99932,100
2019-06-28 09:35:30.000000000,100070,463,100021,463,100092,100,100000,100,100100,100,99997,100,100102,100,99984,200,100115,100,99966,100,100122,100,99964,100,100127,100,99947,100,100134,100,99940,100,100148,100,99939,100,100150,100,99932,100
2019-06-28 09:35:40.000000000,100070,173,100021,173,100092,173,100000,173,100100,173,99997,173,100102,173,99984,273,100115,173,99966,173,100122,100,99964,100,100127,100,99947,100,100134,100,99940,100,100148,100,99939,100,100150,100,99932,100
2019-06-28 09:35:44.276660923,100070,173,100021,73,100092,173,100000,173,100100,173,99997,173,100102,173,99984,273,100115,173,99966,73,100122,100,99964,100,100127,100,99947,100,100134,100,99940,100,100148,100,99939,100,100150,100,99932,100
2019-06-28 09:35:46.276347012,100070,173,100021,73,100092,173,100000,173,100100,173,99997,173,100102,173,99984,273,100115,173,99966,73,100122,100,99964,100,100127,100,99947,100,100134,100,99940,100,100148,100,99939,100,100150,100,99932,100
2019-06-28 09:35:50.000000000,100070,223,100000,223,100092,220,99997,220,100100,220,99984,320,100102,100,99964,100,100115,100,99947,100,100122,100,99940,100,100127,100,99939,100,100134,100,99932,100,100148,100,99922,100,100150,100,99911,100
2019-06-28 09:36:00.000000000,100070,191,100000,191,100092,191,99997,191,100100,191,99984,291,100102,191,99964,191,100115,100,99947,100,100122,100,99940,100,100127,100,99939,100,100134,100,99932,100,100148,100,99922,100,100150,100,99911,100
2019-06-28 09:36:10.000000000,100070,463,100000,463,100092,100,99997,100,100100,100,99984,200,100102,100,99964,100,100115,100,99947,100,100122,100,99940,100,100127,100,99939,100,100134,100,99932,100,100148,100,99922,100,100150,100,99911,100
2019-06-28 09:36:12.170739289,100070,463,100000,463,100092,100,99997,100,100100,100,99984,100,100102,100,99964,100,100115,100,99947,100,100122,100,99940,100,100127,100,99939,100,100134,100,99932,100,100148,100,99922,100,100150,100,99911,100
2019-06-28 09:36:20.000000000,100070,282,100000,282,100092,282,99997,282,100100,100,99984,100,100102,100,99964,100,100115,100,99947,100,100122,100,99940,100,100127,100,99939,100,100134,100,99932,100,100148,100,99922,100,100150,100,99911,100
2019-06-28 09:36:29.856497689,100070,282,100000,282,100092,282,99997,282,100102,100,99984,100,100115,100,99964,100,100122,100,99947,100,100127,100,99940,100,100134,100,99939,100,100148,100,99932,100,100150,100,99922,100,100173,100,99911,100
2019-06-28 09:36:30.000000000,100070,191,100000,191,100092,191,99997,191,100102,191,99984,191,100115,191,99964,191,100122,100,99947,100,100127,100,99940,100,100134,100,99939,100,100148,100,99932,100,100150,100,99922,100,100173,100,99911,100
2019-06-28 09:36:33.147470065,100070,191,100000,191,100092,191,99997,191,100102,191,99984,191,100115,191,99967,100,100122,100,99964,191,100127,100,99947,100,100134,100,99940,100,100148,100,99939,100,100150,100,99932,100,100173,100,99922,100
2019-06-28 09:36:40.000000000,100070,191,100000,191,100092,191,99997,191,100102,191,99984,191,100115,191,99967,191,100122,100,99964,100,100127,100,99947,100,100134,100,99940,100,100148,100,99939,100,100150,100,99932,100,100173,100,99922,100
2019-06-28 09:36:50.000000000,100070,191,100000,191,100092,191,99997,191,100102,191,99984,191,100115,191,99967,191,100122,100,99964,100,100127,100,99947,100,100134,100,99940,100,100148,100,99939,100,100150,100,99932,100,100173,100,99922,100
2019-06-28 09:37:00.000000000,100070,223,100000,223,100092,220,99997,220,100102,220,99984,220,100115,100,99967,100,100122,100,99964,100,100127,100,99947,100,100134,100,99940,100,100148,100,99939,100,100150,100,99932,100,100173,100,99922,100
2019-06-28 09:37:10.000000000,100070,173,100000,173,100092,173,99997,173,100102,173,99984,173,100115,173,99967,173,100122,173,99964,173,100127,100,99947,100,100134,100,99940,100,100148,100,99939,100,100150,100,99932,100,100173,100,99922,100
2019-06-28 09:37:13.187317398,100070,173,100051,100,100092,173,100000,173,100102,173,99997,173,100115,173,99984,73,100122,173,99967,173,100127,100,99964,173,100134,100,99947,100,100148,100,99940,100,100150,100,99939,100,100173,100,99932,100
2019-06-28 09:37:20.000000000,100070,463,100051,463,100092,100,100000,100,100102,100,99997,100,100115,100,99967,100,100122,100,99964,100,100127,100,99947,100,100134,100,99940,100,100148,100,99939,100,100150,100,99932,100,100173,100,99922,100
2019-06-28 09:37:24.029482552,100070,463,100051,463,100092,100,100000,100,100102,100,99997,100,100115,100,99967,100,100122,100,99964,100,100127,100,99947,100,100134,100,99940,100,100148,100,99939,100,100150,100,99932,100,100173,100,99922,100
2019-06-28 09:37:28.530555844,100070,363,100051,463,100092,100,100000,100,100102,100,99997,100,100115,100,99964,100,100122,100,99947,100,100127,100,99940,100,100134,100,99939,100,100148,100,99932,100,100150,100,99922,100,100173,100,99911,100
2019-06-28 09:37:29.585298160,100070,263,100051,463,100092,100,100000,100,100102,100,99997,100,100115,100,99964,100,100122,100,99947,100,100127,100,99940,100,100134,100,99939,100,100148,100,99932,100,100150,100,99922,100,100173,100,99911,100
2019-06-28 09:37:30.000000000,100092,282,100051,282,100102,282,100000,282,100115,100,99997,100,100122,100,99964,100,100127,100,99947,100,100134,100,99940,100,100148,100,99939,100,100150,100,99932,100,100173,100,99922,100,100257,100,99911,100
2019-06-28 09:37:40.000000000,100092,173,100051,173,100102,173,100000,173,100115,173,99997,173,100122,173,99964,173,100127,173,99947,173,100134,100,99940,100,100148,100,99939,100,100150,100,99932,100,100173,100,99922,100,100257,100,99911,100
2019-06-28 09:37:50.000000000,100092,463,100051,463,100102,100,100000,100,100115,100,99997,100,100122,100,99964,100,100127,100,99947,100,100134,100,99940,100,100148,100,99939,100,100150,100,99932,100,100173,100,99922,100,100257,100,99911,100
2019-06-28 09:38:00.000000000,100092,282,100051,282,100102,282,100000,282,100115,100,99997,100,100122,100,99964,100,100127,100,99947,100,100134,100,99940,100,100148,100,99939,100,100150,100,99932,100,100173,100,99922,100,100257,100,99911,100
2019-06-28 09:38:07.468576714,100092,282,100051,282,100102,282,100000,282,100115,100,99997,100,100122,100,99964,100,100127,100,99947,100,100134,100,99940,100,100148,100,99939,100,100150,100,99932,100,100173,100,99922,100,100257,100,99911,100
2019-06-28 09:38:10.000000000,100092,223,100051,223,100102,220,100000,220,100115,220,99997,220,100122,100,99964,100,100127,100,99947,100,100134,100,99940,100,100148,100,99939,100,100150,100,99932,100,100173,100,99922,100,100257,100,99911,100
2019-06-28 09:38:20.000000000,100092,191,100051,191,100102,191,100000,191,100115,191,99997,191,100122,191,99964,191,100127,100,99947,100,100134,100,99940,100,100148,100,99939,100,100150,100,99932,100,100173,100,99922,100,100257,100,99911,100
2019-06-28 09:38:30.000000000,100092,173,100051,173,100102,173,100000,173,100115,173,99997,173,100122,173,99964,173,100127,173,99947,173,100134,100,99940,100,100148,100,99939,100,100150,100,99932,100,100173,100,99922,100,100257,100,99911,100
2019-06-28 09:38:37.973012496,100092,173,100070,100,100102,173,100051,173,100115,173,100000,173,100122,173,99997,173,100127,173,99964,173,100134,100,99947,173,100148,100,99940,100,100150,100,99939,100,100173,100,99932,100,100257,100,99922,100
2019-06-28 09:38:40.000000000,100092,282,100070,282,100102,282,100051,282,100115,100,100000,100,100122,100,99997,100,100127,100,99964,100,100134,100,99947,100,100148,100,99940,100,100150,100,99939,100,100173,100,99932,100,100257,100,99922,100
2019-06-28 09:38:50.000000000,100092,282,100070,282,100102,282,100051,282,100115,100,100000,100,100122,100,99997,100,100127,100,99964,100,100134,100,99947,100,100148,100,99940,100,100150,100,99939,100,100173,100,99932,100,100257,100,99922,100
2019-06-28 09:39:00.000000000,100092,191,100070,191,100102,191,100051,191,100115,191,100000,191,100122,191,99997,191,100127,100,99964,100,100134,100,99947,100,100148,100,99940,100,100150,100,99939,100,100173,100,99932,100,100257,100,99922,100
2019-06-28 09:39:10.000000000,100092,191,100070,191,100102,191,100051,191,100115,191,100000,191,100122,191,99997,191,100127,100,99964,100,100134,100,99947,100,100148,100,99940,100,100150,100,99939,100,100173,100,99932,100,100257,100,99922,100
2019-06-28 09:39:12.689476548,100092,191,100070,191,100102,191,100051,191,100115,191,100000,191,100122,191,99997,191,100127,100,99964,100,100134,100,99947,100,100148,100,99940,100,100150,100,99939,100,100173,100,99932,100,100257,100,99922,100
2019-06-28 09:39:18.271507875,100092,191,100070,191,100102,191,100051,191,100115,191,100002,100,100122,191,100000,191,100127,100,99997,191,100134,100,99964,100,100148,100,99947,100,100150,100,99940,100,100173,100,99939,100,100257,100,99932,100
2019-06-28 09:39:20.000000000,100092,223,100070,223,100102,220,100051,220,100115,220,100002,220,100122,100,100000,100,100127,100,99997,100,100134,100,99964,100,100148,100,99947,100,100150,100,99940,100,100173,100,99939,100,100257,100,99932,100
2019-06-28 09:39:30.000000000,100092,223,100070,223,100102,220,100051,220,100115,220,100002,220,100122,100,100000,100,100127,100,99997,100,100134,100,99964,100,100148,100,99947,100,100150,100,99940,100,100173,100,99939,100,100257,100,99932,100
2019-06-28 09:39:37.989287074,100092,223,100070,223,100102,220,100051,220,100115,220,100002,220,100122,100,100000,100,100127,100,99997,100,100134,100,99964,100,100148,100,99947,100,100150,100,99940,100,100173,100,99939,100,100257,100,99932,100
2019-06-28 09:39:40.000000000,100092,463,100070,463,100102,100,100051,100,100115,100,100002,100,100122,100,100000,100,100127,100,99997,100,100134,100,99964,100,100148,100,99947,100,100150,100,99940,100,100173,100,99939,100,100257,100,99932,100
2019-06-28 09:39:50.000000000,100092,173,100070,173,100102,173,100051,173,100115,173,100002,173,100122,173,100000,173,100127,173,99997,173,100134,100,99964,100,100148,100,99947,100,100150,100,99940,100,100173,100,99939,100,100257,100,99932,100
2019-06-28 09:39:51.574754081,100092,173,100070,173,100102,173,100051,173,100115,173,100002,173,100122,173,100000,173,100127,173,99997,173,100134,100,99964,100,100148,100,99947,100,100150,100,99940,100,100173,100,99939,100,100257,100,99932,100
2019-06-28 09:40:00.000000000,100092,282,100070,282,100102,282,100051,282,100115,100,100002,100,100122,100,100000,100,100127,100,99997,100,100134,100,99964,100,100148,100,99947,100,100150,100,99940,100,100173,100,99939,100,100257,100,99932,100
2019-06-28 09:40:10.000000000,100092,463,100070,463,100102,100,100051,100,100115,100,100002,100,100122,100,100000,100,100127,100,99997,100,100134,100,99964,100,100148,100,99947,100,100150,100,99940,100,100173,100,99939,100,100257,100,99932,100
2019-06-28 09:40:19.541938071,100092,463,100070,363,100102,100,100051,100,100115,100,100002,100,100122,100,100000,100,100127,100,99997,100,100134,100,99964,100,100148,100,99947,100,100150,100,99940,100,100173,100,99939,100,100257,100,99932,100
2019-06-28 09:40:20.000000000,100092,173,100051,173,100102,173,100002,173,100115,173,100000,173,100122,173,99997,173,100127,173,99964,173,100134,100,99947,100,100148,100,99940,100,100150,100,99939,100,100173,100,99932,100,100257,100,99922,100
2019-06-28 09:40:22.004304464,100092,173,100051,173,100102,173,100002,173,100115,173,100000,173,100122,173,99997,173,100127,173,99964,173,100134,100,99940,100,100148,100,99939,100,100150,100,99932,100,100159,100,99922,100,100173,100,99911,100
2019-06-28 09:40:30.000000000,100092,282,100051,282,100102,282,100002,282,100115,100,100000,100,100122,100,99997,100,100127,100,99964,100,100134,100,99940,100,100148,100,99939,100,100150,100,99932,100,100159,100,99922,100,100173,100,99911,100
2019-06-28 09:40:40.000000000,100092,173,100051,173,100102,173,100002,173,100115,173,100000,173,100122,173,99997,173,100127,173,99964,173,100134,100,99940,100,100148,100,99939,100,100150,100,99932,100,100159,100,99922,100,100173,100,99911,100
2019-06-28 09:40:40.449982504,100092,173,100071,100,100102,173,100051,173,100115,173,100002,173,100122,173,100000,173,100127,173,99997,173,100134,100,99964,173,100148,100,99940,100,100150,100,99939,100,100159,100,99932,100,100173,100,99922,100
2019-06-28 09:40:50.000000000,100092,282,100071,282,100102,282,100051,282,100115,100,100002,100,100122,100,100000,100,100127,100,99997,100,100134,100,99964,100,100148,100,99940,100,100150,100,99939,100,100159,100,99932,100,100173,100,99922,100
2019-06-28 09:40:58.478375240,100092,282,100071,282,100102,282,100051,282,100115,100,100002,100,100122,100,100000,100,100127,100,99997,100,100134,100,99964,100,100148,100,99940,100,100150,100,99939,100,100159,100,99932,100,100173,100,99922,100
2019-06-28 09:41:00.000000000,100092,282,100071,282,100102,282,100051,282,100115,100,100002,100,100122,100,100000,100,100127,100,99997,100,100134,100,99964,100,100148,100,99940,100,100150,100,99939,100,100159,100,99932,100,100173,100,99922,100
2019-06-28 09:41:10.000000000,100092,282,100071,282,100102,282,100051,282,100115,100,100002,100,100122,100,100000,100,100127,100,99997,100,100134,100,99964,100,100148,100,99940,100,100150,100,99939,100,100159,100,99932,100,100173,100,99922,100
2019-06-28 09:41:10.925278248,100092,282,100071,182,100102,282,100051,282,100115,100,100002,100,100122,100,100000,100,100127,100,99997,100,100134,100,99964,100,100148,100,99940,100,100150,100,99939,100,100159,100,99932,100,100173,100,99922,100
2019-06-28 09:41:12.406247602,100092,282,100072,100,100102,282,100071,182,100115,100,100051,182,100122,100,100002,100,100127,100,100000,100,100134,100,99997,100,100148,100,99964,100,100150,100,99940,100,100159,100,99939,100,100173,100,99932,100
2019-06-28 09:41:20.000000000,100092,282,100072,282,100102,282,100002,282,100115,100,100000,100,100122,100,99997,100,100127,100,99964,100,100134,100,99940,100,100148,100,99939,100,100150,100,99932,100,100159,100,99922,100,100173,100,99921,100
2019-06-28 09:41:29.607632688,100092,282,100072,182,100102,282,100002,282,100115,100,100000,100,100122,100,99997,100,100127,100,99964,100,100134,100,99940,100,100148,100,99939,100,100150,100,99932,100,100159,100,99922,100,100173,100,99921,100
2019-06-28 09:41:30.000000000,100092,282,100002,282,100102,282,100000,282,100115,100,99997,100,100122,100,99964,100,100127,100,99940,100,100134,100,99939,100,100148,100,99932,100,100150,100,99922,100,100159,100,99921,100,100173,100,99911,100
2019-06-28 09:41:40.000000000,100092,191,100002,191,100102,191,100000,191,100115,191,99997,191,100122,191,99964,191,100127,100,99940,100,100134,100,99939,100,100148,100,99932,100,100150,100,99922,100,100159,100,99921,100,100173,100,99911,100
2019-06-28 09:41:50.000000000,100092,191,100002,191,100102,191,100000,191,100115,191,99997,191,100122,191,99964,191,100127,100,99940,100,100134,100,99939,100,100148,100,99932,100,100150,100,99922,100,100159,100,99921,100,100173,100,99911,100
2019-06-28 09:42:00.000000000,100092,223,100002,223,100102,220,100000,220,100115,220,99997,220,100122,100,99964,100,100127,100,99940,100,100134,100,99939,100,100148,100,99932,100,100150,100,99922,100,100159,100,99921,100,100173,100,99911,100
2019-06-28 09:42:10.000000000,100092,463,100002,463,100102,100,100000,100,100115,100,99997,100,100122,100,99964,100,100127,100,99940,100,100134,100,99939,100,100148,100,99932,100,100150,100,99922,100,100159,100,99921,100,100173,100,99911,100
2019-06-28 09:42:10.321840780,100092,363,100002,463,100102,100,100000,100,100115,100,99997,100,100122,100,99964,100,100127,100,99940,100,100134,100,99939,100,100148,100,99932,100,100150,100,99922,100,100173,100,99921,100,100257,100,99911,100
2019-06-28 09:42:20.000000000,100102,191,100002,191,100115,191,100000,191,100122,191,99997,191,100127,191,99964,191,100134,100,99940,100,100148,100,99939,100,100150,100,99932,100,100173,100,99922,100,100257,100,99921,100,100674,100,99911,100
2019-06-28 09:42:30.000000000,100102,463,100002,463,100115,100,100000,100,100122,100,99997,100,100127,100,99964,100,100134,100,99940,100,100148,100,99939,100,100150,100,99932,100,100173,100,99922,100,100257,100,99921,100,100674,100,99911,100
2019-06-28 09:42:32.359458796,100102,463,100055,100,100115,100,100002,463,100122,100,100000,100,100127,100,99997,100,100134,100,99964,100,100148,100,99940,100,100173,100,99939,100,100257,100,99932,100,100674,100,99922,100,101283,100,99921,100
2019-06-28 09:42:40.000000000,100102,223,100055,223,100115,220,100002,220,100122,220,100000,220,100127,100,99997,100,100134,100,99964,100,100148,100,99940,100,100173,100,99939,100,100257,100,99932,100,100674,100,99922,100,101283,100,99921,100
2019-06-28 09:42:50.000000000,100102,282,100055,282,100115,282,100002,282,100122,100,100000,100,100127,100,99997,100,100134,100,99964,100,100148,100,99940,100,100173,100,99939,100,100257,100,99932,100,100674,100,99922,100,101283,100,99921,100
2019-06-28 09:43:00.000000000,100102,223,100055,223,100115,220,100002,220,100122,220,100000,220,100127,100,99997,100,100134,100,99964,100,100148,100,99940,100,100173,100,99939,100,100257,100,99932,100,100674,100,99922,100,101283,100,99921,100
2019-06-28 09:43:02.839097620,100102,223,100055,123,100115,220,100002,220,100122,220,100000,220,100127,100,99997,100,100134,100,99964,100,100148,100,99940,100,100173,100,99939,100,100257,100,99932,100,100674,100,99922,100,101283,100,99921,100
2019-06-28 09:43:09.002345286,100091,100,100055,123,100102,223,100002,220,100115,220,100000,220,100122,220,99997,100,100127,100,99964,100,100134,100,99940,100,100148,100,99939,100,100173,100,99932,100,100257,100,99922,100,100674,100,99921,100
2019-06-28 09:43:10.000000000,100091,463,100002,463,100102,100,100000,100,100115,100,99997,100,100122,100,99964,100,100127,100,99940,100,100134,100,99939,100,100148,100,99932,100,100173,100,99922,100,100257,100,99921,100,100674,100,99911,100
2019-06-28 09:43:20.000000000,100091,463,100002,463,100102,100,100000,100,100115,100,99997,100,100122,100,99964,100,100127,100,99940,100,100134,100,99939,100,100148,100,99932,100,100173,100,99922,100,100257,100,99921,100,100674,100,99911,100
2019-06-28 09:43:30.000000000,100091,191,100002,191,100102,191,100000,191,100115,191,99997,191,100122,191,99964,191,100127,100,99940,100,100134,100,99939,100,100148,100,99932,100,100173,100,99922,100,100257,100,99921,100,100674,100,99911,100
2019-06-28 09:43:40.000000000,100091,191,100002,191,100102,191,100000,191,100115,191,99997,191,100122,191,99964,191,100127,100,99940,100,100134,100,99939,100,100148,100,99932,100,100173,100,99922,100,100257,100,99921,100,100674,100,99911,100
2019-06-28 09:43:40.208704012,100091,191,100002,191,100102,191,100000,191,100115,191,99997,191,100122,191,99964,191,100127,100,99940,100,100134,100,99939,100,100148,100,99932,100,100173,100,99922,100,100257,100,99921,100,100375,100,99911,100
2019-06-28 09:43:40.595045910,100091,91,100002,191,100102,191,100000,191,100115,191,99997,191,100122,191,99964,191,100127,100,99940,100,100134,100,99939,100,100148,100,99932,100,100173,100,99922,100,100257,100,99921,100,100375,100,99911,100
2019-06-28 09:43:50.000000000,100102,463,100002,463,100115,100,100000,100,100122,100,99997,100,100127,100,99964,100,100134,100,99940,100,100148,100,99939,100,100173,100,99932,100,100257,100,99922,100,100375,100,99921,100,100674,100,99911,100
2019-06-28 09:43:57.481754342,100102,363,100002,463,100115,100,100000,100,100122,100,99997,100,100127,100,99964,100,100134,100,99940,100,100148,100,99939,100,100173,100,99932,100,100257,100,99922,100,100375,100,99921,100,100674,100,99911,100
2019-06-28 09:44:00.000000000,100115,191,100002,191,100122,191,100000,191,100127,191,99997,191,100134,191,99964,191,100148,100,99940,100,100173,100,99939,100,100257,100,99932,100,100375,100,99922,100,100674,100,99921,100,101283,100,99911,100
2019-06-28 09:44:10.000000000,100115,191,100002,191,100122,191,100000,191,100127,191,99997,191,100134,191,99964,191,100148,100,99940,100,100173,100,99939,100,100257,100,99932,100,100375,100,99922,100,100674,100,99921,100,101283,100,99911,100
2019-06-28 09:44:20.000000000,100115,463,100002,463,100122,100,100000,100,100127,100,99997,100,100134,100,99964,100,100148,100,99940,100,100173,100,99939,100,100257,100,99932,100,100375,100,99922,100,100674,100,99921,100,101283,100,99911,100
2019-06-28 09:44:30.000000000,100115,191,100002,191,100122,191,100000,191,100127,191,99997,191,100134,191,99964,191,100148,100,99940,100,100173,100,99939,100,100257,100,99932,100,100375,100,99922,100,100674,100,99921,100,101283,100,99911,100
2019-06-28 09:44:40.000000000,100115,463,100002,463,100122,100,100000,100,100127,100,99997,100,100134,100,99964,100,100148,100,99940,100,100173,100,99939,100,100257,100,99932,100,100375,100,99922,100,100674,100,99921,100,101283,100,99911,100
2019-06-28 09:44:41.518420534,100115,463,100091,100,100122,100,100002,463,100127,100,100000,100,100134,100,99997,100,100148,100,99964,100,100173,100,99940,100,100257,100,99939,100,100375,100,99932,100,100674,100,99922,100,101283,100,99921,100
2019-06-28 09:44:50.000000000,100115,282,100091,282,100122,282,100002,282,100127,100,100000,100,100134,100,99997,100,100148,100,99964,100,100173,100,99940,100,100257,100,99939,100,100375,100,99932,100,100674,100,99922,100,101283,100,99921,100
2019-06-28 09:44:53.360311369,100115,282,100091,282,100122,282,100002,282,100127,100,100000,100,100134,100,99997,100,100148,100,99964,100,100173,100,99940,100,100257,100,99939,100,100375,100,99932,100,100422,100,99922,100,100674,100,99921,100
2019-06-28 09:45:00.000000000,100115,191,100091,191,100122,191,100002,191,100127,191,100000,191,100134,191,99997,191,100148,100,99964,100,100173,100,99940,100,100257,100,99939,100,100375,100,99932,100,100422,100,99922,100,100674,100,99921,100
2019-06-28 09:45:10.000000000,100115,191,100091,191,100122,191,100002,191,100127,191,100000,191,100134,191,99997,191,100148,100,99964,100,100173,100,99940,100,100257,100,99939,100,100375,100,99932,100,100422,100,99922,100,100674,100,99921,100
2019-06-28 09:45:17.654565427,100115,91,100091,191,100122,191,100002,191,100127,191,100000,191,100134,191,99997,191,100148,100,99964,100,100173,100,99940,100,100257,100,99939,100,100422,100,99932,100,100674,100,99922,100,101283,100,99921,100
2019-06-28 09:45:20.000000000,100122,191,100091,191,100127,191,100002,191,100134,191,100000,191,100148,191,99997,191,100173,100,99964,100,100257,100,99940,100,100422,100,99939,100,100674,100,99932,100,101283,100,99922,100,,,99921,100
2019-06-28 09:45:30.000000000,100122,173,100091,173,100127,173,100002,173,100134,173,100000,173,100148,173,99997,173,100173,173,99964,173,100257,100,99940,100,100422,100,99939,100,100674,100,99932,100,101283,100,99922,100,,,99921,100
2019-06-28 09:45:40.000000000,100122,223,100091,223,100127,220,100002,220,100134,220,100000,220,100148,100,99997,100,100173,100,99964,100,100257,100,99940,100,100422,100,99939,100,100674,100,99932,100,101283,100,99922,100,,,99921,100
2019-06-28 09:45:50.000000000,100122,463,100091,463,100127,100,100002,100,100134,100,100000,100,100148,100,99997,100,100173,100,99964,100,100257,100,99940,100,100422,100,99939,100,100674,100,99932,100,101283,100,99922,100,,,99921,100
2019-06-28 09:45:51.948329656,100122,363,100091,463,100127,100,100002,100,100134,100,100000,100,100148,100,99997,100,100173,100,99964,100,100257,100,99940,100,100422,100,99939,100,100674,100,99932,100,101283,100,99922,100,,,99921,100
2019-06-28 09:46:00.000000000,100127,463,100091,463,100134,100,100002,100,100148,100,100000,100,100173,100,99997,100,100257,100,99964,100,100422,100,99940,100,100674,100,99939,100,101283,100,99932,100,,,99922,100,,,99921,100
2019-06-28 09:46:10.000000000,100127,282,100091,282,100134,282,100002,282,100148,100,100000,100,100173,100,99997,100,100257,100,99964,100,100422,100,99940,100,100674,100,99939,100,101283,100,99932,100,,,99922,100,,,99921,100
2019-06-28 09:46:14.787060342,100127,182,100091,282,100134,282,100002,282,100148,100,100000,100,100173,100,99997,100,100257,100,99964,100,100422,100,99940,100,100674,100,99939,100,101283,100,99932,100,,,99922,100,,,99921,100
2019-06-28 09:46:20.000000000,100134,191,100091,191,100148,191,100002,191,100173,191,100000,191,100257,191,99997,191,100422,100,99964,100,100674,100,99940,100,101283,100,99939,100,,,99932,100,,,99922,100,,,99921,100
2019-06-28 09:46:30.000000000,100134,191,100091,191,100148,191,100002,191,100173,191,100000,191,100257,191,99997,191,100422,100,99964,100,100674,100,99940,100,101283,100,99939,100,,,99932,100,,,99922,100,,,99921,100
2019-06-28 09:46:40.000000000,100134,463,100091,463,100148,100,100002,100,100173,100,100000,100,100257,100,99997,100,100422,100,99964,100,100674,100,99940,100,101283,100,99939,100,,,99932,100,,,99922,100,,,99921,100
2019-06-28 09:46:50.000000000,100134,223,100091,223,100148,220,100002,220,100173,220,100000,220,100257,100,99997,100,100422,100,99964,100,100674,100,99940,100,101283,100,99939,100,,,99932,100,,,99922,100,,,99921,100
2019-06-28 09:46:51.866918291,100134,223,100091,223,100148,220,100002,220,100173,220,100000,220,100257,100,99997,100,100422,100,99964,100,100674,100,99940,100,100887,100,99939,100,101283,100,99932,100,,,99922,100,,,99921,100
2019-06-28 09:47:00.000000000,100134,173,100091,173,100148,173,100002,173,100173,173,100000,173,100257,173,99997,173,100422,173,99964,173,100674,100,99940,100,100887,100,99939,100,101283,100,99932,100,,,99922,100,,,99921,100
2019-06-28 09:47:04.298294661,100134,173,100122,100,100148,173,100091,173,100173,173,100002,173,100257,173,100000,173,100422,173,99997,173,100674,100,99964,173,100887,100,99940,100,101283,100,99939,100,,,99932,100,,,99922,100
2019-06-28 09:47:09.669915362,100134,173,100122,200,100148,173,100091,173,100173,173,100002,173,100257,173,100000,173,100422,173,99997,173,100674,100,99964,173,100887,100,99940,100,101283,100,99939,100,,,99932,100,,,99922,100
2019-06-28 09:47:10.000000000,100134,173,100122,273,100148,173,100091,173,100173,173,100002,173,100257,173,100000,173,100422,173,99997,173,100674,100,99964,100,100887,100,99940,100,101283,100,99939,100,,,99932,100,,,99922,100
2019-06-28 09:47:20.000000000,100134,173,100122,273,100148,173,100091,173,100173,173,100002,173,100257,173,100000,173,100422,173,99997,173,100674,100,99964,100,100887,100,99940,100,101283,100,99939,100,,,99932,100,,,99922,100
2019-06-28 09:47:20.569666814,100134,173,100122,373,100148,173,100091,173,100173,173,100002,173,100257,173,100000,173,100422,173,99997,173,100674,100,99964,100,100887,100,99940,100,101283,100,99939,100,,,99932,100,,,99922,100
2019-06-28 09:47:30.000000000,100134,223,100122,423,100148,220,100091,220,100173,220,100002,220,100257,100,100000,100,100422,100,99997,100,100674,100,99964,100,100887,100,99940,100,101283,100,99939,100,,,99932,100,,,99922,100
2019-06-28 09:47:40.000000000,100134,282,100122,482,100148,282,100091,282,100173,100,100002,100,100257,100,100000,100,100422,100,99997,100,100674,100,99964,100,100887,100,99940,100,101283,100,99939,100,,,99932,100,,,99922,100
2019-06-28 09:47:42.093715464,100134,182,100122,482,100148,282,100091,282,100173,100,100002,100,100257,100,100000,100,100422,100,99997,100,100674,100,99964,100,100887,100,99940,100,,,99939,100,,,99932,100,,,99922,100
2019-06-28 09:47:50.000000000,100148,223,100122,423,100173,220,100091,220,100257,220,100002,220,100422,100,100000,100,100674,100,99997,100,100887,100,99964,100,,,99940,100,,,99939,100,,,99932,100,,,99922,100
2019-06-28 09:47:53.246815166,100148,223,100122,423,100173,220,100091,220,100257,220,100002,220,100422,100,100000,100,100674,100,99997,100,100854,100,99940,100,100887,100,99939,100,,,99932,100,,,99922,100,,,99921,100
2019-06-28 09:48:00.000000000,100148,173,100122,373,100173,173,100091,173,100257,173,100002,173,100422,173,100000,173,100674,173,99997,173,100854,100,99940,100,100887,100,99939,100,,,99932,100,,,99922,100,,,99921,100
2019-06-28 09:48:10.000000000,100148,463,100122,663,100173,100,100091,100,100257,100,100002,100,100422,100,100000,100,100674,100,99997,100,100854,100,99940,100,100887,100,99939,100,,,99932,100,,,99922,100,,,99921,100
2019-06-28 09:48:20.000000000,100148,191,100122,391,100173,191,100091,191,100257,191,100002,191,100422,191,100000,191,100674,100,99997,100,100854,100,99940,100,100887,100,99939,100,,,99932,100,,,99922,100,,,99921,100
2019-06-28 09:48:21.191636404,100148,91,100122,391,100173,191,100091,191,100257,191,100002,191,100422,191,100000,191,100674,100,99997,100,100854,100,99940,100,100887,100,99939,100,,,99932,100,,,99922,100,,,99921,100
2019-06-28 09:48:21.698553962,100148,91,100122,391,100173,191,100091,191,100257,191,100002,191,100422,191,100000,191,100674,100,99997,100,100854,100,99940,100,100887,100,99932,100,101255,100,99922,100,,,99921,100,,,99911,100
2019-06-28 09:48:23.251508218,100173,191,100148,9,100257,191,100122,391,100422,191,100091,191,100674,100,100002,191,100854,100,100000,191,100887,100,99997,100,101255,100,99940,100,,,99932,100,,,99922,100,,,99921,100
2019-06-28 09:48:23.528873495,100173,91,100148,9,100257,191,100122,391,100422,191,100091,191,100674,100,100002,191,100854,100,100000,191,100887,100,99997,100,101255,100,99940,100,,,99932,100,,,99922,100,,,99921,100
2019-06-28 09:48:30.000000000,100257,223,100148,132,100422,220,100122,420,100674,220,100091,220,100854,100,100002,100,100887,100,100000,100,101255,100,99997,100,,,99940,100,,,99932,100,,,99922,100,,,99921,100
2019-06-28 09:48:34.785814862,100257,223,100148,232,100422,220,100122,420,100674,220,100091,220,100854,100,100002,100,100887,100,100000,100,101255,100,99997,100,,,99940,100,,,99932,100,,,99922,100,,,99921,100
2019-06-28 09:48:40.000000000,100257,173,100148,182,100422,173,100122,373,100674,173,100091,173,100854,173,100002,173,100887,173,100000,173,101255,100,99997,100,,,99940,100,,,99932,100,,,99922,100,,,99921,100
2019-06-28 09:48:49.518980860,100257,173,100148,282,100422,173,100122,373,100674,173,100091,173,100854,173,100002,173,100887,173,100000,173,101255,100,99997,100,,,99940,100,,,99932,100,,,99922,100,,,99921,100
2019-06-28 09:48:50.000000000,100257,223,100148,332,100422,220,100122,420,100674,220,100091,220,100854,100,100002,100,100887,100,100000,100,101255,100,99997,100,,,99940,100,,,99932,100,,,99922,100,,,99921,100
2019-06-28 09:48:53.910589288,100257,223,100148,332,100422,220,100122,420,100674,220,100091,220,100854,100,100002,100,100887,100,100000,100,101255,100,99997,100,101505,100,99940,100,,,99932,100,,,99922,100,,,99921,100
2019-06-28 09:48:57.715870012,100257,223,100148,323,100422,220,100122,420,100674,220,100091,220,100854,100,100002,100,100887,100,100000,100,101255,100,99997,100,101505,100,99940,100,101513,100,99932,100,,,99922,100,,,99921,100
2019-06-28 09:49:00.000000000,100257,282,100148,382,100422,282,100122,482,100674,100,100091,100,100854,100,100002,100,100887,100,100000,100,101255,100,99997,100,101505,100,99940,100,101513,100,99932,100,,,99922,100,,,99921,100
2019-06-28 09:49:05.303545047,100257,282,100148,482,100422,282,100122,482,100674,100,100091,100,100854,100,100002,100,100887,100,100000,100,101255,100,99997,100,101505,100,99940,100,101513,100,99932,100,,,99922,100,,,99921,100
2019-06-28 09:49:10.000000000,100257,282,100148,482,100422,282,100122,482,100674,100,100091,100,100854,100,100002,100,100887,100,100000,100,101255,100,99997,100,101505,100,99940,100,101513,100,99932,100,,,99922,100,,,99921,100
2019-06-28 09:49:20.000000000,100257,191,100148,391,100422,191,100122,391,100674,191,100091,191,100854,191,100002,191,100887,100,100000,100,101255,100,99997,100,101505,100,99940,100,101513,100,99932,100,,,99922,100,,,99921,100
2019-06-28 09:49:20.007930166,100257,191,100148,391,100422,191,100122,391,100674,191,100091,191,100854,191,100002,191,100887,100,100000,100,101255,100,99997,100,101333,100,99940,100,101505,100,99932,100,101513,100,99922,100,,,99921,100
2019-06-28 09:49:30.000000000,100257,191,100148,391,100422,191,100122,391,100674,191,100091,191,100854,191,100002,191,100887,100,100000,100,101255,100,99997,100,101333,100,99940,100,101505,100,99932,100,101513,100,99922,100,,,99921,100
2019-06-28 09:49:37.210539148,100257,91,100148,391,100422,191,100122,391,100674,191,100091,191,100854,191,100002,191,100887,100,100000,100,101255,100,99997,100,101333,100,99940,100,101505,100,99932,100,101513,100,99922,100,,,99921,100
2019-06-28 09:49:40.000000000,100422,191,100148,391,100674,191,100122,391,100854,191,100091,191,100887,191,100002,191,101255,100,100000,100,101333,100,99997,100,101505,100,99940,100,101513,100,99932,100,,,99922,100,,,99921,100
2019-06-28 09:49:50.000000000,100422,223,100148,423,100674,220,100122,420,100854,220,100091,220,100887,100,100002,100,101255,100,100000,100,101333,100,99997,100,101505,100,99940,100,101513,100,99932,100,,,99922,100,,,99921,100
2019-06-28 09:49:52.547960218,100422,223,100173,100,100674,220,100148,323,100854,220,100122,420,100887,100,100091,220,101255,100,100002,100,101333,100,100000,100,101505,100,99997,100,101513,100,99940,100,,,99932,100,,,99922,100
2019-06-28 09:49:58.510060548,100422,123,100173,100,100674,220,100148,323,100854,220,100122,420,100887,100,100091,220,101255,100,100002,100,101333,100,100000,100,101505,100,99997,100,101513,100,99940,100,,,99932,100,,,99922,100
2019-06-28 09:50:00.000000000,100674,173,100173,173,100854,173,100148,273,100887,173,100122,373,101255,173,100091,173,101333,173,100002,173,101505,100,100000,100,101513,100,99997,100,,,99940,100,,,99932,100,,,99922,100
2019-06-28 09:50:00.124819177,100674,73,100173,173,100854,173,100148,273,100887,173,100122,373,101255,173,100091,173,101333,173,100002,173,101505,100,100000,100,101513,100,99997,100,,,99940,100,,,99932,100,,,99922,100
2019-06-28 09:50:06.726292409,100674,73,100173,173,100854,173,100148,273,100887,173,100122,373,101255,173,100091,173,101333,173,100002,173,101447,100,100000,100,101505,100,99997,100,101513,100,99940,100,,,99932,100,,,99922,100
2019-06-28 09:50:06.762035276,100854,73,100674,27,100887,173,100173,173,101255,173,100148,273,101333,173,100122,373,101447,100,100091,173,101505,100,100002,173,101513,100,100000,100,,,99997,100,,,99940,100,,,99932,100
2019-06-28 09:50:10.000000000,100887,463,100674,390,101255,100,100173,100,101333,100,100148,200,101447,100,100122,300,101505,100,100091,100,101513,100,100002,100,,,100000,100,,,99997,100,,,99940,100,,,99932,100
2019-06-28 09:50:13.311032752,100887,463,100674,390,101255,100,100173,100,101333,100,100148,200,101447,100,100122,300,101505,100,100091,100,101513,100,100002,100,101589,100,100000,100,,,99997,100,,,99940,100,,,99932,100
2019-06-28 09:50:20.000000000,100887,191,100674,118,101255,191,100173,191,101333,191,100148,291,101447,191,100122,391,101505,100,100091,100,101513,100,100002,100,101589,100,100000,100,,,99997,100,,,99940,100,,,99932,100
2019-06-28 09:50:26.955670801,100887,191,100674,218,101255,191,100173,91,101333,191,100148,291,101447,191,100122,391,101505,100,100091,100,101513,100,100002,100,101589,100,100000,100,,,99997,100,,,99940,100,,,99932,100
2019-06-28 09:50:30.000000000,100887,191,100674,218,101255,191,100148,291,101333,191,100122,391,101447,191,100091,191,101505,100,100002,100,101513,100,100000,100,101589,100,99997,100,,,99940,100,,,99932,100,,,99922,100
2019-06-28 09:50:36.583647768,100887,91,100674,218,101255,191,100148,291,101333,191,100122,391,101447,191,100091,191,101505,100,100002,100,101513,100,100000,100,101589,100,99997,100,,,99940,100,,,99932,100,,,99922,100
2019-06-28 09:50:40.000000000,101255,463,100674,490,101333,100,100148,200,101447,100,100122,300,101505,100,100091,100,101513,100,100002,100,101589,100,100000,100,,,99997,100,,,99940,100,,,99932,100,,,99922,100
2019-06-28 09:50:50.000000000,101255,173,100674,200,101333,173,100148,273,101447,173,100122,373,101505,173,100091,173,101513,173,100002,173,101589,100,100000,100,,,99997,100,,,99940,100,,,99932,100,,,99922,100
2019-06-28 09:51:00.000000000,101255,223,100674,250,101333,220,100148,320,101447,220,100122,420,101505,100,100091,100,101513,100,100002,100,101589,100,100000,100,,,99997,100,,,99940,100,,,99932,100,,,99922,100
2019-06-28 09:51:10.000000000,101255,191,100674,218,101333,191,100148,291,101447,191,100122,391,101505,191,100091,191,101513,100,100002,100,101589,100,100000,100,,,99997,100,,,99940,100,,,99932,100,,,99922,100
2019-06-28 09:51:19.064682822,101255,91,100674,218,101333,191,100148,291,101447,191,100122,391,101505,191,100091,191,101513,100,100002,100,101589,100,100000,100,,,99997,100,,,99940,100,,,99932,100,,,99922,100
2019-06-28 09:51:20.000000000,101333,191,100674,218,101447,191,100148,291,101505,191,100122,391,101513,191,100091,191,101589,100,100002,100,,,100000,100,,,99997,100,,,99940,100,,,99932,100,,,99922,100
2019-06-28 09:51:30.000000000,101333,191,100674,218,101447,191,100148,291,101505,191,100122,391,101513,191,100091,191,101589,100,100002,100,,,100000,100,,,99997,100,,,99940,100,,,99932,100,,,99922,100
2019-06-28 09:51:40.000000000,101333,463,100674,490,101447,100,100148,200,101505,100,100122,300,101513,100,100091,100,101589,100,100002,100,,,100000,100,,,99997,100,,,99940,100,,,99932,100,,,99922,100
2019-06-28 09:51:50.000000000,101333,223,100674,250,101447,220,100148,320,101505,220,100122,420,101513,100,100091,100,101589,100,100002,100,,,100000,100,,,99997,100,,,99940,100,,,99932,100,,,99922,100
2019-06-28 09:51:50.154937008,101333,223,100674,250,101447,220,100148,320,101505,220,100122,420,101513,100,100091,100,101589,100,100002,100,101748,100,100000,100,,,99997,100,,,99940,100,,,99932,100,,,99922,100
2019-06-28 09:52:00.000000000,101333,191,100674,218,101447,191,100148,291,101505,191,100122,391,101513,191,100091,191,101589,100,100002,100,101748,100,100000,100,,,99997,100,,,99940,100,,,99932,100,,,99922,100
2019-06-28 09:52:02.078726514,101333,191,100674,218,101360,100,100148,291,101447,191,100122,391,101505,191,100091,191,101513,91,100002,100,101589,100,100000,100,101748,100,99997,100,,,99940,100,,,99932,100,,,99922,100
2019-06-28 09:52:07.406642683,101333,191,100674,218,101360,100,100148,291,101395,100,100122,391,101447,191,100091,191,101505,191,100002,100,101513,91,100000,100,101589,100,99997,100,101748,100,99940,100,,,99932,100,,,99922,100
2019-06-28 09:52:10.000000000,101333,173,100674,200,101360,173,100148,273,101395,173,100122,373,101447,173,100091,173,101505,173,100002,173,101589,100,100000,100,101748,100,99997,100,,,99940,100,,,99932,100,,,99922,100
2019-06-28 09:52:10.131190198,101333,173,100674,200,101360,173,100148,273,101395,173,100122,373,101447,173,100091,173,101449,100,100002,173,101505,173,100000,100,101589,100,99997,100,101748,100,99940,100,,,99932,100,,,99922,100
2019-06-28 09:52:20.000000000,101333,223,100674,250,101360,220,100148,320,101395,220,100122,420,101447,100,100091,100,101449,100,100002,100,101505,100,100000,100,101589,100,99997,100,101748,100,99940,100,,,99932,100,,,99922,100
2019-06-28 09:52:23.171860310,101333,223,100674,250,101360,220,100148,320,101395,120,100122,420,101447,100,100091,100,101449,100,100002,100,101505,100,100000,100,101589,100,99997,100,101663,100,99940,100,101748,100,99932,100,,,99922,100
2019-06-28 09:52:30.000000000,101333,223,100674,250,101360,220,100148,320,101447,220,100122,420,101449,100,100091,100,101505,100,100002,100,101589,100,100000,100,101663,100,99997,100,101748,100,99940,100,,,99932,100,,,99922,100
2019-06-28 09:52:40.000000000,101333,282,100674,309,101360,282,100148,382,101447,100,100122,300,101449,100,100091,100,101505,100,100002,100,101589,100,100000,100,101663,100,99997,100,101748,100,99940,100,,,99932,100,,,99922,100
2019-06-28 09:52:41.520420736,101333,282,100887,100,101360,282,100674,309,101447,100,100148,382,101449,100,100122,300,101505,100,100091,100,101589,100,100002,100,101663,100,100000,100,101748,100,99997,100,,,99940,100,,,99932,100
2019-06-28 09:52:42.440883824,101333,282,100887,100,101360,282,100784,100,101447,100,100674,309,101449,100,100148,382,101505,100,100122,300,101589,100,100091,100,101663,100,100002,100,101748,100,100000,100,,,99997,100,,,99940,100
2019-06-28 09:52:50.000000000,101333,173,100887,173,101360,173,100784,173,101447,173,100674,200,101449,173,100148,273,101505,173,100122,373,101589,100,100091,100,101663,100,100002,100,101748,100,100000,100,,,99997,100,,,99940,100
2019-06-28 09:52:59.972976083,101333,173,100887,173,101360,173,100852,100,101447,173,100784,173,101449,173,100674,200,101505,173,100148,273,101589,100,100122,373,101663,100,100091,100,101748,100,100000,100,,,99997,100,,,99940,100
2019-06-28 09:53:00.000000000,101333,282,100887,282,101360,282,100852,282,101447,100,100784,100,101449,100,100674,127,101505,100,100148,200,101589,100,100122,300,101663,100,100091,100,101748,100,100000,100,,,99997,100,,,99940,100
2019-06-28 09:53:07.922701377,100899,100,100887,282,101333,282,100852,282,101360,282,100674,127,101447,100,100148,200,101449,100,100122,300,101505,100,100091,100,101589,100,100000,100,101663,100,99997,100,101748,100,99940,100,,,99932,100
2019-06-28 09:53:10.000000000,100899,191,100887,191,101333,191,100852,191,101360,191,100674,218,101447,191,100148,291,101449,100,100122,300,101505,100,100091,100,101589,100,100000,100,101663,100,99997,100,101748,100,99940,100,,,99932,100
2019-06-28 09:53:20.000000000,100899,282,100887,282,101333,282,100852,282,101360,100,100674,127,101447,100,100148,200,101449,100,100122,300,101505,100,100091,100,101589,100,100000,100,101663,100,99997,100,101748,100,99940,100,,,99932,100
2019-06-28 09:53:29.449102012,100899,182,100887,282,101333,282,100852,282,101360,100,100674,127,101447,100,100148,200,101449,100,100122,300,101505,100,100091,100,101589,100,100000,100,101663,100,99997,100,101748,100,99940,100,,,99932,100
2019-06-28 09:53:30.000000000,101333,463,100887,463,101360,100,100852,100,101447,100,100674,127,101449,100,100148,200,101505,100,100122,300,101589,100,100091,100,101663,100,100000,100,101748,100,99997,100,,,99940,100,,,99932,100
2019-06-28 09:53:30.741296032,101333,463,100899,100,101360,100,100887,463,101447,100,100852,100,101449,100,100674,127,101505,100,100148,200,101589,100,100122,300,101663,100,100091,100,101748,100,100000,100,,,99997,100,,,99940,100
2019-06-28 09:53:40.000000000,101333,191,100899,191,101360,191,100887,191,101447,191,100852,191,101449,191,100674,218,101505,100,100148,200,101589,100,100122,300,101663,100,100091,100,101748,100,100000,100,,,99997,100,,,99940,100
2019-06-28 09:53:50.000000000,101333,463,100899,463,101360,100,100887,100,101447,100,100852,100,101449,100,100674,127,101505,100,100148,200,101589,100,100122,300,101663,100,100091,100,101748,100,100000,100,,,99997,100,,,99940,100
2019-06-28 09:54:00.000000000,101333,191,100899,191,101360,191,100887,191,101447,191,100852,191,101449,191,100674,218,101505,100,100148,200,101589,100,100122,300,101663,100,100091,100,101748,100,100000,100,,,99997,100,,,99940,100
2019-06-28 09:54:10.000000000,101333,282,100899,282,101360,282,100887,282,101447,100,100852,100,101449,100,100674,127,101505,100,100148,200,101589,100,100122,300,101663,100,100091,100,101748,100,100000,100,,,99997,100,,,99940,100
2019-06-28 09:54:20.000000000,101333,463,100899,463,101360,100,100887,100,101447,100,100852,100,101449,100,100674,127,101505,100,100148,200,101589,100,100122,300,101663,100,100091,100,101748,100,100000,100,,,99997,100,,,99940,100
2019-06-28 09:54:24.542315310,101333,463,100899,463,101360,100,100887,100,101447,100,100852,100,101449,100,100674,127,101505,100,100148,200,101589,100,100122,300,101663,100,100091,100,101748,100,99997,100,,,99940,100,,,99932,100
2019-06-28 09:54:30.000000000,101333,191,100899,191,101360,191,100887,191,101447,191,100852,191,101449,191,100674,218,101505,100,100148,200,101589,100,100122,300,101663,100,100091,100,101748,100,99997,100,,,99940,100,,,99932,100
2019-06-28 09:54:40.000000000,101333,282,100899,282,101360,282,100887,282,101447,100,100852,100,101449,100,100674,127,101505,100,100148,200,101589,100,100122,300,101663,100,100091,100,101748,100,99997,100,,,99940,100,,,99932,100
2019-06-28 09:54:50.000000000,101333,191,100899,191,101360,191,100887,191,101447,191,100852,191,101449,191,100674,218,101505,100,100148,200,101589,100,100122,300,101663,100,100091,100,101748,100,99997,100,,,99940,100,,,99932,100
2019-06-28 09:54:53.817713424,101333,191,100899,191,101360,191,100887,191,101447,191,100852,191,101449,191,100674,218,101505,100,100148,200,101589,100,100122,300,101663,100,100091,100,101748,100,100024,100,,,99997,100,,,99940,100
2019-06-28 09:54:58.475718637,101333,191,100899,191,101360,191,100887,191,101447,191,100852,191,101449,191,100674,218,101505,100,100245,100,101663,100,100148,200,101748,100,100122,300,,,100091,100,,,100024,100,,,99997,100
2019-06-28 09:55:00.000000000,101333,191,100899,191,101360,191,100887,191,101447,191,100852,191,101449,191,100674,218,101505,100,100245,100,101663,100,100148,200,101748,100,100122,300,,,100091,100,,,100024,100,,,99997,100
2019-06-28 09:55:10.000000000,101333,173,100899,173,101360,173,100887,173,101447,173,100852,173,101449,173,100674,200,101505,173,100245,173,101663,100,100148,200,101748,100,100122,300,,,100091,100,,,100024,100,,,99997,100
2019-06-28 09:55:10.312130293,101333,173,100899,73,101360,173,100887,173,101447,173,100852,173,101449,173,100674,200,101505,173,100245,173,101663,100,100148,200,101748,100,100122,300,,,100091,100,,,100024,100,,,99997,100
2019-06-28 09:55:19.402922159,101333,173,100899,73,101360,173,100887,173,101447,173,100852,173,101449,173,100674,200,101505,173,100245,173,101663,100,100148,200,,,100122,300,,,100091,100,,,100024,100,,,99997,100
2019-06-28 09:55:20.000000000,101333,463,100887,463,101360,100,100852,100,101447,100,100674,127,101449,100,100245,100,101505,100,100148,200,101663,100,100122,300,,,100091,100,,,100024,100,,,99997,100,,,99940,100
2019-06-28 09:55:20.672715111,101333,463,100887,363,101360,100,100852,100,101447,100,100674,127,101505,100,100245,100,101663,100,100148,200,,,100122,300,,,100091,100,,,100024,100,,,99997,100,,,99940,100
2019-06-28 09:55:27.976496166,101333,463,100887,263,101360,100,100852,100,101447,100,100674,127,101505,100,100245,100,101663,100,100148,200,,,100122,300,,,100091,100,,,100024,100,,,99997,100,,,99940,100
2019-06-28 09:55:29.776341292,101333,463,100887,163,101360,100,100852,100,101447,100,100674,127,101505,100,100245,100,101663,100,100148,200,,,100122,300,,,100091,100,,,100024,100,,,99997,100,,,99940,100
2019-06-28 09:55:30.000000000,101333,282,100852,282,101360,282,100674,309,101447,100,100245,100,101505,100,100148,200,101663,100,100122,300,,,100091,100,,,100024,100,,,99997,100,,,99940,100,,,99932,100
2019-06-28 09:55:38.538304697,101333,282,100852,282,101360,282,100674,309,101447,100,100245,100,101505,100,100148,200,101663,100,100122,300,,,100091,100,,,100024,100,,,99997,100,,,99932,100,,,99924,100
2019-06-28 09:55:40.000000000,101333,191,100852,191,101360,191,100674,218,101447,191,100245,191,101505,191,100148,291,101663,100,100122,300,,,100091,100,,,100024,100,,,99997,100,,,99932,100,,,99924,100
2019-06-28 09:55:40.294398260,101333,191,100852,191,101360,191,100674,218,101447,191,100245,191,101505,191,100148,291,101663,100,100122,300,,,100091,100,,,100024,100,,,99997,100,,,99932,100,,,99924,100
2019-06-28 09:55:49.270959506,101333,191,100852,191,101360,191,100674,218,101447,191,100245,191,101505,191,100148,291,101663,100,100122,300,,,100091,100,,,100024,100,,,99997,100,,,99932,100,,,99924,100
2019-06-28 09:55:50.000000000,101333,173,100852,173,101360,173,100674,200,101447,173,100245,173,101505,173,100148,273,101663,173,100122,373,,,100091,100,,,100024,100,,,99997,100,,,99932,100,,,99924,100
2019-06-28 09:56:00.000000000,101333,223,100852,223,101360,220,100674,247,101447,220,100245,220,101505,100,100148,200,101663,100,100122,300,,,100091,100,,,100024,100,,,99997,100,,,99932,100,,,99924,100
2019-06-28 09:56:10.000000000,101333,173,100852,173,101360,173,100674,200,101447,173,100245,173,101505,173,100148,273,101663,173,100122,373,,,100091,100,,,100024,100,,,99997,100,,,99932,100,,,99924,100
2019-06-28 09:56:12.441453609,101333,173,100852,73,101360,173,100674,200,101447,173,100245,173,101505,73,100148,273,101663,173,100122,373,,,100091,100,,,100024,100,,,99997,100,,,99932,100,,,99924,100
2019-06-28 09:56:20.000000000,101333,223,100674,250,101360,220,100245,220,101447,220,100148,320,101663,100,100122,300,,,100091,100,,,100024,100,,,99997,100,,,99932,100,,,99924,100,,,99921,100
2019-06-28 09:56:30.000000000,101333,173,100674,200,101360,173,100245,173,101447,173,100148,273,101663,173,100122,373,101664,73,100091,173,,,100024,100,,,99997,100,,,99932,100,,,99924,100,,,99921,100
2019-06-28 09:56:40.000000000,101333,191,100674,218,101360,191,100245,191,101447,191,100148,291,101663,191,100122,391,,,100091,100,,,100024,100,,,99997,100,,,99932,100,,,99924,100,,,99921,100
2019-06-28 09:56:50.000000000,101333,282,100674,309,101360,282,100245,282,101447,100,100148,200,101663,100,100122,300,,,100091,100,,,100024,100,,,99997,100,,,99932,100,,,99924,100,,,99921,100
2019-06-28 09:56:50.941148561,100887,100,100674,309,101333,282,100245,282,101360,282,100148,200,101447,100,100122,300,101663,100,100091,100,,,100024,100,,,99997,100,,,99932,100,,,99924,100,,,99921,100
2019-06-28 09:57:00.000000000,100887,173,100674,200,101333,173,100245,173,101360,173,100148,273,101447,173,100122,373,101663,173,100091,173,,,100024,100,,,99997,100,,,99932,100,,,99924,100,,,99921,100
2019-06-28 09:57:08.021276972,100887,273,100674,200,101333,173,100245,173,101360,173,100148,173,101447,173,100122,373,101663,173,100091,173,,,100024,100,,,99997,100,,,99932,100,,,99924,100,,,99921,100
2019-06-28 09:57:08.130522977,100887,273,100674,100,101333,173,100245,173,101360,173,100148,173,101447,173,100122,373,101663,173,100091,173,,,100024,100,,,99997,100,,,99932,100,,,99924,100,,,99921,100
2019-06-28 09:57:10.000000000,100887,291,100674,118,101333,191,100245,191,101360,191,100148,191,101447,191,100122,391,101663,100,100091,100,,,100024,100,,,99997,100,,,99932,100,,,99924,100,,,99921,100
2019-06-28 09:57:17.721024352,100887,191,100674,118,101333,191,100245,191,101360,191,100148,191,101447,191,100122,391,101663,100,100091,100,,,100024,100,,,99997,100,,,99932,100,,,99924,100,,,99921,100
2019-06-28 09:57:20.000000000,100887,463,100674,390,101333,100,100245,100,101360,100,100148,100,101447,100,100122,300,101663,100,100091,100,,,100024,100,,,99997,100,,,99932,100,,,99924,100,,,99921,100
2019-06-28 09:57:22.406560541,100887,463,100674,390,101333,100,100245,100,101360,100,100206,100,101447,100,100148,100,101663,100,100122,300,,,100091,100,,,100024,100,,,99997,100,,,99932,100,,,99924,100
2019-06-28 09:57:25.422031001,100852,100,100674,390,100887,463,100245,100,101333,100,100206,100,101360,100,100148,100,101447,100,100122,300,101663,100,100091,100,,,100024,100,,,99997,100,,,99932,100,,,99924,100
2019-06-28 09:57:28.056131036,100852,100,100674,390,100887,463,100245,100,101333,100,100206,100,101360,100,100148,100,101447,100,100136,100,101663,100,100122,300,,,100091,100,,,100024,100,,,99997,100,,,99932,100
2019-06-28 09:57:30.000000000,100852,282,100674,209,100887,282,100245,282,101333,100,100206,100,101360,100,100148,100,101447,100,100136,100,101663,100,100122,300,,,100091,100,,,100024,100,,,99997,100,,,99932,100
2019-06-28 09:57:30.548371899,100852,282,100674,209,100887,282,100245,282,101333,100,100231,100,101360,100,100206,100,101447,100,100148,100,101663,100,100136,100,,,100122,300,,,100091,100,,,100024,100,,,99997,100
2019-06-28 09:57:38.205907106,100852,382,100674,209,100887,282,100245,282,101333,100,100231,100,101360,100,100206,100,101447,100,100148,100,101663,100,100136,100,,,100122,300,,,100091,100,,,100024,100,,,99997,100
2019-06-28 09:57:40.000000000,100852,382,100674,209,100887,282,100245,282,101333,100,100231,100,101360,100,100206,100,101447,100,100148,100,101663,100,100136,100,,,100122,300,,,100091,100,,,100024,100,,,99997,100
2019-06-28 09:57:50.000000000,100852,382,100674,209,100887,282,100245,282,101333,100,100231,100,101360,100,100206,100,101447,100,100148,100,101663,100,100136,100,,,100122,300,,,100091,100,,,100024,100,,,99997,100
2019-06-28 09:57:57.141378734,100852,482,100674,209,100887,282,100245,282,101333,100,100231,100,101360,100,100206,100,101447,100,100148,100,101663,100,100136,100,,,100122,300,,,100091,100,,,100024,100,,,99997,100
2019-06-28 09:58:00.000000000,100852,373,100674,100,100887,173,100245,173,101333,173,100231,173,101360,173,100206,173,101447,173,100148,173,101663,100,100136,100,,,100122,300,,,100091,100,,,100024,100,,,99997,100
2019-06-28 09:58:00.991108793,100852,473,100674,100,100887,173,100245,173,101333,173,100231,173,101360,173,100206,173,101447,173,100148,173,101663,100,100136,100,,,100122,300,,,100091,100,,,100024,100,,,99997,100
2019-06-28 09:58:04.786518068,100852,473,100674,100,100887,173,100245,173,101333,173,100231,173,101360,173,100206,173,101447,173,100148,173,101663,100,100136,100,,,100122,300,,,100091,100,,,100024,100,,,99997,100
2019-06-28 09:58:10.000000000,100852,473,100674,100,100887,173,100245,173,101333,173,100231,173,101360,173,100206,173,101447,173,100148,173,101663,100,100136,100,,,100122,300,,,100091,100,,,100024,100,,,99997,100
2019-06-28 09:58:20.000000000,100852,582,100674,209,100887,282,100245,282,101333,100,100231,100,101360,100,100206,100,101447,100,100148,100,101663,100,100136,100,,,100122,300,,,100091,100,,,100024,100,,,99997,100
2019-06-28 09:58:26.973591214,100852,582,100674,209,100887,282,100245,282,101333,100,100231,100,101360,100,100148,100,101447,100,100136,100,101663,100,100122,300,,,100091,100,,,100024,100,,,99997,100,,,99932,100
2019-06-28 09:58:30.000000000,100852,582,100674,209,100887,282,100245,282,101333,100,100231,100,101360,100,100148,100,101447,100,100136,100,101663,100,100122,300,,,100091,100,,,100024,100,,,99997,100,,,99932,100
2019-06-28 09:58:30.616913632,100852,582,100674,209,100887,282,100245,282,101333,100,100231,100,101360,100,100148,100,101447,100,100136,100,,,100122,300,,,100091,100,,,100024,100,,,99997,100,,,99932,100
2019-06-28 09:58:40.000000000,100852,491,100674,118,100887,191,100245,191,101333,191,100231,191,101360,191,100148,191,101447,100,100136,100,,,100122,300,,,100091,100,,,100024,100,,,99997,100,,,99932,100
2019-06-28 09:58:45.357700810,100852,491,100674,118,100887,191,100245,191,101333,191,100231,191,101360,191,100148,191,101447,100,100136,100,,,100122,300,,,100091,100,,,100024,100,,,99997,100,,,99932,100
2019-06-28 09:58:50.000000000,100852,763,100674,390,100887,100,100245,100,101333,100,100231,100,101360,100,100148,100,101447,100,100136,100,,,100122,300,,,100091,100,,,100024,100,,,99997,100,,,99932,100
2019-06-28 09:58:52.543761745,100852,763,100674,390,100887,100,100245,100,101333,100,100231,100,101360,100,100148,100,101447,100,100136,100,,,100122,300,,,100091,100,,,100024,100,,,100011,100,,,99997,100
2019-06-28 09:58:56.998382385,100852,763,100674,390,100887,100,100245,100,101333,100,100231,100,101360,100,100148,100,,,100136,100,,,100122,300,,,100091,100,,,100024,100,,,100011,100,,,99997,100
2019-06-28 09:59:00.000000000,100852,473,100674,100,100887,173,100245,173,101333,173,100231,173,101360,173,100148,173,101361,73,100136,173,,,100122,300,,,100091,100,,,100024,100,,,100011,100,,,99997,100
2019-06-28 09:59:10.000000000,100852,763,100674,390,100887,100,100245,100,101333,100,100231,100,101360,100,100148,100,,,100136,100,,,100122,300,,,100091,100,,,100024,100,,,100011,100,,,99997,100
2019-06-28 09:59:20.000000000,100852,523,100674,150,100887,220,100245,220,101333,220,100231,220,101360,100,100148,100,,,100136,100,,,100122,300,,,100091,100,,,100024,100,,,100011,100,,,99997,100
2019-06-28 09:59:30.000000000,100852,523,100674,150,100887,220,100245,220,101333,220,100231,220,101360,100,100148,100,,,100136,100,,,100122,300,,,100091,100,,,100024,100,,,100011,100,,,99997,100
2019-06-28 09:59:40.000000000,100852,523,100674,150,100887,220,100245,220,101333,220,100231,220,101360,100,100148,100,,,100136,100,,,100122,300,,,100091,100,,,100024,100,,,100011,100,,,99997,100
2019-06-28 09:59:50.000000000,100852,763,100674,390,100887,100,100245,100,101333,100,100231,100,101360,100,100148,100,,,100136,100,,,100122,300,,,100091,100,,,100024,100,,,100011,100,,,99997,100
2019-06-28 09:59:59.605103645,100852,663,100674,390,100887,100,100245,100,101333,100,100231,100,101360,100,100148,100,,,100136,100,,,100122,300,,,100091,100,,,100024,100,,,100011,100,,,99997,100
2019-06-28 10:00:00.000000000,100852,373,100674,100,100887,173,100245,173,101333,173,100231,173,101360,173,100148,173,101361,73,100136,173,,,100122,300,,,100091,100,,,100024,100,,,100011,100,,,99997,100
2019-06-28 10:00:06.847968879,100852,273,100674,100,100887,173,100245,173,101333,173,100231,173,101360,173,100148,173,101361,73,100136,173,,,100122,300,,,100091,100,,,100024,100,,,100011,100,,,99997,100
2019-06-28 10:00:10.000000000,100852,323,100674,150,100887,220,100245,220,101333,220,100231,220,101360,100,100148,100,,,100136,100,,,100122,300,,,100091,100,,,100024,100,,,100011,100,,,99997,100
2019-06-28 10:00:20.000000000,100852,323,100674,150,100887,220,100245,220,101333,220,100231,220,101360,100,100148,100,,,100136,100,,,100122,300,,,100091,100,,,100024,100,,,100011,100,,,99997,100
2019-06-28 10:00:30.000000000,100852,323,100674,150,100887,220,100245,220,101333,220,100231,220,101360,100,100148,100,,,100136,100,,,100122,300,,,100091,100,,,100024,100,,,100011,100,,,99997,100
2019-06-28 10:00:33.011365217,100852,323,100674,150,100887,220,100245,220,101333,220,100231,220,101360,100,100148,100,,,100136,100,,,100122,300,,,100091,100,,,100024,100,,,99997,100,,,99932,100
2019-06-28 10:00:40.000000000,100852,323,100674,150,100887,220,100245,220,101333,220,100231,220,101360,100,100148,100,,,100136,100,,,100122,300,,,100091,100,,,100024,100,,,99997,100,,,99932,100
2019-06-28 10:00:44.184039847,100852,423,100674,123,100887,220,100245,220,101333,220,100231,220,101360,100,100148,100,,,100136,100,,,100122,300,,,100091,100,,,100024,100,,,99997,100,,,99932,100
2019-06-28 10:00:47.515117711,100852,423,100674,23,100887,220,100245,220,101333,220,100231,220,101360,100,100148,100,,,100136,100,,,100122,300,,,100091,100,,,100024,100,,,99997,100,,,99924,100
2019-06-28 10:00:50.000000000,100852,391,100245,191,100887,191,100231,191,101333,191,100148,191,101360,191,100136,191,,,100122,300,,,100091,100,,,100024,100,,,99997,100,,,99924,100,,,99911,100
2019-06-28 10:01:00.000000000,100852,373,100245,173,100887,173,100231,173,101333,173,100148,173,101360,173,100136,173,101361,73,100122,373,,,100091,100,,,100024,100,,,99997,100,,,99924,100,,,99911,100
2019-06-28 10:01:10.000000000,100852,423,100245,223,100887,220,100231,220,101333,220,100148,220,101360,100,100136,100,,,100122,300,,,100091,100,,,100024,100,,,99997,100,,,99924,100,,,99911,100
2019-06-28 10:01:19.734606677,100852,423,100245,123,100887,220,100231,220,101333,220,100148,220,101360,100,100136,100,,,100122,300,,,100091,100,,,100024,100,,,99997,100,,,99924,100,,,99911,100
2019-06-28 10:01:20.000000000,100852,391,100231,191,100887,191,100148,191,101333,191,100136,191,101360,191,100122,391,,,100091,100,,,100024,100,,,99997,100,,,99924,100,,,99911,100,,,99906,100
2019-06-28 10:01:27.740817745,100852,391,100231,191,100887,191,100148,191,101333,191,100136,191,101360,191,100122,291,,,100091,100,,,100024,100,,,99997,100,,,99924,100,,,99911,100,,,99906,100
2019-06-28 10:01:30.000000000,100852,391,100231,191,100887,191,100148,191,101333,191,100136,191,101360,191,100122,291,,,100091,100,,,100024,100,,,99997,100,,,99924,100,,,99911,100,,,99906,100
2019-06-28 10:01:40.000000000,100852,391,100231,191,100887,191,100148,191,101333,191,100136,191,101360,191,100122,291,,,100091,100,,,100024,100,,,99997,100,,,99924,100,,,99911,100,,,99906,100
2019-06-28 10:01:50.000000000,100852,391,100231,191,100887,191,100148,191,101333,191,100136,191,101360,191,100122,291,,,100091,100,,,100024,100,,,99997,100,,,99924,100,,,99911,100,,,99906,100
2019-06-28 10:01:58.272428630,100852,391,100231,191,100887,191,100148,191,101333,191,100136,191,101360,191,100122,291,,,100091,100,,,100024,100,,,99924,100,,,99911,100,,,99906,100,,,99902,100
2019-06-28 10:02:00.000000000,100852,423,100231,223,100887,220,100148,220,101333,220,100136,220,101360,100,100122,200,,,100091,100,,,100024,100,,,99924,100,,,99911,100,,,99906,100,,,99902,100
2019-06-28 10:02:07.483670374,100852,423,100231,223,100887,220,100148,220,101333,220,100136,220,101360,100,100122,200,,,100091,100,,,100024,100,,,99924,100,,,99916,100,,,99911,100,,,99906,100
2019-06-28 10:02:10.000000000,100852,663,100231,463,100887,100,100148,100,101333,100,100136,100,101360,100,100122,200,,,100091,100,,,100024,100,,,99924,100,,,99916,100,,,99911,100,,,99906,100
2019-06-28 10:02:20.000000000,100852,391,100231,191,100887,191,100148,191,101333,191,100136,191,101360,191,100122,291,,,100091,100,,,100024,100,,,99924,100,,,99916,100,,,99911,100,,,99906,100
2019-06-28 10:02:30.000000000,100852,663,100231,463,100887,100,100148,100,101333,100,100136,100,101360,100,100122,200,,,100091,100,,,100024,100,,,99924,100,,,99916,100,,,99911,100,,,99906,100
2019-06-28 10:02:40.000000000,100852,482,100231,282,100887,282,100148,282,101333,100,100136,100,101360,100,100122,200,,,100091,100,,,100024,100,,,99924,100,,,99916,100,,,99911,100,,,99906,100
2019-06-28 10:02:44.517628204,100674,100,100231,282,100852,482,100148,282,100887,282,100136,100,101333,100,100122,200,101360,100,100091,100,,,100024,100,,,99924,100,,,99916,100,,,99911,100,,,99906,100
2019-06-28 10:02:50.000000000,100674,282,100231,282,100852,482,100148,282,100887,100,100136,100,101333,100,100122,200,101360,100,100091,100,,,100024,100,,,99924,100,,,99916,100,,,99911,100,,,99906,100
2019-06-28 10:03:00.000000000,100674,191,100231,191,100852,391,100148,191,100887,191,100136,191,101333,191,100122,291,101360,100,100091,100,,,100024,100,,,99924,100,,,99916,100,,,99911,100,,,99906,100
2019-06-28 10:03:00.942090130,100674,291,100231,191,100852,391,100148,191,100887,191,100136,191,101333,191,100122,291,101360,100,100091,100,,,100024,100,,,99924,100,,,99916,100,,,99911,100,,,99906,100
2019-06-28 10:03:06.381191973,100674,391,100231,191,100852,391,100148,191,100887,191,100136,191,101333,191,100122,291,101360,100,100091,100,,,100024,100,,,99924,100,,,99916,100,,,99911,100,,,99906,100
2019-06-28 10:03:10.000000000,100674,423,100231,223,100852,420,100148,220,100887,220,100136,220,101333,100,100122,200,101360,100,100091,100,,,100024,100,,,99924,100,,,99916,100,,,99911,100,,,99906,100
2019-06-28 10:03:20.000000000,100674,482,100231,282,100852,482,100148,282,100887,100,100136,100,101333,100,100122,200,101360,100,100091,100,,,100024,100,,,99924,100,,,99916,100,,,99911,100,,,99906,100
2019-06-28 10:03:23.038851935,100674,482,100231,182,100852,482,100148,282,100887,100,100136,100,101333,100,100122,200,,,100091,100,,,100024,100,,,99924,100,,,99916,100,,,99911,100,,,99906,100
2019-06-28 10:03:30.000000000,100674,663,100148,463,100852,300,100136,100,100887,100,100122,200,101333,100,100091,100,,,100024,100,,,99924,100,,,99916,100,,,99911,100,,,99906,100,,,99902,100
2019-06-28 10:03:30.593981373,100674,663,100148,363,100852,300,100136,100,100887,100,100122,200,101333,100,100091,100,,,100024,100,,,99924,100,,,99911,100,,,99906,100,,,99902,100,,,99900,100
2019-06-28 10:03:40.000000000,100674,663,100136,463,100852,300,100122,200,100887,100,100091,100,101333,100,100024,100,,,99924,100,,,99911,100,,,99906,100,,,99902,100,,,99900,100,,,99869,100
2019-06-28 10:03:50.000000000,100674,423,100136,223,100852,420,100122,320,100887,220,100091,220,101333,100,100024,100,,,99924,100,,,99911,100,,,99906,100,,,99902,100,,,99900,100,,,99869,100
2019-06-28 10:03:58.599282019,100674,423,100136,123,100852,420,100122,320,100887,220,100091,220,101333,100,100024,100,,,99924,100,,,99911,100,,,99906,100,,,99902,100,,,99900,100,,,99869,100
2019-06-28 10:04:00.000000000,100674,482,100122,382,100852,482,100091,282,100887,100,100024,100,101333,100,99924,100,,,99911,100,,,99906,100,,,99902,100,,,99900,100,,,99869,100,,,99862,100
2019-06-28 10:04:10.000000000,100674,482,100122,382,100852,482,100091,282,100887,100,100024,100,101333,100,99924,100,,,99911,100,,,99906,100,,,99902,100,,,99900,100,,,99869,100,,,99862,100
2019-06-28 10:04:10.959854648,100148,100,100122,382,100674,482,100091,282,100852,482,100024,100,100887,100,99924,100,101333,100,99911,100,,,99906,100,,,99902,100,,,99900,100,,,99869,100,,,99862,100
2019-06-28 10:04:16.784343700,100139,100,100122,382,100148,100,100091,282,100674,482,100024,100,100852,482,99924,100,100887,100,99911,100,101333,100,99906,100,,,99902,100,,,99900,100,,,99869,100,,,99862,100
2019-06-28 10:04:20.000000000,100139,173,100122,273,100148,173,100091,173,100674,373,100024,173,100852,373,99924,173,100887,173,99911,173,101333,100,99906,100,,,99902,100,,,99900,100,,,99869,100,,,99862,100
2019-06-28 10:04:28.077920996,100139,73,100122,273,100148,173,100091,173,100674,373,100024,173,100852,373,99924,173,100887,173,99911,173,101333,100,99906,100,,,99902,100,,,99900,100,,,99869,100,,,99862,100
2019-06-28 10:04:28.309471971,100139,73,100122,273,100148,173,100091,173,100674,373,100024,173,100852,373,99924,173,100887,173,99911,173,101333,100,99906,100,101413,100,99902,100,,,99900,100,,,99869,100,,,99862,100
2019-06-28 10:04:30.000000000,100148,463,100122,563,100674,300,100091,100,100852,300,100024,100,100887,100,99924,100,101333,100,99911,100,101413,100,99906,100,,,99902,100,,,99900,100,,,99869,100,,,99862,100
2019-06-28 10:04:39.835744491,100148,463,100122,563,100674,300,100091,100,100852,300,100024,100,100887,100,99924,100,101333,100,99911,100,101413,100,99906,100,101475,100,99902,100,,,99900,100,,,99869,100,,,99862,100
2019-06-28 10:04:40.000000000,100148,191,100122,291,100674,391,100091,191,100852,391,100024,191,100887,191,99924,191,101333,100,99911,100,101413,100,99906,100,101475,100,99902,100,,,99900,100,,,99869,100,,,99862,100
2019-06-28 10:04:50.000000000,100148,173,100122,273,100674,373,100091,173,100852,373,100024,173,100887,173,99924,173,101333,173,99911,173,101413,100,99906,100,101475,100,99902,100,,,99900,100,,,99869,100,,,99862,100
2019-06-28 10:05:00.000000000,100148,191,100122,291,100674,391,100091,191,100852,391,100024,191,100887,191,99924,191,101333,100,99911,100,101413,100,99906,100,101475,100,99902,100,,,99900,100,,,99869,100,,,99862,100
2019-06-28 10:05:04.077156830,100148,191,100137,100,100674,391,100122,191,100852,391,100091,191,100887,191,100024,191,101333,100,99924,191,101413,100,99911,100,101475,100,99906,100,,,99902,100,,,99900,100,,,99869,100
2019-06-28 10:05:10.000000000,100148,282,100137,282,100674,482,100122,282,100852,300,100091,100,100887,100,100024,100,101333,100,99924,100,101413,100,99911,100,101475,100,99906,100,,,99902,100,,,99900,100,,,99869,100
2019-06-28 10:05:20.000000000,100148,282,100137,282,100674,482,100122,282,100852,300,100091,100,100887,100,100024,100,101333,100,99924,100,101413,100,99911,100,101475,100,99906,100,,,99902,100,,,99900,100,,,99869,100
2019-06-28 10:05:26.067848780,100148,182,100137,282,100674,482,100122,282,100852,300,100091,100,100887,100,100024,100,101333,100,99924,100,101413,100,99911,100,101475,100,99906,100,,,99902,100,,,99900,100,,,99869,100
2019-06-28 10:05:27.795114039,100148,182,100137,282,100674,482,100122,282,100852,300,100091,100,100887,100,100024,100,100935,100,99924,100,101333,100,99911,100,101413,100,99906,100,101475,100,99902,100,,,99900,100,,,99869,100
2019-06-28 10:05:29.022177547,100148,182,100139,100,100674,482,100137,282,100852,300,100122,282,100887,100,100091,100,100935,100,100024,100,101333,100,99924,100,101413,100,99911,100,101475,100,99906,100,,,99902,100,,,99900,100
2019-06-28 10:05:30.000000000,100674,373,100139,173,100852,373,100137,173,100887,173,100122,173,100935,173,100091,173,101333,173,100024,173,101413,100,99924,100,101475,100,99911,100,,,99906,100,,,99902,100,,,99900,100
2019-06-28 10:05:40.000000000,100674,391,100139,191,100852,391,100137,191,100887,191,100122,191,100935,191,100091,191,101333,100,100024,100,101413,100,99924,100,101475,100,99911,100,,,99906,100,,,99902,100,,,99900,100
2019-06-28 10:05:50.000000000,100674,482,100139,282,100852,482,100137,282,100887,100,100122,100,100935,100,100091,100,101333,100,100024,100,101413,100,99924,100,101475,100,99911,100,,,99906,100,,,99902,100,,,99900,100
2019-06-28 10:05:53.652707112,100674,482,100544,100,100852,482,100139,282,100887,100,100137,282,100935,100,100122,100,101333,100,100091,100,101413,100,100024,100,101475,100,99924,100,,,99911,100,,,99906,100,,,99902,100
2019-06-28 10:06:00.000000000,100674,391,100544,191,100852,391,100139,191,100887,191,100137,191,100935,191,100122,191,101333,100,100091,100,101413,100,100024,100,101475,100,99924,100,,,99911,100,,,99906,100,,,99902,100
2019-06-28 10:06:10.000000000,100674,391,100544,191,100852,391,100139,191,100887,191,100137,191,100935,191,100122,191,101333,100,100091,100,101413,100,100024,100,101475,100,99924,100,,,99911,100,,,99906,100,,,99902,100
2019-06-28 10:06:18.060370217,100674,391,100544,191,100852,391,100139,191,100866,100,100137,191,100887,191,100122,191,100935,191,100091,100,101333,100,100024,100,101413,100,99924,100,101475,100,99911,100,,,99906,100,,,99902,100
2019-06-28 10:06:20.000000000,100674,373,100544,173,100852,373,100139,173,100866,173,100137,173,100887,173,100122,173,100935,173,100091,173,101333,100,100024,100,101413,100,99924,100,101475,100,99911,100,,,99906,100,,,99902,100
2019-06-28 10:06:30.000000000,100674,373,100544,173,100852,373,100139,173,100866,173,100137,173,100887,173,100122,173,100935,173,100091,173,101333,100,100024,100,101413,100,99924,100,101475,100,99911,100,,,99906,100,,,99902,100
2019-06-28 10:06:40.000000000,100674,373,100544,173,100852,373,100139,173,100866,173,100137,173,100887,173,100122,173,100935,173,100091,173,101333,100,100024,100,101413,100,99924,100,101475,100,99911,100,,,99906,100,,,99902,100
2019-06-28 10:06:42.057237367,100674,373,100544,73,100852,373,100139,173,100866,173,100137,173,100887,173,100122,173,100935,173,100091,173,100962,100,100024,100,101333,100,99924,100,101413,100,99911,100,101475,100,99906,100,,,99902,100
2019-06-28 10:06:45.710071509,100674,373,100544,73,100852,373,100139,273,100866,173,100137,173,100887,173,100122,173,100935,173,100091,173,100962,100,100024,100,101333,100,99924,100,101413,100,99911,100,101475,100,99906,100,,,99902,100
2019-06-28 10:06:45.764990235,100674,373,100544,73,100852,373,100139,273,100866,173,100137,173,100887,173,100122,173,100914,100,100091,173,100935,173,100024,100,100962,100,99924,100,101333,100,99911,100,101413,100,99906,100,101475,100,99902,100
2019-06-28 10:06:50.000000000,100674,423,100139,323,100852,420,100137,220,100866,220,100122,220,100887,100,100091,100,100914,100,100024,100,100935,100,99924,100,100962,100,99911,100,101333,100,99906,100,101413,100,99902,100,101475,100,99900,100
2019-06-28 10:06:59.739788129,100674,423,100407,100,100852,420,100139,323,100866,220,100137,220,100887,100,100122,220,100914,100,100091,100,100935,100,100024,100,100962,100,99924,100,101333,100,99911,100,101413,100,99906,100,101475,100,99902,100
2019-06-28 10:07:00.000000000,100674,663,100407,463,100852,300,100139,200,100866,100,100137,100,100887,100,100122,100,100914,100,100091,100,100935,100,100024,100,100962,100,99924,100,101333,100,99911,100,101413,100,99906,100,101475,100,99902,100
2019-06-28 10:07:07.729666343,100674,663,100584,100,100852,300,100407,463,100866,100,100139,200,100887,100,100137,100,100914,100,100122,100,100935,100,100091,100,100962,100,100024,100,101333,100,99924,100,101413,100,99911,100,101475,100,99906,100
2019-06-28 10:07:10.000000000,100674,423,100584,223,100852,420,100407,220,100866,220,100139,320,100887,100,100137,100,100914,100,100122,100,100935,100,100091,100,100962,100,100024,100,101333,100,99924,100,101413,100,99911,100,101475,100,99906,100
2019-06-28 10:07:20.000000000,100674,391,100584,191,100852,391,100407,191,100866,191,100139,291,100887,191,100137,191,100914,100,100122,100,100935,100,100091,100,100962,100,100024,100,101333,100,99924,100,101413,100,99911,100,101475,100,99906,100
2019-06-28 10:07:29.413339443,100674,391,100584,191,100852,391,100407,191,100860,100,100139,291,100866,191,100137,191,100887,191,100122,100,100914,100,100091,100,100935,100,100024,100,100962,100,99924,100,101333,100,99911,100,101475,100,99906,100
2019-06-28 10:07:30.000000000,100674,482,100584,282,100852,482,100407,282,100860,100,100139,200,100866,100,100137,100,100887,100,100122,100,100914,100,100091,100,100935,100,100024,100,100962,100,99924,100,101333,100,99911,100,101475,100,99906,100
2019-06-28 10:07:35.842312755,100602,100,100584,282,100674,482,100407,282,100852,482,100139,200,100860,100,100137,100,100866,100,100122,100,100887,100,100091,100,100914,100,100024,100,100935,100,99924,100,100962,100,99911,100,101333,100,99906,100
2019-06-28 10:07:40.000000000,100602,282,100584,282,100674,482,100407,282,100852,300,100139,200,100860,100,100137,100,100866,100,100122,100,100887,100,100091,100,100914,100,100024,100,100935,100,99924,100,100962,100,99911,100,101333,100,99906,100
2019-06-28 10:07:43.379639362,100602,282,100584,282,100674,482,100407,282,100852,300,100139,200,100860,100,100137,100,100866,100,100091,100,100887,100,100024,100,100914,100,99924,100,100935,100,99911,100,100962,100,99906,100,101333,100,99902,100
2019-06-28 10:07:50.000000000,100602,282,100584,282,100674,482,100407,282,100852,300,100139,200,100860,100,100137,100,100866,100,100091,100,100887,100,100024,100,100914,100,99924,100,100935,100,99911,100,100962,100,99906,100,101333,100,99902,100
2019-06-28 10:07:50.955086657,100602,282,100584,282,100674,482,100407,282,100852,300,100139,200,100860,100,100091,100,100866,100,100024,100,100887,100,99924,100,100914,100,99911,100,100935,100,99906,100,100962,100,99902,100,101333,100,99900,100
2019-06-28 10:08:00.000000000,100602,223,100584,223,100674,420,100407,220,100852,420,100139,320,100860,100,100091,100,100866,100,100024,100,100887,100,99924,100,100914,100,99911,100,100935,100,99906,100,100962,100,99902,100,101333,100,99900,100
2019-06-28 10:08:04.909268761,100602,223,100584,223,100674,420,100523,100,100852,420,100407,220,100860,100,100139,320,100866,100,100091,100,100887,100,100024,100,100914,100,99924,100,100935,100,99911,100,101333,100,99906,100,101475,100,99902,100
2019-06-28 10:08:06.879691858,100602,223,100584,123,100674,420,100523,100,100852,420,100407,220,100860,100,100139,320,100866,100,100091,100,100887,100,100024,100,100914,100,99924,100,100935,100,99911,100,101333,100,99906,100,101475,100,99902,100
2019-06-28 10:08:10.000000000,100602,173,100523,173,100674,373,100407,173,100852,373,100139,273,100860,173,100091,173,100866,173,100024,173,100887,100,99924,100,100914,100,99911,100,100935,100,99906,100,101333,100,99902,100,101475,100,99900,100
2019-06-28 10:08:16.392581566,100602,173,100523,173,100674,373,100407,173,100852,373,100139,273,100860,173,100132,100,100866,173,100091,173,100887,100,100024,173,100914,100,99924,100,100935,100,99911,100,101333,100,99906,100,101475,100,99902,100
2019-06-28 10:08:20.000000000,100602,223,100523,223,100674,420,100407,220,100852,420,100139,320,100860,100,100132,100,100866,100,100091,100,100887,100,100024,100,100914,100,99924,100,100935,100,99911,100,101333,100,99906,100,101475,100,99902,100
2019-06-28 10:08:30.000000000,100602,191,100523,191,100674,391,100407,191,100852,391,100139,291,100860,191,100132,191,100866,100,100091,100,100887,100,100024,100,100914,100,99924,100,100935,100,99911,100,101333,100,99906,100,101475,100,99902,100
2019-06-28 10:08:36.877039559,100602,191,100523,91,100674,391,100407,191,100852,391,100139,291,100860,191,100132,191,100866,100,100091,100,100887,100,100024,100,100914,100,99924,100,100935,100,99911,100,101333,100,99906,100,101475,100,99902,100
2019-06-28 10:08:40.000000000,100602,173,100407,173,100674,373,100139,273,100852,373,100132,173,100860,173,100091,173,100866,173,100024,173,100887,100,99924,100,100914,100,99911,100,100935,100,99906,100,101333,100,99902,100,101475,100,99900,100
2019-06-28 10:08:42.782350801,100602,173,100407,73,100674,373,100139,273,100852,373,100132,173,100860,173,100091,173,100866,173,100024,173,100887,100,99924,100,100914,100,99911,100,100935,100,99906,100,101333,100,99902,100,101475,100,99900,100
2019-06-28 10:08:50.000000000,100602,223,100139,323,100674,420,100132,220,100852,420,100091,220,100860,100,100024,100,100866,100,99924,100,100887,100,99911,100,100914,100,99906,100,100935,100,99902,100,101333,100,99900,100,101475,100,99869,100
