,ask_price_1,ask_size_1,bid_price_1,bid_size_1,ask_price_2,ask_size_2,bid_price_2,bid_size_2,ask_price_3,ask_size_3,bid_price_3,bid_size_3,ask_price_4,ask_size_4,bid_price_4,bid_size_4,ask_price_5,ask_size_5,bid_price_5,bid_size_5,ask_price_6,ask_size_6,bid_price_6,bid_size_6,ask_price_7,ask_size_7,bid_price_7,bid_size_7,ask_price_8,ask_size_8,bid_price_8,bid_size_8,ask_price_9,ask_size_9,bid_price_9,bid_size_9,ask_price_10,ask_size_10,bid_price_10,bid_size_10
2019-06-28 09:30:00.000000001,100151,100,,,,,,,,,,,,,,,,,,,,,,,,,,,,,,,,,,,,,,
2019-06-28 09:30:00.000000002,100080,100,,,100151,100,,,,,,,,,,,,,,,,,,,,,,,,,,,,,,,,,,
2019-06-28 09:30:00.000000005,100080,100,99951,100,100151,100,,,,,,,,,,,,,,,,,,,,,,,,,,,,,,,,,,
2019-06-28 09:30:00.000000009,100080,100,99951,100,100151,100,99932,100,,,,,,,,,,,,,,,,,,,,,,,,,,,,,,,,
2019-06-28 09:30:00.000000012,100080,100,100039,100,100151,100,99951,100,,,99932,100,,,,,,,,,,,,,,,,,,,,,,,,,,,,
2019-06-28 09:30:00.000000013,100080,100,99951,100,100151,100,99932,100,,,99911,100,,,,,,,,,,,,,,,,,,,,,,,,,,,,
2019-06-28 09:30:00.000000015,100080,100,99932,100,100151,100,99911,100,,,,,,,,,,,,,,,,,,,,,,,,,,,,,,,,
2019-06-28 09:30:00.000000019,100080,100,99976,100,100151,100,99932,100,,,99911,100,,,,,,,,,,,,,,,,,,,,,,,,,,,,
2019-06-28 09:30:00.000000022,99976,100,99940,100,100080,100,99932,100,100151,100,99911,100,,,99905,100,,,99884,100,,,,,,,,,,,,,,,,,,,,
2019-06-28 09:30:00.000000023,99976,100,99951,100,100080,100,99940,100,100151,100,99932,100,,,99911,100,,,99905,100,,,99884,100,,,,,,,,,,,,,,,,
2019-06-28 09:30:00.000000025,99976,100,99951,200,100080,100,99940,100,100151,100,99932,100,,,99911,100,,,99905,100,,,99884,100,,,,,,,,,,,,,,,,
2019-06-28 09:30:00.000000030,100080,100,100000,100,100151,100,99951,200,,,99940,100,,,99932,100,,,99911,100,,,99905,100,,,99884,100,,,,,,,,,,,,
2019-06-28 09:30:00.000000033,100080,100,100000,100,100108,100,99952,100,100151,100,99951,200,,,99940,100,,,99932,100,,,99911,100,,,99905,100,,,99884,100,,,,,,,,
2019-06-28 09:30:00.000000035,100079,100,100000,100,100080,100,99952,100,100108,100,99951,200,100151,100,99940,100,,,99932,100,,,99911,100,,,99905,100,,,99884,100,,,,,,,,
2019-06-28 09:30:00.000000036,100069,100,100000,100,100079,100,99957,100,100080,100,99952,100,100108,100,99951,200,100136,100,99940,100,100151,100,99934,100,,,99932,100,,,99911,100,,,99905,100,,,99884,100
2019-06-28 09:30:00.000000038,100069,100,100000,100,100079,100,99957,100,100080,100,99952,100,100108,100,99951,200,100127,100,99940,100,100136,100,99934,100,100151,100,99932,100,,,99911,100,,,99905,100,,,99884,100
2019-06-28 09:30:00.000000040,100069,100,100000,100,100079,100,99957,100,100080,100,99952,100,100108,100,99951,200,100127,100,99940,100,100136,100,99934,100,100151,100,99932,100,,,99928,100,,,99911,100,,,99905,100
2019-06-28 09:30:00.000000043,100069,100,100000,100,100079,100,99957,100,100080,100,99952,100,100108,100,99951,200,100127,100,99940,100,100136,100,99934,100,100151,100,99932,100,,,99928,100,,,99911,100,,,99905,100
2019-06-28 09:30:00.000000047,100069,100,100000,100,100079,100,99957,100,100080,100,99952,100,100108,100,99951,200,100127,100,99940,100,100136,100,99934,100,100151,100,99932,100,,,99928,100,,,99911,100,,,99905,100
2019-06-28 09:30:00.000000048,100069,100,100000,100,100079,100,99957,100,100080,100,99952,100,100108,100,99951,200,100127,100,99940,100,100136,100,99934,100,100151,100,99932,100,100189,100,99928,100,,,99911,100,,,99905,100
2019-06-28 09:30:00.000000050,100069,100,99976,100,100079,100,99957,100,100080,100,99952,100,100108,100,99951,200,100127,100,99940,100,100136,100,99934,100,100151,100,99932,100,100189,100,99928,100,,,99911,100,,,99905,100
2019-06-28 09:30:00.000000051,100069,100,99976,100,100079,100,99957,100,100080,100,99952,100,100108,100,99951,200,100127,100,99940,100,100136,100,99934,100,100151,100,99932,100,100189,100,99928,100,,,99911,100,,,99905,100
2019-06-28 09:30:00.000000053,100069,100,99976,100,100079,100,99957,100,100080,100,99952,100,100108,100,99951,200,100127,100,99940,100,100136,100,99934,100,100151,100,99932,100,100189,100,99928,100,,,99911,100,,,99905,100
2019-06-28 09:30:00.000000054,100069,100,99976,200,100079,100,99957,100,100080,100,99952,100,100108,100,99951,200,100127,100,99940,100,100136,100,99934,100,100151,100,99932,100,100189,100,99928,100,,,99911,100,,,99905,100
2019-06-28 09:30:00.000000056,100069,100,99976,200,100072,100,99957,100,100079,100,99952,100,100080,100,99951,200,100108,100,99940,100,100127,100,99934,100,100136,100,99932,100,100151,100,99928,100,100189,100,99911,100,,,99905,100
2019-06-28 09:30:00.000000057,100069,100,99976,200,100072,100,99957,100,100079,100,99952,100,100080,100,99951,200,100108,100,99940,100,100127,100,99934,100,100136,100,99932,100,100151,100,99928,100,100189,100,99911,100,,,99905,100
2019-06-28 09:30:00.000000062,100069,100,99976,200,100072,100,99957,100,100079,100,99952,100,100080,100,99951,200,100108,100,99940,100,100127,100,99938,100,100136,100,99934,100,100151,100,99932,100,100189,100,99928,100,,,99911,100
2019-06-28 09:30:00.000000063,100069,100,99976,200,100072,100,99957,100,100079,100,99952,100,100080,100,99951,200,100108,100,99940,100,100127,100,99938,100,100136,100,99934,100,100151,100,99932,100,100189,100,99928,100,100239,100,99911,100
2019-06-28 09:30:00.000000064,100069,100,100008,100,100072,100,99976,200,100079,100,99957,100,100080,100,99952,100,100108,100,99951,200,100127,100,99940,100,100136,100,99938,100,100151,100,99934,100,100189,100,99932,100,100239,100,99928,100
2019-06-28 09:30:00.000000067,100069,100,100008,100,100072,100,99976,200,100079,100,99957,100,100080,100,99952,100,100088,100,99951,200,100108,100,99940,100,100127,100,99938,100,100136,100,99934,100,100151,100,99932,200,100189,100,99928,100
2019-06-28 09:30:00.000000072,100069,100,100008,100,100072,100,99976,300,100079,100,99957,100,100080,100,99952,100,100088,100,99951,200,100108,100,99940,100,100127,100,99938,100,100136,100,99934,100,100151,100,99932,200,100189,100,99928,100
2019-06-28 09:30:00.000000075,100069,100,99976,300,100072,100,99957,100,100079,100,99952,100,100080,100,99951,200,100088,100,99940,100,100108,100,99938,100,100127,100,99934,100,100136,100,99932,200,100151,100,99928,100,100189,100,99911,100
2019-06-28 09:30:00.000000076,100069,100,99976,300,100072,100,99957,100,100079,100,99952,100,100080,100,99951,200,100088,100,99940,100,100108,100,99938,100,100127,100,99934,100,100136,100,99932,200,100151,100,99928,100,100189,100,99911,100
2019-06-28 09:30:00.000000078,100060,100,99976,300,100069,100,99957,100,100072,100,99952,100,100079,100,99951,200,100080,100,99940,100,100088,100,99938,100,100108,100,99934,100,100127,100,99932,200,100136,100,99928,100,100151,100,99911,100
2019-06-28 09:30:00.000000079,100060,100,99976,300,100069,100,99957,100,100072,100,99952,100,100079,100,99951,200,100080,100,99940,100,100087,100,99938,100,100088,100,99934,100,100108,100,99932,200,100127,100,99928,100,100136,100,99911,100
2019-06-28 09:30:00.000000081,100060,100,99992,100,100069,100,99976,300,100072,100,99957,100,100079,100,99952,100,100080,100,99951,200,100087,100,99940,100,100088,100,99938,100,100108,100,99934,100,100127,100,99932,200,100136,100,99928,100
2019-06-28 09:30:00.000000082,100060,100,99992,100,100069,100,99980,100,100072,100,99976,300,100079,100,99957,100,100080,100,99952,100,100087,100,99951,200,100088,100,99940,100,100108,100,99938,100,100127,100,99934,100,100136,100,99932,200
2019-06-28 09:30:00.000000084,100060,100,99992,100,100069,100,99980,100,100072,100,99976,300,100079,100,99957,100,100080,100,99952,100,100087,100,99951,200,100088,100,99940,100,100108,100,99938,100,100127,100,99934,100,100136,100,99932,200
2019-06-28 09:30:00.000000088,100060,100,99992,100,100069,100,99980,100,100072,100,99976,300,100079,100,99957,100,100080,100,99952,100,100087,100,99951,200,100088,100,99949,100,100108,100,99940,100,100127,100,99938,100,100136,100,99934,100
2019-06-28 09:30:00.000000089,100060,100,99992,100,100069,100,99980,100,100072,100,99976,300,100079,100,99957,100,100080,100,99952,100,100087,100,99951,200,100088,100,99949,100,100108,100,99940,100,100127,100,99938,100,100136,100,99934,100
2019-06-28 09:30:00.000000090,100060,100,100040,100,100069,100,99992,100,100072,100,99980,100,100079,100,99976,300,100080,100,99957,100,100087,100,99952,100,100088,100,99951,200,100108,100,99949,100,100127,100,99948,100,100136,100,99940,100
2019-06-28 09:30:00.000000094,100060,100,100040,100,100069,100,99992,100,100072,100,99980,100,100079,100,99976,300,100080,100,99957,100,100087,100,99952,100,100088,100,99951,200,100108,100,99949,100,100127,100,99948,100,100136,100,99940,100
2019-06-28 09:30:00.000000097,100060,100,100040,100,100069,100,99992,100,100072,100,99980,100,100079,100,99976,300,100080,100,99958,100,100087,100,99957,100,100088,100,99952,100,100108,100,99951,200,100127,100,99949,100,100136,100,99948,100
2019-06-28 09:30:10.000000000,100060,483,100040,483,100069,100,99992,100,100072,100,99980,100,100079,100,99976,300,100080,100,99958,100,100087,100,99957,100,100088,100,99952,100,100108,100,99951,200,100127,100,99949,100,100136,100,99948,100
2019-06-28 09:30:20.000000000,100060,230,100040,230,100069,226,99992,226,100072,226,99980,226,100079,100,99976,300,100080,100,99958,100,100087,100,99957,100,100088,100,99952,100,100108,100,99951,200,100127,100,99949,100,100136,100,99948,100
2019-06-28 09:30:24.651413526,100060,230,100057,100,100069,226,100040,230,100072,226,99992,226,100079,100,99980,226,100080,100,99976,300,100087,100,99958,100,100088,100,99957,100,100127,100,99952,100,100136,100,99951,200,100151,100,99949,100
2019-06-28 09:30:30.000000000,100060,196,100057,196,100069,196,100040,196,100072,196,99992,196,100079,196,99980,196,100080,100,99976,300,100087,100,99958,100,100088,100,99957,100,100127,100,99952,100,100136,100,99951,200,100151,100,99949,100
2019-06-28 09:30:32.798181538,100060,196,100057,196,100069,196,100040,196,100072,196,100025,100,100079,196,99992,196,100080,100,99980,196,100087,100,99976,300,100088,100,99958,100,100127,100,99957,100,100136,100,99952,100,100151,100,99951,200
2019-06-28 09:30:40.000000000,100060,292,100057,292,100069,292,100040,292,100072,100,100025,100,100079,100,99992,100,100080,100,99980,100,100087,100,99976,300,100088,100,99958,100,100127,100,99957,100,100136,100,99952,100,100151,100,99951,200
2019-06-28 09:30:50.000000000,100060,196,100057,196,100069,196,100040,196,100072,196,100025,196,100079,196,99992,196,100080,100,99980,100,100087,100,99976,300,100088,100,99958,100,100127,100,99957,100,100136,100,99952,100,100151,100,99951,200
2019-06-28 09:30:52.171814010,100060,196,100057,196,100069,196,100040,196,100072,196,100025,196,100079,196,99992,196,100080,100,99980,100,100087,100,99976,300,100088,100,99958,100,100115,100,99957,100,100127,100,99952,100,100136,100,99951,200
2019-06-28 09:31:00.000000000,100060,196,100057,196,100069,196,100040,196,100072,196,100025,196,100079,196,99992,196,100080,100,99980,100,100087,100,99976,300,100088,100,99958,100,100115,100,99957,100,100127,100,99952,100,100136,100,99951,200
2019-06-28 09:31:01.932294493,100060,196,100057,196,100069,196,100040,196,100070,100,100025,196,100072,196,99992,196,100079,196,99980,100,100080,100,99976,300,100087,100,99957,100,100088,100,99952,100,100115,100,99951,200,100127,100,99949,100
2019-06-28 09:31:03.271686962,100060,196,100057,196,100069,196,100040,196,100070,100,100025,196,100072,196,99992,196,100079,196,99980,100,100080,100,99976,300,100087,100,99957,100,100088,100,99952,100,100115,100,99951,200,100127,100,99949,100
2019-06-28 09:31:10.000000000,100060,483,100057,483,100069,100,100040,100,100070,100,100025,100,100072,100,99992,100,100079,100,99980,100,100080,100,99976,300,100087,100,99957,100,100088,100,99952,100,100115,100,99951,200,100127,100,99949,100
2019-06-28 09:31:15.384380391,100060,483,100057,483,100069,100,100040,100,100070,100,100025,100,100072,100,99980,100,100079,100,99976,300,100080,100,99957,100,100087,100,99952,100,100088,100,99951,200,100115,100,99949,100,100127,100,99940,100
2019-06-28 09:31:20.000000000,100060,292,100057,292,100069,292,100040,292,100070,100,100025,100,100072,100,99980,100,100079,100,99976,300,100080,100,99957,100,100087,100,99952,100,100088,100,99951,200,100115,100,99949,100,100127,100,99940,100
2019-06-28 09:31:30.000000000,100060,177,100057,177,100069,177,100040,177,100070,177,100025,177,100072,177,99980,177,100079,177,99976,377,100080,100,99957,100,100087,100,99952,100,100088,100,99951,200,100115,100,99949,100,100127,100,99940,100
2019-06-28 09:31:40.000000000,100060,292,100057,292,100069,292,100040,292,100070,100,100025,100,100072,100,99980,100,100079,100,99976,300,100080,100,99957,100,100087,100,99952,100,100088,100,99951,200,100115,100,99949,100,100127,100,99940,100
2019-06-28 09:31:41.727633638,100060,292,100057,192,100069,292,100040,292,100070,100,100025,100,100072,100,99980,100,100079,100,99976,300,100080,100,99957,100,100087,100,99952,100,100088,100,99951,200,100115,100,99949,100,100127,100,99940,100
2019-06-28 09:31:45.133642263,100060,292,100057,92,100069,292,100040,292,100070,100,100025,100,100072,100,99980,100,100079,100,99976,300,100080,100,99952,100,100087,100,99951,200,100088,100,99949,100,100115,100,99940,100,100127,100,99938,100
2019-06-28 09:31:50.000000000,100060,177,100040,177,100069,177,100025,177,100070,177,99980,177,100072,177,99976,377,100079,177,99952,177,100080,100,99951,200,100087,100,99949,100,100088,100,99940,100,100115,100,99938,100,100127,100,99934,100
2019-06-28 09:32:00.000000000,100060,177,100040,177,100069,177,100025,177,100070,177,99980,177,100072,177,99976,377,100079,177,99952,177,100080,100,99951,200,100087,100,99949,100,100088,100,99940,100,100115,100,99938,100,100127,100,99934,100
2019-06-28 09:32:03.436624640,100057,100,100040,177,100060,177,100025,177,100069,177,99980,177,100070,177,99976,377,100072,177,99952,177,100079,177,99951,200,100080,100,99949,100,100087,100,99940,100,100088,100,99938,100,100115,100,99934,100
2019-06-28 09:32:05.666321851,100057,100,100040,177,100060,177,100025,177,100069,177,99980,177,100070,177,99976,377,100072,177,99952,177,100079,177,99951,200,100080,100,99949,100,100087,100,99940,100,100088,100,99938,100,100115,100,99934,100
2019-06-28 09:32:07.453584003,100057,200,100040,177,100060,177,100025,177,100069,177,99980,177,100070,177,99976,377,100072,177,99952,177,100079,177,99951,200,100080,100,99949,100,100087,100,99940,100,100088,100,99938,100,100115,100,99934,100
2019-06-28 09:32:10.000000000,100057,392,100040,292,100060,292,100025,292,100069,100,99980,100,100070,100,99976,300,100072,100,99952,100,100079,100,99951,200,100080,100,99949,100,100087,100,99940,100,100088,100,99938,100,100115,100,99934,100
2019-06-28 09:32:17.955741433,100057,392,100040,292,100060,292,100025,292,100069,100,99980,100,100070,100,99978,100,100072,100,99976,300,100079,100,99952,100,100080,100,99951,200,100087,100,99949,100,100088,100,99940,100,100115,100,99938,100
2019-06-28 09:32:20.000000000,100057,330,100040,230,100060,226,100025,226,100069,226,99980,226,100070,100,99978,100,100072,100,99976,300,100079,100,99952,100,100080,100,99951,200,100087,100,99949,100,100088,100,99940,100,100115,100,99938,100
2019-06-28 09:32:30.000000000,100057,330,100040,230,100060,226,100025,226,100069,226,99980,226,100070,100,99978,100,100072,100,99976,300,100079,100,99952,100,100080,100,99951,200,100087,100,99949,100,100088,100,99940,100,100115,100,99938,100
2019-06-28 09:32:40.000000000,100057,277,100040,177,100060,177,100025,177,100069,177,99980,177,100070,177,99978,177,100072,177,99976,377,100079,100,99952,100,100080,100,99951,200,100087,100,99949,100,100088,100,99940,100,100115,100,99938,100
2019-06-28 09:32:50.000000000,100057,392,100040,292,100060,292,100025,292,100069,100,99980,100,100070,100,99978,100,100072,100,99976,300,100079,100,99952,100,100080,100,99951,200,100087,100,99949,100,100088,100,99940,100,100115,100,99938,100
2019-06-28 09:33:00.000000000,100057,296,100040,196,100060,196,100025,196,100069,196,99980,196,100070,196,99978,196,100072,100,99976,300,100079,100,99952,100,100080,100,99951,200,100087,100,99949,100,100088,100,99940,100,100115,100,99938,100
2019-06-28 09:33:10.000000000,100057,277,100040,177,100060,177,100025,177,100069,177,99980,177,100070,177,99978,177,100072,177,99976,377,100079,100,99952,100,100080,100,99951,200,100087,100,99949,100,100088,100,99940,100,100115,100,99938,100
2019-06-28 09:33:10.429287923,100057,377,100040,177,100060,177,100025,177,100069,177,99980,177,100070,177,99978,177,100072,177,99976,377,100079,100,99952,100,100080,100,99951,200,100087,100,99949,100,100088,100,99940,100,100115,100,99938,100
2019-06-28 09:33:20.000000000,100057,430,100040,230,100060,226,100025,226,100069,226,99980,226,100070,100,99978,100,100072,100,99976,300,100079,100,99952,100,100080,100,99951,200,100087,100,99949,100,100088,100,99940,100,100115,100,99938,100
2019-06-28 09:33:29.174975921,100057,430,100040,130,100060,226,100025,226,100069,226,99980,226,100070,100,99978,100,100072,100,99976,300,100079,100,99952,100,100080,100,99951,200,100087,100,99949,100,100088,100,99940,100,100115,100,99938,100
2019-06-28 09:33:30.000000000,100057,430,100025,230,100060,226,99980,226,100069,226,99978,226,100070,100,99976,300,100072,100,99952,100,100079,100,99951,200,100080,100,99949,100,100087,100,99940,100,100088,100,99938,100,100115,100,99934,100
2019-06-28 09:33:34.292711485,100057,430,100025,230,100060,226,99980,226,100069,226,99978,226,100070,100,99976,300,100072,100,99951,200,100079,100,99949,100,100080,100,99940,100,100087,100,99938,100,100088,100,99934,100,100115,100,99932,200
2019-06-28 09:33:40.000000000,100057,683,100025,483,100060,100,99980,100,100069,100,99978,100,100070,100,99976,300,100072,100,99951,200,100079,100,99949,100,100080,100,99940,100,100087,100,99938,100,100088,100,99934,100,100115,100,99932,200
2019-06-28 09:33:48.079621586,100057,683,100025,383,100060,100,99980,100,100069,100,99978,100,100070,100,99976,300,100072,100,99951,200,100079,100,99949,100,100080,100,99940,100,100087,100,99938,100,100088,100,99934,100,100115,100,99932,200
2019-06-28 09:33:50.000000000,100057,683,99980,483,100060,100,99978,100,100069,100,99976,300,100070,100,99951,200,100072,100,99949,100,100079,100,99940,100,100080,100,99938,100,100087,100,99934,100,100088,100,99932,200,100115,100,99928,100
2019-06-28 09:34:00.000000000,100057,430,99980,230,100060,226,99978,226,100069,226,99976,426,100070,100,99951,200,100072,100,99949,100,100079,100,99940,100,100080,100,99938,100,100087,100,99934,100,100088,100,99932,200,100115,100,99928,100
2019-06-28 09:34:10.000000000,100057,377,99980,177,100060,177,99978,177,100069,177,99976,377,100070,177,99951,277,100072,177,99949,177,100079,100,99940,100,100080,100,99938,100,100087,100,99934,100,100088,100,99932,200,100115,100,99928,100
2019-06-28 09:34:20.000000000,100057,430,99980,230,100060,226,99978,226,100069,226,99976,426,100070,100,99951,200,100072,100,99949,100,100079,100,99940,100,100080,100,99938,100,100087,100,99934,100,100088,100,99932,200,100115,100,99928,100
2019-06-28 09:34:30.000000000,100057,430,99980,230,100060,226,99978,226,100069,226,99976,426,100070,100,99951,200,100072,100,99949,100,100079,100,99940,100,100080,100,99938,100,100087,100,99934,100,100088,100,99932,200,100115,100,99928,100
2019-06-28 09:34:31.286346441,100057,430,99980,230,100060,226,99978,226,100069,226,99976,426,100070,100,99951,200,100072,100,99949,100,100079,100,99940,100,100080,100,99938,100,100087,100,99934,100,100088,100,99932,200,100115,100,99928,100
2019-06-28 09:34:40.000000000,100057,430,99980,230,100060,226,99978,226,100069,226,99976,426,100070,100,99951,200,100072,100,99949,100,100079,100,99940,100,100080,100,99938,100,100087,100,99934,100,100088,100,99932,200,100115,100,99928,100
2019-06-28 09:34:50.000000000,100057,492,99980,292,100060,292,99978,292,100069,100,99976,300,100070,100,99951,200,100072,100,99949,100,100079,100,99940,100,100080,100,99938,100,100087,100,99934,100,100088,100,99932,200,100115,100,99928,100
2019-06-28 09:35:00.000000000,100057,396,99980,196,100060,196,99978,196,100069,196,99976,396,100070,196,99951,296,100072,100,99949,100,100079,100,99940,100,100080,100,99938,100,100087,100,99934,100,100088,100,99932,200,100115,100,99928,100
2019-06-28 09:35:10.000000000,100057,492,99980,292,100060,292,99978,292,100069,100,99976,300,100070,100,99951,200,100072,100,99949,100,100079,100,99940,100,100080,100,99938,100,100087,100,99934,100,100088,100,99932,200,100115,100,99928,100
2019-06-28 09:35:11.146746316,100057,492,99980,292,100060,292,99978,292,100069,100,99976,300,100070,100,99951,200,100072,100,99949,100,100079,100,99940,100,100080,100,99938,100,100087,100,99934,100,100088,100,99932,200,100115,100,99928,100
2019-06-28 09:35:15.778101080,100057,492,99980,292,100060,292,99978,292,100069,100,99976,300,100070,100,99951,200,100072,100,99949,100,100079,100,99940,100,100080,100,99938,100,100087,100,99934,100,100088,100,99932,200,100115,100,99928,100
2019-06-28 09:35:20.000000000,100057,396,99980,196,100060,196,99978,196,100069,196,99976,396,100070,196,99951,296,100072,100,99949,100,100079,100,99940,100,100080,100,99938,100,100087,100,99934,100,100088,100,99932,200,100115,100,99928,100
2019-06-28 09:35:24.469523867,100057,396,99980,96,100060,96,99978,196,100069,196,99976,396,100070,196,99951,296,100072,100,99949,100,100079,100,99940,100,100080,100,99938,100,100087,100,99934,100,100088,100,99932,200,100115,100,99928,100
2019-06-28 09:35:30.000000000,100057,377,99978,177,100069,177,99976,377,100070,177,99951,277,100072,177,99949,177,100079,177,99940,177,100080,100,99938,100,100087,100,99934,100,100088,100,99932,200,100115,100,99928,100,100127,100,99911,100
2019-06-28 09:35:30.554667961,100057,377,99978,177,100069,177,99976,377,100070,177,99951,277,100072,177,99949,177,100079,177,99940,177,100080,100,99938,100,100087,100,99934,100,100088,100,99932,200,100115,100,99928,100,100127,100,99911,100
2019-06-28 09:35:40.000000000,100057,683,99978,483,100069,100,99976,300,100070,100,99951,200,100072,100,99949,100,100079,100,99940,100,100080,100,99938,100,100087,100,99934,100,100088,100,99932,200,100115,100,99928,100,100127,100,99911,100
2019-06-28 09:35:50.000000000,100057,396,99978,196,100069,196,99976,396,100070,196,99951,296,100072,196,99949,196,100079,100,99940,100,100080,100,99938,100,100087,100,99934,100,100088,100,99932,200,100115,100,99928,100,100127,100,99911,100
2019-06-28 09:36:00.000000000,100057,683,99978,483,100069,100,99976,300,100070,100,99951,200,100072,100,99949,100,100079,100,99940,100,100080,100,99938,100,100087,100,99934,100,100088,100,99932,200,100115,100,99928,100,100127,100,99911,100
2019-06-28 09:36:03.116921618,100057,683,99978,383,100069,100,99976,300,100070,100,99951,200,100072,100,99949,100,100079,100,99940,100,100080,100,99938,100,100087,100,99934,100,100088,100,99932,100,100115,100,99928,100,100127,100,99911,100
2019-06-28 09:36:10.000000000,100057,683,99976,683,100069,100,99951,200,100070,100,99949,100,100072,100,99940,100,100079,100,99938,100,100080,100,99934,100,100087,100,99932,100,100088,100,99928,100,100115,100,99911,100,100127,100,99905,100
2019-06-28 09:36:20.000000000,100057,396,99976,396,100069,196,99951,296,100070,196,99949,196,100072,196,99940,196,100079,100,99938,100,100080,100,99934,100,100087,100,99932,100,100088,100,99928,100,100115,100,99911,100,100127,100,99905,100
2019-06-28 09:36:30.000000000,100057,396,99976,396,100069,196,99951,296,100070,196,99949,196,100072,196,99940,196,100079,100,99938,100,100080,100,99934,100,100087,100,99932,100,100088,100,99928,100,100115,100,99911,100,100127,100,99905,100
2019-06-28 09:36:34.309674199,100057,396,99976,396,100069,196,99951,296,100070,196,99949,196,100072,196,99940,196,100079,100,99938,100,100080,100,99934,100,100087,100,99932,100,100088,100,99928,100,100115,100,99911,100,100127,100,99905,100
2019-06-28 09:36:34.911955641,99980,100,99976,296,100057,396,99951,296,100069,196,99949,196,100070,196,99940,196,100072,196,99938,100,100079,100,99934,100,100080,100,99932,100,100087,100,99928,100,100088,100,99911,100,100115,100,99905,100
2019-06-28 09:36:40.000000000,99980,196,99976,296,100057,396,99951,296,100069,196,99949,196,100070,196,99940,196,100072,100,99938,100,100079,100,99934,100,100080,100,99932,100,100087,100,99928,100,100088,100,99911,100,100115,100,99905,100
2019-06-28 09:36:45.091773374,99980,196,99976,196,100057,396,99951,296,100069,196,99949,196,100070,196,99940,196,100072,100,99938,100,100079,100,99934,100,100080,100,99932,100,100087,100,99928,100,100088,100,99911,100,100115,100,99905,100
2019-06-28 09:36:50.000000000,99980,483,99976,483,100057,300,99951,200,100069,100,99949,100,100070,100,99940,100,100072,100,99938,100,100079,100,99934,100,100080,100,99932,100,100087,100,99928,100,100088,100,99911,100,100115,100,99905,100
2019-06-28 09:36:54.390594865,99980,483,99976,483,100057,300,99951,100,100069,100,99949,100,100070,100,99940,100,100072,100,99938,100,100079,100,99934,100,100080,100,99932,100,100087,100,99928,100,100088,100,99911,100,100115,100,99905,100
2019-06-28 09:37:00.000000000,99980,292,99976,292,100057,492,99951,292,100069,100,99949,100,100070,100,99940,100,100072,100,99938,100,100079,100,99934,100,100080,100,99932,100,100087,100,99928,100,100088,100,99911,100,100115,100,99905,100
2019-06-28 09:37:10.000000000,99980,292,99976,292,100057,492,99951,292,100069,100,99949,100,100070,100,99940,100,100072,100,99938,100,100079,100,99934,100,100080,100,99932,100,100087,100,99928,100,100088,100,99911,100,100115,100,99905,100
2019-06-28 09:37:20.000000000,99980,292,99976,292,100057,492,99951,292,100069,100,99949,100,100070,100,99940,100,100072,100,99938,100,100079,100,99934,100,100080,100,99932,100,100087,100,99928,100,100088,100,99911,100,100115,100,99905,100
2019-06-28 09:37:22.899570280,99980,292,99976,192,100057,492,99951,292,100069,100,99949,100,100070,100,99940,100,100072,100,99938,100,100079,100,99934,100,100080,100,99932,100,100087,100,99928,100,100088,100,99911,100,100115,100,99905,100
2019-06-28 09:37:29.970757593,99980,292,99976,92,100057,492,99951,292,100069,100,99949,100,100070,100,99940,100,100072,100,99938,100,100079,100,99934,100,100080,100,99932,100,100087,100,99928,100,100088,100,99911,100,100115,100,99905,100
2019-06-28 09:37:30.000000000,99980,230,99951,230,100057,426,99949,226,100069,226,99940,226,100070,100,99938,100,100072,100,99934,100,100079,100,99932,100,100080,100,99928,100,100087,100,99911,100,100088,100,99905,100,100115,100,99901,100
2019-06-28 09:37:40.000000000,99980,483,99951,483,100057,300,99949,100,100069,100,99940,100,100070,100,99938,100,100072,100,99934,100,100079,100,99932,100,100080,100,99928,100,100087,100,99911,100,100088,100,99905,100,100115,100,99901,100
2019-06-28 09:37:50.000000000,99980,177,99951,177,100057,377,99949,177,100069,177,99940,177,100070,177,99938,177,100072,177,99934,177,100079,100,99932,100,100080,100,99928,100,100087,100,99911,100,100088,100,99905,100,100115,100,99901,100
2019-06-28 09:38:00.000000000,99980,177,99951,177,100057,377,99949,177,100069,177,99940,177,100070,177,99938,177,100072,177,99934,177,100079,100,99932,100,100080,100,99928,100,100087,100,99911,100,100088,100,99905,100,100115,100,99901,100
2019-06-28 09:38:10.000000000,99980,177,99951,177,100057,377,99949,177,100069,177,99940,177,100070,177,99938,177,100072,177,99934,177,100079,100,99932,100,100080,100,99928,100,100087,100,99911,100,100088,100,99905,100,100115,100,99901,100
2019-06-28 09:38:20.000000000,99980,230,99951,230,100057,426,99949,226,100069,226,99940,226,100070,100,99938,100,100072,100,99934,100,100079,100,99932,100,100080,100,99928,100,100087,100,99911,100,100088,100,99905,100,100115,100,99901,100
2019-06-28 09:38:22.815425009,99976,100,99951,230,99980,230,99949,226,100057,426,99940,226,100069,226,99938,100,100070,100,99934,100,100072,100,99932,100,100079,100,99928,100,100080,100,99911,100,100087,100,99905,100,100088,100,99901,100
2019-06-28 09:38:30.000000000,99976,196,99951,196,99980,196,99949,196,100057,396,99940,196,100069,196,99938,196,100070,100,99934,100,100072,100,99932,100,100079,100,99928,100,100080,100,99911,100,100087,100,99905,100,100088,100,99901,100
2019-06-28 09:38:40.000000000,99976,196,99951,196,99980,196,99949,196,100057,396,99940,196,100069,196,99938,196,100070,100,99934,100,100072,100,99932,100,100079,100,99928,100,100080,100,99911,100,100087,100,99905,100,100088,100,99901,100
2019-06-28 09:38:50.000000000,99976,230,99951,230,99980,226,99949,226,100057,426,99940,226,100069,100,99938,100,100070,100,99934,100,100072,100,99932,100,100079,100,99928,100,100080,100,99911,100,100087,100,99905,100,100088,100,99901,100
2019-06-28 09:38:55.556954735,99976,230,99951,230,99980,226,99949,226,100057,426,99940,226,100069,100,99938,100,100070,100,99934,100,100072,100,99932,100,100079,100,99928,100,100080,100,99911,100,100087,100,99905,100,100088,100,99901,100
2019-06-28 09:39:00.000000000,99976,292,99951,292,99980,292,99949,292,100057,300,99940,100,100069,100,99938,100,100070,100,99934,100,100072,100,99932,100,100079,100,99928,100,100080,100,99911,100,100087,100,99905,100,100088,100,99901,100
2019-06-28 09:39:10.000000000,99976,177,99951,177,99980,177,99949,177,100057,377,99940,177,100069,177,99938,177,100070,177,99934,177,100072,100,99932,100,100079,100,99928,100,100080,100,99911,100,100087,100,99905,100,100088,100,99901,100
2019-06-28 09:39:20.000000000,99976,196,99951,196,99980,196,99949,196,100057,396,99940,196,100069,196,99938,196,100070,100,99934,100,100072,100,99932,100,100079,100,99928,100,100080,100,99911,100,100087,100,99905,100,100088,100,99901,100
2019-06-28 09:39:30.000000000,99976,483,99951,483,99980,100,99949,100,100057,300,99940,100,100069,100,99938,100,100070,100,99934,100,100072,100,99932,100,100079,100,99928,100,100080,100,99911,100,100087,100,99905,100,100088,100,99901,100
2019-06-28 09:39:40.000000000,99976,230,99951,230,99980,226,99949,226,100057,426,99940,226,100069,100,99938,100,100070,100,99934,100,100072,100,99932,100,100079,100,99928,100,100080,100,99911,100,100087,100,99905,100,100088,100,99901,100
2019-06-28 09:39:50.000000000,99976,483,99951,483,99980,100,99949,100,100057,300,99940,100,100069,100,99938,100,100070,100,99934,100,100072,100,99932,100,100079,100,99928,100,100080,100,99911,100,100087,100,99905,100,100088,100,99901,100
2019-06-28 09:39:53.984177145,99976,483,99951,483,99980,100,99949,100,100057,300,99940,100,100069,100,99938,100,100070,100,99934,100,100072,100,99932,100,100079,100,99928,100,100080,100,99911,100,100087,100,99905,100,100088,100,99901,100
2019-06-28 09:39:55.811688139,99976,483,99951,483,99980,100,99949,100,100057,300,99940,100,100069,100,99938,100,100070,100,99934,100,100072,100,99932,100,100079,100,99928,100,100080,100,99911,100,100087,100,99905,100,100088,100,99901,100
2019-06-28 09:40:00.000000000,99976,292,99951,292,99980,292,99949,292,100057,300,99940,100,100069,100,99938,100,100070,100,99934,100,100072,100,99932,100,100079,100,99928,100,100080,100,99911,100,100087,100,99905,100,100088,100,99901,100
2019-06-28 09:40:02.457272932,99976,292,99951,292,99980,292,99949,292,100057,200,99940,100,100069,100,99938,100,100070,100,99934,100,100072,100,99932,100,100079,100,99928,100,100080,100,99911,100,100087,100,99905,100,100088,100,99901,100
2019-06-28 09:40:07.484505619,99976,292,99951,292,99980,292,99949,292,100057,200,99940,100,100069,100,99938,100,100070,100,99934,100,100072,100,99932,100,100079,100,99928,100,100080,100,99911,100,100087,100,99905,100,100088,100,99900,100
2019-06-28 09:40:10.000000000,99976,230,99951,230,99980,226,99949,226,100057,326,99940,226,100069,100,99938,100,100070,100,99934,100,100072,100,99932,100,100079,100,99928,100,100080,100,99911,100,100087,100,99905,100,100088,100,99900,100
2019-06-28 09:40:15.777717972,99976,230,99951,130,99980,226,99949,226,100057,326,99940,226,100069,100,99938,100,100070,100,99934,100,100072,100,99932,100,100079,100,99928,100,100080,100,99911,100,100087,100,99905,100,100088,100,99900,100
2019-06-28 09:40:20.000000000,99976,292,99949,292,99980,292,99940,292,100057,200,99938,100,100069,100,99934,100,100070,100,99932,100,100072,100,99928,100,100079,100,99911,100,100080,100,99905,100,100087,100,99900,100,100088,100,99871,100
2019-06-28 09:40:21.985556275,99975,100,99949,292,99976,292,99940,292,99980,292,99938,100,100057,200,99934,100,100069,100,99932,100,100070,100,99928,100,100072,100,99911,100,100079,100,99905,100,100080,100,99900,100,100087,100,99871,100
2019-06-28 09:40:30.000000000,99975,292,99949,292,99976,292,99940,292,99980,100,99938,100,100057,200,99934,100,100069,100,99932,100,100070,100,99928,100,100072,100,99911,100,100079,100,99905,100,100080,100,99900,100,100087,100,99871,100
2019-06-28 09:40:37.155337722,99975,392,99949,292,99976,292,99940,292,99980,100,99938,100,100057,200,99934,100,100069,100,99932,100,100070,100,99928,100,100072,100,99911,100,100079,100,99905,100,100080,100,99900,100,100087,100,99871,100
2019-06-28 09:40:40.000000000,99975,330,99949,230,99976,226,99940,226,99980,226,99938,226,100057,200,99934,100,100069,100,99932,100,100070,100,99928,100,100072,100,99911,100,100079,100,99905,100,100080,100,99900,100,100087,100,99871,100
2019-06-28 09:40:50.000000000,99975,277,99949,177,99976,177,99940,177,99980,177,99938,177,100057,277,99934,177,100069,177,99932,177,100070,100,99928,100,100072,100,99911,100,100079,100,99905,100,100080,100,99900,100,100087,100,99871,100
2019-06-28 09:40:52.730031479,99975,277,99949,77,99976,177,99940,177,99980,177,99938,177,100057,277,99934,177,100069,77,99932,177,100070,100,99928,100,100072,100,99911,100,100079,100,99905,100,100080,100,99900,100,100087,100,99871,100
2019-06-28 09:41:00.000000000,99975,583,99940,483,99976,100,99938,100,99980,100,99934,100,100057,200,99932,100,100070,100,99928,100,100072,100,99911,100,100079,100,99905,100,100080,100,99900,100,100087,100,99871,100,100088,100,99843,100
2019-06-28 09:41:10.000000000,99975,330,99940,230,99976,226,99938,226,99980,226,99934,226,100057,200,99932,100,100070,100,99928,100,100072,100,99911,100,100079,100,99905,100,100080,100,99900,100,100087,100,99871,100,100088,100,99843,100
2019-06-28 09:41:20.000000000,99975,330,99940,230,99976,226,99938,226,99980,226,99934,226,100057,200,99932,100,100070,100,99928,100,100072,100,99911,100,100079,100,99905,100,100080,100,99900,100,100087,100,99871,100,100088,100,99843,100
2019-06-28 09:41:25.496863517,99975,330,99940,130,99976,226,99938,226,99980,226,99934,226,100057,200,99932,100,100070,100,99928,100,100072,100,99911,100,100079,100,99905,100,100080,100,99900,100,100087,100,99871,100,100088,100,99843,100
2019-06-28 09:41:30.000000000,99975,583,99938,483,99976,100,99934,100,99980,100,99932,100,100057,200,99928,100,100070,100,99911,100,100072,100,99905,100,100079,100,99900,100,100080,100,99871,100,100087,100,99843,100,100088,100,99228,100
2019-06-28 09:41:30.921535409,99949,100,99938,483,99975,583,99934,100,99976,100,99932,100,99980,100,99928,100,100057,100,99911,100,100070,100,99905,100,100072,100,99900,100,100079,100,99871,100,100080,100,99843,100,100087,100,99228,100
2019-06-28 09:41:31.577080795,99949,100,99938,483,99975,583,99934,100,99976,100,99932,100,99980,100,99928,100,100057,100,99911,100,100070,100,99905,100,100072,100,99900,100,100079,100,99871,100,100080,100,99843,100,100088,100,99228,100
2019-06-28 09:41:40.000000000,99949,196,99938,196,99975,296,99934,196,99976,196,99932,196,99980,196,99928,196,100057,100,99911,100,100070,100,99905,100,100072,100,99900,100,100079,100,99871,100,100080,100,99843,100,100088,100,99228,100
2019-06-28 09:41:50.000000000,99949,292,99938,292,99975,392,99934,292,99976,100,99932,100,99980,100,99928,100,100057,100,99911,100,100070,100,99905,100,100072,100,99900,100,100079,100,99871,100,100080,100,99843,100,100088,100,99228,100
2019-06-28 09:42:00.000000000,99949,292,99938,292,99975,392,99934,292,99976,100,99932,100,99980,100,99928,100,100057,100,99911,100,100070,100,99905,100,100072,100,99900,100,100079,100,99871,100,100080,100,99843,100,100088,100,99228,100
2019-06-28 09:42:09.256309264,99949,292,99938,292,99975,392,99934,292,99976,100,99932,100,99980,100,99928,100,100057,100,99911,100,100070,100,99905,100,100072,100,99900,100,100079,100,99843,100,100080,100,99228,100,100088,100,98927,100
2019-06-28 09:42:10.000000000,99949,196,99938,196,99975,296,99934,196,99976,196,99932,196,99980,196,99928,196,100057,100,99911,100,100070,100,99905,100,100072,100,99900,100,100079,100,99843,100,100080,100,99228,100,100088,100,98927,100
2019-06-28 09:42:16.945588017,99949,196,99938,96,99975,296,99934,196,99976,196,99932,196,99980,196,99928,196,100057,100,99911,100,100070,100,99905,100,100072,100,99900,100,100079,100,99843,100,100080,100,99228,100,100088,100,98927,100
2019-06-28 09:42:20.000000000,99949,292,99934,292,99975,392,99932,292,99976,100,99928,100,99980,100,99911,100,100057,100,99905,100,100070,100,99900,100,100072,100,99843,100,100079,100,99228,100,100080,100,98927,100,100088,100,98835,100
2019-06-28 09:42:30.000000000,99949,177,99934,177,99975,277,99932,177,99976,177,99928,177,99980,177,99911,177,100057,177,99905,177,100070,100,99900,100,100072,100,99843,100,100079,100,99228,100,100080,100,98927,100,100088,100,98835,100
2019-06-28 09:42:40.000000000,99949,177,99934,177,99975,277,99932,177,99976,177,99928,177,99980,177,99911,177,100057,177,99905,177,100070,100,99900,100,100072,100,99843,100,100079,100,99228,100,100080,100,98927,100,100088,100,98835,100
2019-06-28 09:42:45.996464912,99949,177,99934,77,99975,277,99932,177,99976,177,99928,177,99980,177,99911,177,100057,177,99905,177,100070,100,99900,100,100072,100,99843,100,100079,100,98927,100,100080,100,98835,100,100088,100,98798,100
2019-06-28 09:42:50.000000000,99949,483,99932,483,99975,200,99928,100,99976,100,99911,100,99980,100,99905,100,100057,100,99900,100,100070,100,99843,100,100072,100,98927,100,100079,100,98835,100,100080,100,98798,100,100088,100,98729,100
2019-06-28 09:42:57.710980759,99949,483,99932,383,99975,200,99928,100,99976,100,99911,100,99980,100,99905,100,100057,100,99900,100,100070,100,99843,100,100072,100,98927,100,100079,100,98835,100,100080,100,98798,100,100088,100,98729,100
2019-06-28 09:43:00.000000000,99949,483,99928,483,99975,200,99911,100,99976,100,99905,100,99980,100,99900,100,100057,100,99843,100,100070,100,98927,100,100072,100,98835,100,100079,100,98798,100,100080,100,98729,100,100088,100,98712,100
2019-06-28 09:43:05.392861532,99949,483,99928,483,99975,200,99911,100,99976,100,99905,100,100057,100,99900,100,100070,100,99843,100,100072,100,98927,100,100079,100,98835,100,100080,100,98798,100,100088,100,98729,100,100115,100,98712,100
2019-06-28 09:43:10.000000000,99949,230,99928,230,99975,326,99911,226,99976,226,99905,226,100057,100,99900,100,100070,100,99843,100,100072,100,98927,100,100079,100,98835,100,100080,100,98798,100,100088,100,98729,100,100115,100,98712,100
2019-06-28 09:43:20.000000000,99949,483,99928,483,99975,200,99911,100,99976,100,99905,100,100057,100,99900,100,100070,100,99843,100,100072,100,98927,100,100079,100,98835,100,100080,100,98798,100,100088,100,98729,100,100115,100,98712,100
2019-06-28 09:43:30.000000000,99949,292,99928,292,99975,392,99911,292,99976,100,99905,100,100057,100,99900,100,100070,100,99843,100,100072,100,98927,100,100079,100,98835,100,100080,100,98798,100,100088,100,98729,100,100115,100,98712,100
2019-06-28 09:43:37.454739490,99949,292,99928,292,99975,392,99911,292,99976,100,99905,100,100057,100,99900,100,100070,100,99843,100,100072,100,99388,100,100079,100,98927,100,100080,100,98835,100,100088,100,98798,100,100115,100,98729,100
2019-06-28 09:43:40.000000000,99949,177,99928,177,99975,277,99911,177,99976,177,99905,177,100057,177,99900,177,100070,177,99843,177,100072,100,99388,100,100079,100,98927,100,100080,100,98835,100,100088,100,98798,100,100115,100,98729,100
2019-06-28 09:43:50.000000000,99949,230,99928,230,99975,326,99911,226,99976,226,99905,226,100057,100,99900,100,100070,100,99843,100,100072,100,99388,100,100079,100,98927,100,100080,100,98835,100,100088,100,98798,100,100115,100,98729,100
2019-06-28 09:43:58.443882663,99934,100,99928,230,99949,230,99911,226,99975,226,99905,226,99976,226,99900,100,100057,100,99843,100,100070,100,99388,100,100072,100,98927,100,100079,100,98835,100,100080,100,98798,100,100088,100,98729,100
2019-06-28 09:44:00.000000000,99934,292,99928,292,99949,292,99911,292,99975,100,99905,100,99976,100,99900,100,100057,100,99843,100,100070,100,99388,100,100072,100,98927,100,100079,100,98835,100,100080,100,98798,100,100088,100,98729,100
2019-06-28 09:44:10.000000000,99934,483,99928,483,99949,100,99911,100,99975,100,99905,100,99976,100,99900,100,100057,100,99843,100,100070,100,99388,100,100072,100,98927,100,100079,100,98835,100,100080,100,98798,100,100088,100,98729,100
2019-06-28 09:44:15.972775761,99934,583,99928,483,99949,100,99911,100,99975,100,99905,100,99976,100,99900,100,100057,100,99843,100,100070,100,99388,100,100072,100,98927,100,100079,100,98835,100,100080,100,98798,100,100088,100,98729,100
2019-06-28 09:44:20.000000000,99934,330,99928,230,99949,226,99911,226,99975,226,99905,226,99976,100,99900,100,100057,100,99843,100,100070,100,99388,100,100072,100,98927,100,100079,100,98835,100,100080,100,98798,100,100088,100,98729,100
2019-06-28 09:44:30.000000000,99934,392,99928,292,99949,292,99911,292,99975,100,99905,100,99976,100,99900,100,100057,100,99843,100,100070,100,99388,100,100072,100,98927,100,100079,100,98835,100,100080,100,98798,100,100088,100,98729,100
2019-06-28 09:44:33.519987404,99934,392,99928,192,99949,292,99911,292,99975,100,99905,100,99976,100,99900,100,100057,100,99843,100,100070,100,99388,100,100072,100,98927,100,100079,100,98835,100,100080,100,98798,100,100088,100,98729,100
2019-06-28 09:44:37.431151350,99934,392,99928,192,99949,292,99911,292,99975,100,99905,100,99976,100,99900,100,100057,100,99843,100,100070,100,99388,100,100072,100,99121,100,100079,100,98927,100,100080,100,98835,100,100115,100,98798,100
2019-06-28 09:44:39.535828495,99934,392,99928,192,99949,292,99911,292,99975,100,99905,100,99976,100,99900,100,100057,100,99843,100,100072,100,99437,100,100079,100,99388,100,100080,100,99121,100,100115,100,98927,100,100127,100,98835,100
2019-06-28 09:44:40.000000000,99934,392,99911,292,99949,292,99905,292,99975,100,99900,100,99976,100,99843,100,100057,100,99437,100,100072,100,99388,100,100079,100,99121,100,100080,100,98927,100,100115,100,98835,100,100127,100,98798,100
2019-06-28 09:44:40.739743318,99934,392,99911,192,99949,292,99905,292,99975,100,99900,100,99976,100,99843,100,100057,100,99437,100,100072,100,99388,100,100079,100,99121,100,100080,100,98927,100,100115,100,98835,100,100127,100,98798,100
2019-06-28 09:44:43.610931218,99928,100,99911,192,99934,392,99905,292,99949,292,99900,100,99975,100,99843,100,99976,100,99437,100,100057,100,99388,100,100072,100,99121,100,100079,100,98927,100,100080,100,98835,100,100115,100,98798,100
2019-06-28 09:44:50.000000000,99928,177,99905,177,99934,277,99900,177,99949,177,99843,177,99975,177,99437,177,99976,177,99388,177,100057,100,99121,100,100072,100,98927,100,100079,100,98835,100,100080,100,98798,100,100115,100,98729,100
2019-06-28 09:45:00.000000000,99928,483,99905,483,99934,200,99900,100,99949,100,99843,100,99975,100,99437,100,99976,100,99388,100,100057,100,99121,100,100072,100,98927,100,100079,100,98835,100,100080,100,98798,100,100115,100,98729,100
2019-06-28 09:45:02.879984546,99928,483,99905,483,99934,200,99900,100,99949,100,99843,100,99975,100,99437,100,99976,100,99388,100,100057,100,99121,100,100072,100,99110,100,100079,100,98927,100,100080,100,98835,100,100115,100,98798,100
2019-06-28 09:45:10.000000000,99928,230,99905,230,99934,326,99900,226,99949,226,99843,226,99975,100,99437,100,99976,100,99388,100,100057,100,99121,100,100072,100,99110,100,100079,100,98927,100,100080,100,98835,100,100115,100,98798,100
2019-06-28 09:45:17.639770303,99928,230,99905,130,99934,326,99900,226,99949,226,99843,226,99975,100,99437,100,99976,100,99388,100,100057,100,99121,100,100072,100,99110,100,100079,100,98927,100,100115,100,98835,100,100127,100,98798,100
2019-06-28 09:45:20.000000000,99928,483,99900,483,99934,200,99843,100,99949,100,99437,100,99975,100,99388,100,99976,100,99121,100,100057,100,99110,100,100072,100,98927,100,100079,100,98835,100,100115,100,98798,100,100127,100,98729,100
2019-06-28 09:45:23.721206537,99928,483,99900,483,99934,200,99843,100,99949,100,99437,100,99975,100,99388,100,99976,100,99121,100,100072,100,99110,100,100079,100,98927,100,100115,100,98835,100,100127,100,98798,100,100128,100,98729,100
2019-06-28 09:45:27.710593197,99911,100,99900,483,99928,483,99843,100,99934,200,99437,100,99949,100,99388,100,99975,100,99121,100,99976,100,99110,100,100072,100,98927,100,100079,100,98835,100,100115,100,98798,100,100127,100,98729,100
2019-06-28 09:45:30.000000000,99911,196,99900,196,99928,196,99843,196,99934,296,99437,196,99949,196,99388,196,99975,100,99121,100,99976,100,99110,100,100072,100,98927,100,100079,100,98835,100,100115,100,98798,100,100127,100,98729,100
2019-06-28 09:45:33.104047062,99911,196,99900,196,99928,196,99843,196,99934,296,99437,196,99949,196,99388,196,99975,100,99272,100,99976,100,99121,100,100072,100,99110,100,100079,100,98927,100,100115,100,98835,100,100127,100,98798,100
2019-06-28 09:45:34.327546860,99911,196,99900,196,99928,196,99843,196,99934,296,99437,196,99949,96,99388,196,99975,100,99272,100,99976,100,99121,100,100072,100,99110,100,100079,100,98927,100,100115,100,98835,100,100127,100,98798,100
2019-06-28 09:45:40.000000000,99911,196,99900,196,99928,196,99843,196,99934,296,99437,196,99975,196,99388,196,99976,100,99272,100,100072,100,99121,100,100079,100,99110,100,100115,100,98927,100,100127,100,98835,100,100128,100,98798,100
2019-06-28 09:45:50.000000000,99911,177,99900,177,99928,177,99843,177,99934,277,99437,177,99975,177,99388,177,99976,177,99272,177,100072,100,99121,100,100079,100,99110,100,100115,100,98927,100,100127,100,98835,100,100128,100,98798,100
2019-06-28 09:45:57.363387933,99911,177,99900,177,99928,177,99843,177,99934,277,99724,100,99975,177,99437,177,99976,177,99388,177,100072,100,99272,177,100115,100,99121,100,100127,100,99110,100,100128,100,98927,100,100135,100,98835,100
2019-06-28 09:46:00.000000000,99911,196,99900,196,99928,196,99843,196,99934,296,99724,196,99975,196,99437,196,99976,100,99388,100,100072,100,99272,100,100115,100,99121,100,100127,100,99110,100,100128,100,98927,100,100135,100,98835,100
2019-06-28 09:46:07.742964576,99911,196,99900,96,99928,196,99843,196,99934,296,99724,196,99975,196,99437,196,99976,100,99388,100,100072,100,99272,100,100115,100,99121,100,100127,100,99110,100,100128,100,98927,100,100135,100,98835,100
2019-06-28 09:46:10.000000000,99911,292,99843,292,99928,292,99724,292,99934,200,99437,100,99975,100,99388,100,99976,100,99272,100,100072,100,99121,100,100115,100,99110,100,100127,100,98927,100,100128,100,98835,100,100135,100,98798,100
2019-06-28 09:46:20.000000000,99911,177,99843,177,99928,177,99724,177,99934,277,99437,177,99975,177,99388,177,99976,177,99272,177,100072,100,99121,100,100115,100,99110,100,100127,100,98927,100,100128,100,98835,100,100135,100,98798,100
2019-06-28 09:46:30.000000000,99911,292,99843,292,99928,292,99724,292,99934,200,99437,100,99975,100,99388,100,99976,100,99272,100,100072,100,99121,100,100115,100,99110,100,100127,100,98927,100,100128,100,98835,100,100135,100,98798,100
2019-06-28 09:46:32.578855948,99911,292,99843,292,99928,292,99724,292,99934,200,99468,100,99975,100,99437,100,99976,100,99388,100,100072,100,99121,100,100115,100,99110,100,100127,100,98927,100,100128,100,98835,100,100135,100,98798,100
2019-06-28 09:46:40.000000000,99911,230,99843,230,99928,226,99724,226,99934,326,99468,226,99975,100,99437,100,99976,100,99388,100,100072,100,99121,100,100115,100,99110,100,100127,100,98927,100,100128,100,98835,100,100135,100,98798,100
2019-06-28 09:46:46.219669621,99911,230,99843,130,99928,226,99724,226,99934,326,99468,226,99975,100,99437,100,99976,100,99388,100,100072,100,99121,100,100115,100,99110,100,100127,100,98927,100,100128,100,98835,100,100135,100,98798,100
2019-06-28 09:46:50.000000000,99911,196,99724,196,99928,196,99468,196,99934,296,99437,196,99975,196,99388,196,99976,100,99121,100,100072,100,99110,100,100115,100,98927,100,100127,100,98835,100,100128,100,98798,100,100135,100,98729,100
2019-06-28 09:46:58.758734139,99911,196,99724,196,99928,196,99468,196,99934,296,99437,196,99975,196,99388,196,99976,100,99379,100,100072,100,99121,100,100115,100,99110,100,100127,100,98927,100,100128,100,98835,100,100135,100,98798,100
2019-06-28 09:47:00.000000000,99911,177,99724,177,99928,177,99468,177,99934,277,99437,177,99975,177,99388,177,99976,177,99379,177,100072,100,99121,100,100115,100,99110,100,100127,100,98927,100,100128,100,98835,100,100135,100,98798,100
2019-06-28 09:47:10.000000000,99911,230,99724,230,99928,226,99468,226,99934,326,99437,226,99975,100,99388,100,99976,100,99379,100,100072,100,99121,100,100115,100,99110,100,100127,100,98927,100,100128,100,98835,100,100135,100,98798,100
2019-06-28 09:47:20.000000000,99911,292,99724,292,99928,292,99468,292,99934,200,99437,100,99975,100,99388,100,99976,100,99379,100,100072,100,99121,100,100115,100,99110,100,100127,100,98927,100,100128,100,98835,100,100135,100,98798,100
2019-06-28 09:47:28.966249487,99900,100,99724,292,99911,292,99468,292,99928,292,99437,100,99934,200,99388,100,99975,100,99379,100,99976,100,99121,100,100072,100,99110,100,100115,100,98927,100,100127,100,98835,100,100128,100,98798,100
2019-06-28 09:47:30.000000000,99900,177,99724,177,99911,177,99468,177,99928,177,99437,177,99934,277,99388,177,99975,177,99379,177,99976,100,99121,100,100072,100,99110,100,100115,100,98927,100,100127,100,98835,100,100128,100,98798,100
2019-06-28 09:47:33.135469936,99900,177,99724,77,99911,177,99468,177,99928,177,99437,177,99934,277,99388,177,99975,177,99379,177,99976,100,99121,100,100072,100,99110,100,100115,100,98927,100,100127,100,98835,100,100128,100,98798,100
2019-06-28 09:47:34.177007207,99724,23,99468,177,99900,177,99437,177,99911,177,99388,177,99928,177,99379,177,99934,277,99121,100,99975,177,99110,100,99976,100,98927,100,100072,100,98835,100,100115,100,98798,100,100127,100,98729,100
2019-06-28 09:47:37.946700758,99611,100,99468,177,99724,23,99437,177,99900,177,99388,177,99911,177,99379,177,99928,177,99121,100,99934,277,99110,100,99975,177,98927,100,99976,100,98835,100,100072,100,98798,100,100115,100,98729,100
2019-06-28 09:47:40.000000000,99611,177,99468,177,99724,100,99437,177,99900,177,99388,177,99911,177,99379,177,99928,177,99121,177,99934,200,99110,100,99975,100,98927,100,99976,100,98835,100,100072,100,98798,100,100115,100,98729,100
2019-06-28 09:47:40.530305501,99611,177,99468,177,99624,100,99437,77,99724,100,99388,177,99900,177,99379,177,99911,177,99121,177,99928,177,99110,100,99934,200,98927,100,99975,100,98835,100,99976,100,98798,100,100072,100,98729,100
2019-06-28 09:47:43.844860545,99611,177,99595,100,99624,100,99468,177,99724,100,99437,77,99900,177,99388,177,99911,177,99379,177,99928,177,99121,177,99934,200,99110,100,99975,100,98927,100,99976,100,98835,100,100072,100,98798,100
2019-06-28 09:47:50.000000000,99611,292,99595,292,99624,292,99468,292,99724,23,99388,100,99900,100,99379,100,99911,100,99121,100,99928,100,99110,100,99934,200,98927,100,99975,100,98835,100,99976,100,98798,100,100072,100,98729,100
2019-06-28 09:47:54.848847000,99611,292,99595,292,99624,292,99468,292,99724,123,99388,100,99900,100,99379,100,99911,100,99121,100,99928,100,99110,100,99934,100,98927,100,99975,100,98835,100,99976,100,98798,100,100072,100,98729,100
2019-06-28 09:48:00.000000000,99611,292,99595,292,99624,292,99468,292,99724,123,99388,100,99900,100,99379,100,99911,100,99121,100,99928,100,99110,100,99934,100,98927,100,99975,100,98835,100,99976,100,98798,100,100072,100,98729,100
2019-06-28 09:48:10.000000000,99611,177,99595,177,99624,177,99468,177,99724,200,99388,177,99900,177,99379,177,99911,177,99121,177,99928,100,99110,100,99934,100,98927,100,99975,100,98835,100,99976,100,98798,100,100072,100,98729,100
2019-06-28 09:48:20.000000000,99611,230,99595,230,99624,226,99468,226,99724,249,99388,226,99900,100,99379,100,99911,100,99121,100,99928,100,99110,100,99934,100,98927,100,99975,100,98835,100,99976,100,98798,100,100072,100,98729,100
2019-06-28 09:48:30.000000000,99611,177,99595,177,99624,177,99468,177,99724,200,99388,177,99900,177,99379,177,99911,177,99121,177,99928,100,99110,100,99934,100,98927,100,99975,100,98835,100,99976,100,98798,100,100072,100,98729,100
2019-06-28 09:48:33.814672960,99611,177,99595,177,99624,177,99468,177,99724,300,99388,177,99900,177,99379,177,99911,177,99121,177,99928,100,99110,100,99934,100,98927,100,99975,100,98835,100,99976,100,98798,100,100072,100,98729,100
2019-06-28 09:48:40.000000000,99611,177,99595,177,99624,177,99468,177,99724,300,99388,177,99900,177,99379,177,99911,177,99121,177,99928,100,99110,100,99934,100,98927,100,99975,100,98835,100,99976,100,98798,100,100072,100,98729,100
2019-06-28 09:48:40.822299293,99611,177,99595,77,99624,177,99468,177,99724,300,99388,177,99900,177,99379,177,99911,177,99121,177,99928,100,99110,100,99934,100,98835,100,99975,100,98798,100,99976,100,98729,100,100072,100,98515,100
2019-06-28 09:48:43.520064343,99611,177,99595,77,99624,177,99468,177,99723,100,99388,177,99724,300,99379,177,99900,177,99121,177,99911,177,99110,100,99928,100,98835,100,99934,100,98798,100,99975,100,98729,100,99976,100,98515,100
2019-06-28 09:48:50.000000000,99611,230,99468,230,99624,226,99388,226,99723,226,99379,226,99724,223,99121,100,99900,100,99110,100,99911,100,98835,100,99928,100,98798,100,99934,100,98729,100,99975,100,98515,100,99976,100,98225,100
2019-06-28 09:48:51.466914743,99580,100,99468,230,99611,230,99388,226,99624,226,99379,226,99723,226,99121,100,99724,223,99110,100,99900,100,98835,100,99911,100,98798,100,99928,100,98729,100,99934,100,98515,100,99975,100,98225,100
2019-06-28 09:49:00.000000000,99580,177,99468,177,99611,177,99388,177,99624,177,99379,177,99723,177,99121,177,99724,300,99110,177,99900,100,98835,100,99911,100,98798,100,99928,100,98729,100,99934,100,98515,100,99975,100,98225,100
2019-06-28 09:49:10.000000000,99580,292,99468,292,99611,292,99388,292,99624,100,99379,100,99723,100,99121,100,99724,223,99110,100,99900,100,98835,100,99911,100,98798,100,99928,100,98729,100,99934,100,98515,100,99975,100,98225,100
2019-06-28 09:49:10.760362385,99580,292,99468,292,99611,292,99388,292,99624,100,99379,100,99723,100,99121,100,99724,223,99110,100,99900,100,98835,100,99911,100,98798,100,99928,100,98729,100,99934,100,98515,100,99967,100,98225,100
2019-06-28 09:49:12.193730659,99580,192,99468,292,99611,292,99388,292,99624,100,99379,100,99723,100,99121,100,99724,223,99110,100,99900,100,98835,100,99911,100,98798,100,99928,100,98729,100,99934,100,98515,100,99967,100,98225,100
2019-06-28 09:49:13.892610400,99580,192,99468,292,99611,292,99388,292,99624,100,99379,100,99723,100,99121,100,99724,223,99110,100,99900,100,98835,100,99911,100,98798,100,99928,100,98729,100,99934,100,98515,100,99967,100,98225,100
2019-06-28 09:49:20.000000000,99611,230,99468,230,99624,226,99388,226,99723,226,99379,226,99724,223,99121,100,99900,100,99110,100,99911,100,98835,100,99928,100,98798,100,99934,100,98729,100,99967,100,98515,100,99975,100,98225,100
2019-06-28 09:49:29.844120126,99586,100,99468,230,99611,230,99388,226,99624,226,99379,226,99723,226,99121,100,99724,223,99110,100,99900,100,98835,100,99911,100,98798,100,99928,100,98729,100,99934,100,98515,100,99967,100,98225,100
2019-06-28 09:49:30.000000000,99586,230,99468,230,99611,226,99388,226,99624,226,99379,226,99723,100,99121,100,99724,223,99110,100,99900,100,98835,100,99911,100,98798,100,99928,100,98729,100,99934,100,98515,100,99967,100,98225,100
2019-06-28 09:49:38.562984162,99586,130,99468,230,99611,226,99388,226,99624,226,99379,226,99723,100,99121,100,99724,223,99110,100,99900,100,98835,100,99928,100,98798,100,99934,100,98729,100,99967,100,98515,100,99975,100,98225,100
2019-06-28 09:49:39.269250033,99586,130,99543,100,99611,226,99468,230,99624,226,99388,226,99723,100,99379,226,99724,223,99121,100,99900,100,99110,100,99928,100,98835,100,99934,100,98798,100,99967,100,98729,100,99975,100,98515,100
2019-06-28 09:49:40.000000000,99611,177,99543,177,99624,177,99468,177,99723,177,99388,177,99724,300,99379,177,99900,177,99121,177,99928,100,99110,100,99934,100,98835,100,99967,100,98798,100,99975,100,98729,100,100072,100,98515,100
2019-06-28 09:49:47.018344328,99611,177,99543,177,99624,177,99468,177,99723,177,99388,177,99724,300,99379,177,99900,177,99253,100,99928,100,99121,177,99934,100,99110,100,99967,100,98835,100,99975,100,98798,100,100072,100,98729,100
2019-06-28 09:49:50.000000000,99611,230,99543,230,99624,226,99468,226,99723,226,99388,226,99724,223,99379,100,99900,100,99253,100,99928,100,99121,100,99934,100,99110,100,99967,100,98835,100,99975,100,98798,100,100072,100,98729,100
2019-06-28 09:50:00.000000000,99611,292,99543,292,99624,292,99468,292,99723,100,99388,100,99724,223,99379,100,99900,100,99253,100,99928,100,99121,100,99934,100,99110,100,99967,100,98835,100,99975,100,98798,100,100072,100,98729,100
2019-06-28 09:50:00.275544367,99579,100,99543,292,99611,292,99468,292,99624,292,99388,100,99723,100,99379,100,99724,223,99253,100,99900,100,99121,100,99928,100,99110,100,99934,100,98835,100,99967,100,98798,100,99975,100,98729,100
2019-06-28 09:50:04.973353661,99579,200,99543,292,99611,292,99468,292,99624,292,99388,100,99723,100,99379,100,99724,223,99253,100,99900,100,99121,100,99928,100,99110,100,99934,100,98835,100,99967,100,98798,100,99975,100,98729,100
2019-06-28 09:50:10.000000000,99579,392,99543,292,99611,292,99468,292,99624,100,99388,100,99723,100,99379,100,99724,223,99253,100,99900,100,99121,100,99928,100,99110,100,99934,100,98835,100,99967,100,98798,100,99975,100,98729,100
2019-06-28 09:50:20.000000000,99579,296,99543,196,99611,196,99468,196,99624,196,99388,196,99723,196,99379,196,99724,223,99253,100,99900,100,99121,100,99928,100,99110,100,99934,100,98835,100,99967,100,98798,100,99975,100,98729,100
2019-06-28 09:50:30.000000000,99579,392,99543,292,99611,292,99468,292,99624,100,99388,100,99723,100,99379,100,99724,223,99253,100,99900,100,99121,100,99928,100,99110,100,99934,100,98835,100,99967,100,98798,100,99975,100,98729,100
2019-06-28 09:50:35.893466591,99579,492,99543,292,99611,292,99468,292,99624,100,99388,100,99723,100,99379,100,99724,223,99253,100,99900,100,99121,100,99928,100,99110,100,99934,100,98835,100,99967,100,98798,100,99975,100,98729,100
2019-06-28 09:50:40.000000000,99579,377,99543,177,99611,177,99468,177,99624,177,99388,177,99723,177,99379,177,99724,300,99253,177,99900,100,99121,100,99928,100,99110,100,99934,100,98835,100,99967,100,98798,100,99975,100,98729,100
2019-06-28 09:50:50.000000000,99579,492,99543,292,99611,292,99468,292,99624,100,99388,100,99723,100,99379,100,99724,223,99253,100,99900,100,99121,100,99928,100,99110,100,99934,100,98835,100,99967,100,98798,100,99975,100,98729,100
2019-06-28 09:50:52.928154976,99579,592,99543,292,99611,292,99468,292,99624,100,99388,100,99723,100,99379,100,99724,223,99253,100,99900,100,99121,100,99928,100,99110,100,99934,100,98835,100,99967,100,98798,100,99975,100,98729,100
2019-06-28 09:51:00.000000000,99579,477,99543,177,99611,177,99468,177,99624,177,99388,177,99723,177,99379,177,99724,300,99253,177,99900,100,99121,100,99928,100,99110,100,99934,100,98835,100,99967,100,98798,100,99975,100,98729,100
2019-06-28 09:51:10.000000000,99579,496,99543,196,99611,196,99468,196,99624,196,99388,196,99723,196,99379,196,99724,223,99253,100,99900,100,99121,100,99928,100,99110,100,99934,100,98835,100,99967,100,98798,100,99975,100,98729,100
2019-06-28 09:51:20.000000000,99579,592,99543,292,99611,292,99468,292,99624,100,99388,100,99723,100,99379,100,99724,223,99253,100,99900,100,99121,100,99928,100,99110,100,99934,100,98835,100,99967,100,98798,100,99975,100,98729,100
2019-06-28 09:51:30.000000000,99579,496,99543,196,99611,196,99468,196,99624,196,99388,196,99723,196,99379,196,99724,223,99253,100,99900,100,99121,100,99928,100,99110,100,99934,100,98835,100,99967,100,98798,100,99975,100,98729,100
2019-06-28 09:51:40.000000000,99579,530,99543,230,99611,226,99468,226,99624,226,99388,226,99723,100,99379,100,99724,223,99253,100,99900,100,99121,100,99928,100,99110,100,99934,100,98835,100,99967,100,98798,100,99975,100,98729,100
2019-06-28 09:51:50.000000000,99579,496,99543,196,99611,196,99468,196,99624,196,99388,196,99723,196,99379,196,99724,223,99253,100,99900,100,99121,100,99928,100,99110,100,99934,100,98835,100,99967,100,98798,100,99975,100,98729,100
2019-06-28 09:52:00.000000000,99579,477,99543,177,99611,177,99468,177,99624,177,99388,177,99723,177,99379,177,99724,300,99253,177,99900,100,99121,100,99928,100,99110,100,99934,100,98835,100,99967,100,98798,100,99975,100,98729,100
2019-06-28 09:52:10.000000000,99579,592,99543,292,99611,292,99468,292,99624,100,99388,100,99723,100,99379,100,99724,223,99253,100,99900,100,99121,100,99928,100,99110,100,99934,100,98835,100,99967,100,98798,100,99975,100,98729,100
2019-06-28 09:52:20.000000000,99579,496,99543,196,99611,196,99468,196,99624,196,99388,196,99723,196,99379,196,99724,223,99253,100,99900,100,99121,100,99928,100,99110,100,99934,100,98835,100,99967,100,98798,100,99975,100,98729,100
2019-06-28 09:52:21.908089491,99579,596,99543,196,99611,196,99468,196,99624,196,99388,196,99723,196,99379,196,99724,223,99253,100,99900,100,99121,100,99928,100,99110,100,99934,100,98835,100,99967,100,98798,100,99975,100,98729,100
2019-06-28 09:52:30.000000000,99579,577,99543,177,99611,177,99468,177,99624,177,99388,177,99723,177,99379,177,99724,300,99253,177,99900,100,99121,100,99928,100,99110,100,99934,100,98835,100,99967,100,98798,100,99975,100,98729,100
2019-06-28 09:52:40.000000000,99579,596,99543,196,99611,196,99468,196,99624,196,99388,196,99723,196,99379,196,99724,223,99253,100,99900,100,99121,100,99928,100,99110,100,99934,100,98835,100,99967,100,98798,100,99975,100,98729,100
2019-06-28 09:52:50.000000000,99579,577,99543,177,99611,177,99468,177,99624,177,99388,177,99723,177,99379,177,99724,300,99253,177,99900,100,99121,100,99928,100,99110,100,99934,100,98835,100,99967,100,98798,100,99975,100,98729,100
2019-06-28 09:53:00.000000000,99579,577,99543,177,99611,177,99468,177,99624,177,99388,177,99723,177,99379,177,99724,300,99253,177,99900,100,99121,100,99928,100,99110,100,99934,100,98835,100,99967,100,98798,100,99975,100,98729,100
2019-06-28 09:53:01.245253583,99579,577,99543,177,99611,177,99468,177,99624,177,99388,177,99723,177,99379,177,99724,300,99253,177,99900,100,99240,100,99928,100,99121,100,99934,100,99110,100,99967,100,98835,100,99975,100,98798,100
2019-06-28 09:53:03.046670442,99579,577,99543,77,99611,177,99468,177,99624,177,99388,177,99723,177,99379,177,99724,277,99253,177,99900,100,99240,100,99928,100,99121,100,99934,100,99110,100,99967,100,98835,100,99975,100,98798,100
2019-06-28 09:53:03.084270721,99579,577,99543,77,99611,177,99468,177,99624,177,99388,177,99723,177,99379,177,99724,277,99253,177,99900,100,99240,100,99928,100,99152,100,99934,100,99121,100,99967,100,99110,100,99975,100,98835,100
2019-06-28 09:53:10.000000000,99579,577,99468,177,99611,177,99388,177,99624,177,99379,177,99723,177,99253,177,99724,277,99240,177,99900,100,99152,100,99928,100,99121,100,99934,100,99110,100,99967,100,98835,100,99975,100,98798,100
2019-06-28 09:53:12.211289642,99579,577,99468,77,99611,177,99388,177,99624,177,99379,177,99723,177,99253,177,99724,277,99240,177,99900,100,99152,100,99928,100,99121,100,99934,100,99110,100,99967,100,98835,100,99975,100,98798,100
2019-06-28 09:53:20.000000000,99579,883,99388,483,99611,100,99379,100,99624,100,99253,100,99723,100,99240,100,99724,200,99152,100,99900,100,99121,100,99928,100,99110,100,99934,100,98835,100,99967,100,98798,100,99975,100,98729,100
2019-06-28 09:53:30.000000000,99579,630,99388,230,99611,226,99379,226,99624,226,99253,226,99723,100,99240,100,99724,200,99152,100,99900,100,99121,100,99928,100,99110,100,99934,100,98835,100,99967,100,98798,100,99975,100,98729,100
2019-06-28 09:53:34.333705701,99579,630,99388,130,99611,226,99379,226,99624,226,99253,226,99723,100,99240,100,99724,200,99152,100,99900,100,99121,100,99928,100,99110,100,99934,100,98798,100,99967,100,98729,100,99975,100,98515,100
2019-06-28 09:53:40.000000000,99579,630,99379,230,99611,226,99253,226,99624,226,99240,226,99723,100,99152,100,99724,200,99121,100,99900,100,99110,100,99928,100,98798,100,99934,100,98729,100,99967,100,98515,100,99975,100,98225,100
2019-06-28 09:53:50.000000000,99579,883,99379,483,99611,100,99253,100,99624,100,99240,100,99723,100,99152,100,99724,200,99121,100,99900,100,99110,100,99928,100,98798,100,99934,100,98729,100,99967,100,98515,100,99975,100,98225,100
2019-06-28 09:54:00.000000000,99579,596,99379,196,99611,196,99253,196,99624,196,99240,196,99723,196,99152,196,99724,200,99121,100,99900,100,99110,100,99928,100,98798,100,99934,100,98729,100,99967,100,98515,100,99975,100,98225,100
2019-06-28 09:54:05.483626944,99579,596,99552,100,99611,196,99379,196,99624,196,99253,196,99723,196,99240,196,99724,200,99152,196,99900,100,99121,100,99928,100,99110,100,99934,100,98798,100,99967,100,98515,100,99975,100,98225,100
2019-06-28 09:54:07.547353480,99579,596,99552,100,99611,196,99379,196,99624,196,99253,196,99634,100,99240,196,99723,196,99152,196,99724,200,99121,100,99900,100,99110,100,99928,100,98798,100,99934,100,98515,100,99967,100,98225,100
2019-06-28 09:54:10.000000000,99579,596,99552,196,99611,196,99379,196,99624,196,99253,196,99634,196,99240,196,99723,100,99152,100,99724,200,99121,100,99900,100,99110,100,99928,100,98798,100,99934,100,98515,100,99967,100,98225,100
2019-06-28 09:54:12.117026742,99579,596,99552,196,99611,196,99538,100,99624,196,99379,196,99634,96,99253,196,99723,100,99240,196,99724,200,99152,100,99900,100,99121,100,99928,100,99110,100,99934,100,98798,100,99967,100,98515,100
2019-06-28 09:54:20.000000000,99579,596,99552,196,99611,196,99538,196,99624,196,99379,196,99723,196,99253,196,99724,200,99240,100,99900,100,99152,100,99928,100,99121,100,99934,100,99110,100,99967,100,98798,100,99975,100,98515,100
2019-06-28 09:54:23.367022792,99579,496,99552,196,99611,196,99538,196,99624,196,99379,196,99723,196,99253,196,99724,200,99240,100,99900,100,99152,100,99928,100,99121,100,99934,100,99110,100,99967,100,98798,100,99975,100,98515,100
2019-06-28 09:54:26.043156945,99579,396,99552,196,99611,196,99538,196,99624,196,99379,196,99723,196,99253,196,99724,200,99240,100,99900,100,99152,100,99928,100,99121,100,99934,100,99110,100,99967,100,98798,100,99975,100,98515,100
2019-06-28 09:54:29.621872075,99579,296,99552,196,99611,196,99538,196,99624,196,99379,196,99723,196,99253,196,99724,200,99240,100,99900,100,99152,100,99928,100,99121,100,99934,100,99110,100,99967,100,98798,100,99975,100,98515,100
2019-06-28 09:54:30.000000000,99579,392,99552,292,99611,292,99538,292,99624,100,99379,100,99723,100,99253,100,99724,200,99240,100,99900,100,99152,100,99928,100,99121,100,99934,100,99110,100,99967,100,98798,100,99975,100,98515,100
2019-06-28 09:54:40.000000000,99579,277,99552,177,99611,177,99538,177,99624,177,99379,177,99723,177,99253,177,99724,277,99240,177,99900,100,99152,100,99928,100,99121,100,99934,100,99110,100,99967,100,98798,100,99975,100,98515,100
2019-06-28 09:54:50.000000000,99579,392,99552,292,99611,292,99538,292,99624,100,99379,100,99723,100,99253,100,99724,200,99240,100,99900,100,99152,100,99928,100,99121,100,99934,100,99110,100,99967,100,98798,100,99975,100,98515,100
2019-06-28 09:55:00.000000000,99579,330,99552,230,99611,226,99538,226,99624,226,99379,226,99723,100,99253,100,99724,200,99240,100,99900,100,99152,100,99928,100,99121,100,99934,100,99110,100,99967,100,98798,100,99975,100,98515,100
2019-06-28 09:55:10.000000000,99579,392,99552,292,99611,292,99538,292,99624,100,99379,100,99723,100,99253,100,99724,200,99240,100,99900,100,99152,100,99928,100,99121,100,99934,100,99110,100,99967,100,98798,100,99975,100,98515,100
2019-06-28 09:55:17.596545318,99579,392,99552,292,99611,292,99538,292,99624,100,99379,100,99723,100,99253,100,99724,200,99240,100,99786,100,99152,100,99900,100,99121,100,99928,100,99110,100,99934,100,98798,100,99967,100,98515,100
2019-06-28 09:55:20.000000000,99579,277,99552,177,99611,177,99538,177,99624,177,99379,177,99723,177,99253,177,99724,277,99240,177,99786,100,99152,100,99900,100,99121,100,99928,100,99110,100,99934,100,98798,100,99967,100,98515,100
2019-06-28 09:55:30.000000000,99579,330,99552,230,99611,226,99538,226,99624,226,99379,226,99723,100,99253,100,99724,200,99240,100,99786,100,99152,100,99900,100,99121,100,99928,100,99110,100,99934,100,98798,100,99967,100,98515,100
2019-06-28 09:55:36.368369492,99579,330,99552,230,99611,226,99538,226,99624,226,99379,226,99723,100,99359,100,99724,200,99253,100,99786,100,99240,100,99900,100,99152,100,99928,100,99121,100,99934,100,99110,100,99967,100,98798,100
2019-06-28 09:55:40.000000000,99579,277,99552,177,99611,177,99538,177,99624,177,99379,177,99723,177,99359,177,99724,277,99253,177,99786,100,99240,100,99900,100,99152,100,99928,100,99121,100,99934,100,99110,100,99967,100,98798,100
2019-06-28 09:55:50.000000000,99579,583,99552,483,99611,100,99538,100,99624,100,99379,100,99723,100,99359,100,99724,200,99253,100,99786,100,99240,100,99900,100,99152,100,99928,100,99121,100,99934,100,99110,100,99967,100,98798,100
2019-06-28 09:55:51.885946787,99579,583,99552,483,99611,100,99538,100,99624,100,99379,100,99723,100,99359,100,99724,200,99253,100,99786,100,99240,100,99900,100,99152,100,99928,100,99121,100,99934,100,99110,100,99967,100,98854,100
2019-06-28 09:56:00.000000000,99579,392,99552,292,99611,292,99538,292,99624,100,99379,100,99723,100,99359,100,99724,200,99253,100,99786,100,99240,100,99900,100,99152,100,99928,100,99121,100,99934,100,99110,100,99967,100,98854,100
2019-06-28 09:56:03.792931526,99579,292,99552,292,99611,292,99538,292,99624,100,99379,100,99723,100,99359,100,99724,200,99253,100,99786,100,99240,100,99900,100,99152,100,99928,100,99121,100,99934,100,99110,100,99967,100,98854,100
2019-06-28 09:56:10.000000000,99579,230,99552,230,99611,226,99538,226,99624,226,99379,226,99723,100,99359,100,99724,200,99253,100,99786,100,99240,100,99900,100,99152,100,99928,100,99121,100,99934,100,99110,100,99967,100,98854,100
2019-06-28 09:56:20.000000000,99579,230,99552,230,99611,226,99538,226,99624,226,99379,226,99723,100,99359,100,99724,200,99253,100,99786,100,99240,100,99900,100,99152,100,99928,100,99121,100,99934,100,99110,100,99967,100,98854,100
2019-06-28 09:56:30.000000000,99579,196,99552,196,99611,196,99538,196,99624,196,99379,196,99723,196,99359,196,99724,200,99253,100,99786,100,99240,100,99900,100,99152,100,99928,100,99121,100,99934,100,99110,100,99967,100,98854,100
2019-06-28 09:56:40.000000000,99579,177,99552,177,99611,177,99538,177,99624,177,99379,177,99723,177,99359,177,99724,277,99253,177,99786,100,99240,100,99900,100,99152,100,99928,100,99121,100,99934,100,99110,100,99967,100,98854,100
2019-06-28 09:56:50.000000000,99579,483,99552,483,99611,100,99538,100,99624,100,99379,100,99723,100,99359,100,99724,200,99253,100,99786,100,99240,100,99900,100,99152,100,99928,100,99121,100,99934,100,99110,100,99967,100,98854,100
2019-06-28 09:56:54.055571966,99579,583,99552,483,99611,100,99538,100,99624,100,99379,100,99723,100,99359,100,99724,200,99253,100,99786,100,99240,100,99900,100,99152,100,99928,100,99121,100,99934,100,99110,100,99967,100,98854,100
2019-06-28 09:57:00.000000000,99579,330,99552,230,99611,226,99538,226,99624,226,99379,226,99723,100,99359,100,99724,200,99253,100,99786,100,99240,100,99900,100,99152,100,99928,100,99121,100,99934,100,99110,100,99967,100,98854,100
2019-06-28 09:57:06.528126382,99579,330,99552,130,99611,126,99538,226,99624,226,99379,226,99723,100,99359,100,99724,200,99253,100,99786,100,99240,100,99900,100,99152,100,99928,100,99121,100,99934,100,99110,100,99967,100,98854,100
2019-06-28 09:57:10.000000000,99579,296,99538,196,99624,196,99379,196,99723,196,99359,196,99724,296,99253,196,99786,100,99240,100,99900,100,99152,100,99928,100,99121,100,99934,100,99110,100,99967,100,98854,100,99975,100,98798,100
2019-06-28 09:57:13.421373300,99579,196,99538,196,99624,196,99379,196,99723,196,99359,196,99724,296,99253,196,99786,100,99240,100,99900,100,99152,100,99928,100,99121,100,99934,100,99110,100,99967,100,98854,100,99975,100,98798,100
2019-06-28 09:57:20.000000000,99579,177,99538,177,99624,177,99379,177,99723,177,99359,177,99724,277,99253,177,99786,177,99240,177,99900,100,99152,100,99928,100,99121,100,99934,100,99110,100,99967,100,98854,100,99975,100,98798,100
2019-06-28 09:57:30.000000000,99579,230,99538,230,99624,226,99379,226,99723,226,99359,226,99724,200,99253,100,99786,100,99240,100,99900,100,99152,100,99928,100,99121,100,99934,100,99110,100,99967,100,98854,100,99975,100,98798,100
2019-06-28 09:57:31.609803498,99579,230,99538,230,99624,226,99379,226,99723,226,99359,226,99724,200,99253,100,99786,100,99240,100,99900,100,99152,100,99928,100,99121,100,99934,100,99110,100,99967,100,98986,100,99975,100,98854,100
2019-06-28 09:57:40.000000000,99579,177,99538,177,99624,177,99379,177,99723,177,99359,177,99724,277,99253,177,99786,177,99240,177,99900,100,99152,100,99928,100,99121,100,99934,100,99110,100,99967,100,98986,100,99975,100,98854,100
2019-06-28 09:57:50.000000000,99579,230,99538,230,99624,226,99379,226,99723,226,99359,226,99724,200,99253,100,99786,100,99240,100,99900,100,99152,100,99928,100,99121,100,99934,100,99110,100,99967,100,98986,100,99975,100,98854,100
2019-06-28 09:57:57.757747695,99579,230,99538,230,99624,226,99379,226,99723,226,99359,226,99724,200,99253,100,99786,100,99240,100,99928,100,99152,100,99934,100,99121,100,99967,100,99110,100,99975,100,98986,100,100072,100,98854,100
2019-06-28 09:57:59.888480973,99578,100,99538,230,99579,230,99379,226,99624,226,99359,226,99723,226,99253,100,99724,200,99240,100,99786,100,99152,100,99934,100,99121,100,99967,100,99110,100,99975,100,98986,100,100072,100,98854,100
2019-06-28 09:58:00.000000000,99578,292,99538,292,99579,292,99379,292,99624,100,99359,100,99723,100,99253,100,99724,200,99240,100,99786,100,99152,100,99934,100,99121,100,99967,100,99110,100,99975,100,98986,100,100072,100,98854,100
2019-06-28 09:58:03.538343581,99578,292,99538,192,99579,292,99379,292,99624,100,99359,100,99723,100,99253,100,99724,200,99240,100,99786,100,99152,100,99934,100,99121,100,99967,100,99110,100,99975,100,98986,100,100072,100,98854,100
2019-06-28 09:58:10.000000000,99578,483,99379,483,99579,100,99359,100,99624,100,99253,100,99723,100,99240,100,99724,200,99152,100,99786,100,99121,100,99934,100,99110,100,99967,100,98986,100,99975,100,98854,100,100072,100,98798,100
2019-06-28 09:58:20.000000000,99578,483,99379,483,99579,100,99359,100,99624,100,99253,100,99723,100,99240,100,99724,200,99152,100,99786,100,99121,100,99934,100,99110,100,99967,100,98986,100,99975,100,98854,100,100072,100,98798,100
2019-06-28 09:58:30.000000000,99578,483,99379,483,99579,100,99359,100,99624,100,99253,100,99723,100,99240,100,99724,200,99152,100,99786,100,99121,100,99934,100,99110,100,99967,100,98986,100,99975,100,98854,100,100072,100,98798,100
2019-06-28 09:58:35.611600085,99578,483,99379,383,99579,100,99359,100,99624,100,99253,100,99723,100,99240,100,99724,200,99152,100,99786,100,99121,100,99934,100,99110,100,99967,100,98986,100,99975,100,98854,100,100072,100,98798,100
2019-06-28 09:58:40.000000000,99578,483,99359,483,99579,100,99253,100,99624,100,99240,100,99723,100,99152,100,99724,200,99121,100,99786,100,99110,100,99934,100,98986,100,99967,100,98854,100,99975,100,98798,100,100072,100,98515,100
2019-06-28 09:58:50.000000000,99578,292,99359,292,99579,292,99253,292,99624,100,99240,100,99723,100,99152,100,99724,200,99121,100,99786,100,99110,100,99934,100,98986,100,99967,100,98854,100,99975,100,98798,100,100072,100,98515,100
2019-06-28 09:59:00.000000000,99578,177,99359,177,99579,177,99253,177,99624,177,99240,177,99723,177,99152,177,99724,277,99121,177,99786,100,99110,100,99934,100,98986,100,99967,100,98854,100,99975,100,98798,100,100072,100,98515,100
2019-06-28 09:59:10.000000000,99578,292,99359,292,99579,292,99253,292,99624,100,99240,100,99723,100,99152,100,99724,200,99121,100,99786,100,99110,100,99934,100,98986,100,99967,100,98854,100,99975,100,98798,100,100072,100,98515,100
2019-06-28 09:59:13.835047514,99578,292,99359,192,99579,292,99253,292,99624,100,99240,100,99723,100,99152,100,99724,200,99121,100,99786,100,99110,100,99934,100,98986,100,99967,100,98854,100,99975,100,98798,100,100072,100,98515,100
2019-06-28 09:59:20.000000000,99578,483,99253,483,99579,100,99240,100,99624,100,99152,100,99723,100,99121,100,99724,200,99110,100,99786,100,98986,100,99934,100,98854,100,99967,100,98798,100,99975,100,98515,100,100072,100,98225,100
2019-06-28 09:59:28.972731666,99578,483,99253,483,99579,100,99240,100,99624,100,99152,100,99723,100,99121,100,99724,200,99110,100,99786,100,98986,100,99934,100,98798,100,99967,100,98515,100,99975,100,98372,100,100072,100,98225,100
2019-06-28 09:59:30.000000000,99578,483,99253,483,99579,100,99240,100,99624,100,99152,100,99723,100,99121,100,99724,200,99110,100,99786,100,98986,100,99934,100,98798,100,99967,100,98515,100,99975,100,98372,100,100072,100,98225,100
2019-06-28 09:59:30.988545625,99578,483,99253,383,99579,100,99240,100,99624,100,99152,100,99723,100,99121,100,99724,200,99110,100,99786,100,98986,100,99934,100,98798,100,99967,100,98515,100,99975,100,98372,100,100072,100,98225,100
2019-06-28 09:59:40.000000000,99578,177,99240,177,99579,177,99152,177,99624,177,99121,177,99723,177,99110,177,99724,277,98986,177,99786,100,98798,100,99934,100,98515,100,99967,100,98372,100,99975,100,98225,100,100072,100,,
2019-06-28 09:59:50.000000000,99578,292,99240,292,99579,292,99152,292,99624,100,99121,100,99723,100,99110,100,99724,200,98986,100,99786,100,98798,100,99934,100,98515,100,99967,100,98372,100,99975,100,98225,100,100072,100,,
2019-06-28 10:00:00.000000000,99578,292,99240,292,99579,292,99152,292,99624,100,99121,100,99723,100,99110,100,99724,200,98986,100,99786,100,98798,100,99934,100,98515,100,99967,100,98372,100,99975,100,98225,100,100072,100,,
2019-06-28 10:00:10.000000000,99578,177,99240,177,99579,177,99152,177,99624,177,99121,177,99723,177,99110,177,99724,277,98986,177,99786,100,98798,100,99934,100,98515,100,99967,100,98372,100,99975,100,98225,100,100072,100,,
2019-06-28 10:00:20.000000000,99578,196,99240,196,99579,196,99152,196,99624,196,99121,196,99723,196,99110,196,99724,200,98986,100,99786,100,98798,100,99934,100,98515,100,99967,100,98372,100,99975,100,98225,100,100072,100,,
2019-06-28 10:00:26.358972345,99578,196,99240,196,99579,196,99152,196,99624,196,99121,196,99723,196,99110,196,99724,200,98986,100,99786,100,98798,100,99934,100,98531,100,99967,100,98515,100,99975,100,98372,100,100072,100,98225,100
2019-06-28 10:00:28.410578205,99578,196,99240,196,99579,196,99152,96,99624,196,99121,196,99723,196,99110,196,99724,200,98986,100,99786,100,98798,100,99934,100,98531,100,99967,100,98515,100,99975,100,98484,100,100072,100,98372,100
2019-06-28 10:00:30.000000000,99578,230,99240,230,99579,226,99121,226,99624,226,99110,226,99723,100,98986,100,99724,200,98798,100,99786,100,98531,100,99934,100,98515,100,99967,100,98484,100,99975,100,98372,100,100072,100,98225,100
2019-06-28 10:00:32.157187246,99578,230,99240,230,99579,226,99121,226,99624,226,99110,226,99723,100,98986,100,99724,100,98798,100,99786,100,98531,100,99934,100,98515,100,99967,100,98484,100,99975,100,98372,100,100072,100,98225,100
2019-06-28 10:00:36.625611892,99578,230,99240,230,99579,226,99121,226,99624,226,99110,226,99723,100,98798,100,99724,100,98576,100,99786,100,98531,100,99934,100,98515,100,99967,100,98484,100,99975,100,98372,100,100072,100,98225,100
2019-06-28 10:00:40.000000000,99578,177,99240,177,99579,177,99121,177,99624,177,99110,177,99723,177,98798,177,99724,177,98576,177,99786,100,98531,100,99934,100,98515,100,99967,100,98484,100,99975,100,98372,100,100072,100,98225,100
2019-06-28 10:00:50.000000000,99578,292,99240,292,99579,292,99121,292,99624,100,99110,100,99723,100,98798,100,99724,100,98576,100,99786,100,98531,100,99934,100,98515,100,99967,100,98484,100,99975,100,98372,100,100072,100,98225,100
2019-06-28 10:00:55.260472353,99359,100,99240,292,99578,292,99121,292,99579,292,99110,100,99624,100,98798,100,99723,100,98576,100,99724,100,98531,100,99786,100,98515,100,99934,100,98484,100,99967,100,98372,100,99975,100,98225,100
2019-06-28 10:01:00.000000000,99359,177,99240,177,99578,177,99121,177,99579,177,99110,177,99624,177,98798,177,99723,177,98576,177,99724,100,98531,100,99786,100,98515,100,99934,100,98484,100,99967,100,98372,100,99975,100,98225,100
2019-06-28 10:01:03.635928718,99359,177,99240,77,99578,177,99121,177,99579,177,99110,177,99624,177,98798,177,99723,177,98576,177,99724,100,98531,100,99786,100,98515,100,99934,100,98484,100,99967,100,98372,100,99975,100,98225,100
2019-06-28 10:01:08.256382942,99253,100,99240,77,99359,177,99121,177,99578,177,99110,177,99579,177,98798,177,99624,177,98576,177,99723,177,98531,100,99724,100,98515,100,99786,100,98484,100,99934,100,98372,100,99967,100,98225,100
2019-06-28 10:01:09.327525811,99253,100,99240,77,99359,177,99121,177,99578,177,99110,177,99579,177,98798,177,99624,177,98576,177,99723,177,98569,100,99724,100,98531,100,99786,100,98515,100,99934,100,98484,100,99967,100,98372,100
2019-06-28 10:01:10.000000000,99253,292,99121,292,99359,292,99110,292,99578,100,98798,100,99579,100,98576,100,99624,100,98569,100,99723,100,98531,100,99724,100,98515,100,99786,100,98484,100,99934,100,98372,100,99967,100,98225,100
2019-06-28 10:01:20.000000000,99253,292,99121,292,99359,292,99110,292,99578,100,98798,100,99579,100,98576,100,99624,100,98569,100,99723,100,98531,100,99724,100,98515,100,99786,100,98484,100,99934,100,98372,100,99967,100,98225,100
2019-06-28 10:01:22.121681594,99253,292,99121,292,99359,292,99110,292,99578,100,98863,100,99579,100,98798,100,99624,100,98576,100,99723,100,98569,100,99724,100,98531,100,99786,100,98515,100,99934,100,98484,100,99967,100,98372,100
2019-06-28 10:01:30.000000000,99253,483,99121,483,99359,100,99110,100,99578,100,98863,100,99579,100,98798,100,99624,100,98576,100,99723,100,98569,100,99724,100,98531,100,99786,100,98515,100,99934,100,98484,100,99967,100,98372,100
2019-06-28 10:01:31.801277632,99253,483,99121,483,99359,100,99110,100,99578,100,98863,100,99579,100,98798,100,99624,100,98627,100,99723,100,98576,100,99724,100,98569,100,99786,100,98531,100,99934,100,98515,100,99967,100,98484,100
2019-06-28 10:01:40.000000000,99253,230,99121,230,99359,226,99110,226,99578,226,98863,226,99579,100,98798,100,99624,100,98627,100,99723,100,98576,100,99724,100,98569,100,99786,100,98531,100,99934,100,98515,100,99967,100,98484,100
2019-06-28 10:01:50.000000000,99253,230,99121,230,99359,226,99110,226,99578,226,98863,226,99579,100,98798,100,99624,100,98627,100,99723,100,98576,100,99724,100,98569,100,99786,100,98531,100,99934,100,98515,100,99967,100,98484,100
2019-06-28 10:02:00.000000000,99253,292,99121,292,99359,292,99110,292,99578,100,98863,100,99579,100,98798,100,99624,100,98627,100,99723,100,98576,100,99724,100,98569,100,99786,100,98531,100,99934,100,98515,100,99967,100,98484,100
2019-06-28 10:02:10.000000000,99253,292,99121,292,99359,292,99110,292,99578,100,98863,100,99579,100,98798,100,99624,100,98627,100,99723,100,98576,100,99724,100,98569,100,99786,100,98531,100,99934,100,98515,100,99967,100,98484,100
2019-06-28 10:02:20.000000000,99253,230,99121,230,99359,226,99110,226,99578,226,98863,226,99579,100,98798,100,99624,100,98627,100,99723,100,98576,100,99724,100,98569,100,99786,100,98531,100,99934,100,98515,100,99967,100,98484,100
2019-06-28 10:02:30.000000000,99253,177,99121,177,99359,177,99110,177,99578,177,98863,177,99579,177,98798,177,99624,177,98627,177,99723,100,98576,100,99724,100,98569,100,99786,100,98531,100,99934,100,98515,100,99967,100,98484,100
2019-06-28 10:02:33.222612658,99253,277,99121,177,99359,177,99110,177,99578,177,98863,177,99579,77,98798,177,99624,177,98627,177,99723,100,98576,100,99724,100,98569,100,99786,100,98531,100,99934,100,98515,100,99967,100,98484,100
2019-06-28 10:02:40.000000000,99253,583,99121,483,99359,100,99110,100,99578,100,98863,100,99624,100,98798,100,99723,100,98627,100,99724,100,98576,100,99786,100,98569,100,99934,100,98531,100,99967,100,98515,100,99975,100,98484,100
2019-06-28 10:02:50.000000000,99253,277,99121,177,99359,177,99110,177,99578,177,98863,177,99624,177,98798,177,99723,177,98627,177,99724,100,98576,100,99786,100,98569,100,99934,100,98531,100,99967,100,98515,100,99975,100,98484,100
2019-06-28 10:02:51.914477052,99253,277,99121,77,99359,177,99110,177,99578,177,98863,177,99624,177,98798,177,99723,177,98627,77,99724,100,98576,100,99786,100,98569,100,99934,100,98531,100,99967,100,98515,100,99975,100,98484,100
2019-06-28 10:03:00.000000000,99253,296,99110,196,99359,196,98863,196,99578,196,98798,196,99624,196,98576,196,99723,100,98569,100,99724,100,98531,100,99786,100,98515,100,99934,100,98484,100,99967,100,98372,100,99975,100,98225,100
2019-06-28 10:03:10.000000000,99253,296,99110,196,99359,196,98863,196,99578,196,98798,196,99624,196,98576,196,99723,100,98569,100,99724,100,98531,100,99786,100,98515,100,99934,100,98484,100,99967,100,98372,100,99975,100,98225,100
2019-06-28 10:03:10.567028068,99253,296,99110,196,99359,196,98898,100,99578,196,98863,196,99624,196,98798,196,99723,100,98576,196,99724,100,98569,100,99786,100,98531,100,99934,100,98515,100,99967,100,98484,100,99975,100,98372,100
2019-06-28 10:03:20.000000000,99253,277,99110,177,99359,177,98898,177,99578,177,98863,177,99624,177,98798,177,99723,177,98576,177,99724,100,98569,100,99786,100,98531,100,99934,100,98515,100,99967,100,98484,100,99975,100,98372,100
2019-06-28 10:03:30.000000000,99253,296,99110,196,99359,196,98898,196,99578,196,98863,196,99624,196,98798,196,99723,100,98576,100,99724,100,98569,100,99786,100,98531,100,99934,100,98515,100,99967,100,98484,100,99975,100,98372,100
2019-06-28 10:03:32.182308247,99253,296,99110,196,99359,196,98898,196,99366,100,98863,196,99578,196,98798,196,99624,196,98576,100,99723,100,98569,100,99724,100,98531,100,99786,100,98515,100,99934,100,98484,100,99967,100,98372,100
2019-06-28 10:03:40.000000000,99253,392,99110,292,99359,292,98898,292,99366,100,98863,100,99578,100,98798,100,99624,100,98576,100,99723,100,98569,100,99724,100,98531,100,99786,100,98515,100,99934,100,98484,100,99967,100,98372,100
2019-06-28 10:03:41.952115686,99253,392,99110,292,99359,292,98898,292,99514,100,98863,100,99578,100,98798,100,99624,100,98576,100,99723,100,98569,100,99724,100,98531,100,99786,100,98515,100,99934,100,98484,100,99967,100,98372,100
2019-06-28 10:03:43.959526460,99253,392,99110,292,99271,100,98898,292,99359,292,98863,100,99514,100,98798,100,99578,100,98576,100,99624,100,98569,100,99723,100,98531,100,99724,100,98515,100,99786,100,98484,100,99934,100,98372,100
2019-06-28 10:03:50.000000000,99253,392,99110,292,99271,292,98898,292,99359,100,98863,100,99514,100,98798,100,99578,100,98576,100,99624,100,98569,100,99723,100,98531,100,99724,100,98515,100,99786,100,98484,100,99934,100,98372,100
2019-06-28 10:04:00.000000000,99253,296,99110,196,99271,196,98898,196,99359,196,98863,196,99514,196,98798,196,99578,100,98576,100,99624,100,98569,100,99723,100,98531,100,99724,100,98515,100,99786,100,98484,100,99934,100,98372,100
2019-06-28 10:04:10.000000000,99253,296,99110,196,99271,196,98898,196,99359,196,98863,196,99514,196,98798,196,99578,100,98576,100,99624,100,98569,100,99723,100,98531,100,99724,100,98515,100,99786,100,98484,100,99934,100,98372,100
2019-06-28 10:04:10.297772979,99253,296,99241,100,99271,196,99110,196,99359,96,98898,196,99514,196,98863,196,99578,100,98798,196,99624,100,98576,100,99723,100,98569,100,99724,100,98531,100,99786,100,98515,100,99934,100,98484,100
2019-06-28 10:04:20.000000000,99253,392,99241,292,99271,292,99110,292,99514,100,98898,100,99578,100,98863,100,99624,100,98798,100,99723,100,98576,100,99724,100,98569,100,99786,100,98531,100,99934,100,98515,100,99967,100,98484,100
2019-06-28 10:04:20.296223092,99253,292,99241,292,99271,292,99110,292,99514,100,98898,100,99578,100,98863,100,99624,100,98798,100,99723,100,98576,100,99724,100,98569,100,99786,100,98531,100,99934,100,98515,100,99967,100,98484,100
2019-06-28 10:04:22.847709304,99253,292,99241,292,99271,292,99110,292,99514,100,98898,100,99578,100,98863,100,99624,100,98798,100,99723,100,98576,100,99724,100,98569,100,99786,100,98531,100,99902,100,98515,100,99934,100,98484,100
2019-06-28 10:04:30.000000000,99253,230,99241,230,99271,226,99110,226,99514,226,98898,226,99578,100,98863,100,99624,100,98798,100,99723,100,98576,100,99724,100,98569,100,99786,100,98531,100,99902,100,98515,100,99934,100,98484,100
2019-06-28 10:04:40.000000000,99253,230,99241,230,99271,226,99110,226,99514,226,98898,226,99578,100,98863,100,99624,100,98798,100,99723,100,98576,100,99724,100,98569,100,99786,100,98531,100,99902,100,98515,100,99934,100,98484,100
2019-06-28 10:04:50.000000000,99253,230,99241,230,99271,226,99110,226,99514,226,98898,226,99578,100,98863,100,99624,100,98798,100,99723,100,98576,100,99724,100,98569,100,99786,100,98531,100,99902,100,98515,100,99934,100,98484,100
2019-06-28 10:05:00.000000000,99253,177,99241,177,99271,177,99110,177,99514,177,98898,177,99578,177,98863,177,99624,177,98798,177,99723,100,98576,100,99724,100,98569,100,99786,100,98531,100,99902,100,98515,100,99934,100,98484,100
2019-06-28 10:05:10.000000000,99253,177,99241,177,99271,177,99110,177,99514,177,98898,177,99578,177,98863,177,99624,177,98798,177,99723,100,98576,100,99724,100,98569,100,99786,100,98531,100,99902,100,98515,100,99934,100,98484,100
2019-06-28 10:05:17.424549441,99253,177,99241,177,99271,177,99110,177,99514,177,98898,177,99578,177,98863,177,99624,177,98798,177,99723,100,98576,100,99724,100,98569,100,99786,100,98531,100,99902,100,98515,100,99934,100,98484,100
2019-06-28 10:05:20.000000000,99253,292,99241,292,99271,292,99110,292,99514,100,98898,100,99578,100,98863,100,99624,100,98798,100,99723,100,98576,100,99724,100,98569,100,99786,100,98531,100,99902,100,98515,100,99934,100,98484,100
2019-06-28 10:05:20.339520421,99253,292,99241,292,99271,192,99110,292,99514,100,98898,100,99578,100,98863,100,99624,100,98798,100,99723,100,98576,100,99724,100,98569,100,99786,100,98531,100,99902,100,98515,100,99934,100,98484,100
2019-06-28 10:05:30.000000000,99253,196,99241,196,99514,196,99110,196,99578,196,98898,196,99624,196,98863,196,99723,100,98798,100,99724,100,98576,100,99786,100,98569,100,99902,100,98531,100,99934,100,98515,100,99967,100,98484,100
2019-06-28 10:05:40.000000000,99253,292,99241,292,99514,292,99110,292,99578,100,98898,100,99624,100,98863,100,99723,100,98798,100,99724,100,98576,100,99786,100,98569,100,99902,100,98531,100,99934,100,98515,100,99967,100,98484,100
2019-06-28 10:05:50.000000000,99253,230,99241,230,99514,226,99110,226,99578,226,98898,226,99624,100,98863,100,99723,100,98798,100,99724,100,98576,100,99786,100,98569,100,99902,100,98531,100,99934,100,98515,100,99967,100,98484,100
2019-06-28 10:05:58.153819462,99253,230,99242,100,99514,226,99241,230,99578,226,99110,226,99624,100,98898,226,99723,100,98863,100,99724,100,98798,100,99786,100,98576,100,99902,100,98569,100,99934,100,98531,100,99967,100,98515,100
2019-06-28 10:05:59.501584009,99253,130,99242,100,99514,226,99241,230,99578,226,99110,226,99723,100,98898,226,99724,100,98863,100,99786,100,98798,100,99902,100,98576,100,99934,100,98569,100,99967,100,98531,100,99975,100,98515,100
2019-06-28 10:06:00.000000000,99514,292,99242,292,99578,292,99241,292,99723,100,99110,100,99724,100,98898,100,99786,100,98863,100,99902,100,98798,100,99934,100,98576,100,99967,100,98569,100,99975,100,98531,100,100005,100,98515,100
2019-06-28 10:06:10.000000000,99514,483,99242,483,99578,100,99241,100,99723,100,99110,100,99724,100,98898,100,99786,100,98863,100,99902,100,98798,100,99934,100,98576,100,99967,100,98569,100,99975,100,98531,100,100005,100,98515,100
2019-06-28 10:06:20.000000000,99514,483,99242,483,99578,100,99241,100,99723,100,99110,100,99724,100,98898,100,99786,100,98863,100,99902,100,98798,100,99934,100,98576,100,99967,100,98569,100,99975,100,98531,100,100005,100,98515,100
2019-06-28 10:06:30.000000000,99514,230,99242,230,99578,226,99241,226,99723,226,99110,226,99724,100,98898,100,99786,100,98863,100,99902,100,98798,100,99934,100,98576,100,99967,100,98569,100,99975,100,98531,100,100005,100,98515,100
2019-06-28 10:06:40.000000000,99514,196,99242,196,99578,196,99241,196,99723,196,99110,196,99724,196,98898,196,99786,100,98863,100,99902,100,98798,100,99934,100,98576,100,99967,100,98569,100,99975,100,98531,100,100005,100,98515,100
2019-06-28 10:06:43.810215361,99514,196,99242,196,99578,196,99241,196,99723,196,99110,196,99724,196,98898,196,99749,100,98863,100,99786,100,98798,100,99902,100,98576,100,99934,100,98569,100,99975,100,98531,100,100005,100,98515,100
2019-06-28 10:06:50.000000000,99514,483,99242,483,99578,100,99241,100,99723,100,99110,100,99724,100,98898,100,99749,100,98863,100,99786,100,98798,100,99902,100,98576,100,99934,100,98569,100,99975,100,98531,100,100005,100,98515,100
2019-06-28 10:06:53.924532004,99514,483,99242,483,99578,100,99241,100,99588,100,99110,100,99723,100,98898,100,99724,100,98863,100,99749,100,98798,100,99786,100,98576,100,99902,100,98569,100,99934,100,98531,100,99975,100,98515,100
2019-06-28 10:07:00.000000000,99514,177,99242,177,99578,177,99241,177,99588,177,99110,177,99723,177,98898,177,99724,177,98863,177,99749,100,98798,100,99786,100,98576,100,99902,100,98569,100,99934,100,98531,100,99975,100,98515,100
2019-06-28 10:07:04.987270109,99514,177,99242,177,99578,177,99241,177,99588,177,99181,100,99723,177,99110,177,99724,177,98898,177,99749,100,98863,177,99786,100,98798,100,99902,100,98576,100,99934,100,98569,100,99975,100,98531,100
2019-06-28 10:07:07.418045987,99514,177,99242,177,99578,177,99241,177,99588,177,99181,100,99723,177,99110,177,99724,177,99042,100,99749,100,98898,177,99786,100,98863,177,99902,100,98798,100,99934,100,98576,100,99975,100,98569,100
2019-06-28 10:07:10.000000000,99514,292,99242,292,99578,292,99241,292,99588,100,99181,100,99723,100,99110,100,99724,100,99042,100,99749,100,98898,100,99786,100,98863,100,99902,100,98798,100,99934,100,98576,100,99975,100,98569,100
2019-06-28 10:07:20.000000000,99514,196,99242,196,99578,196,99241,196,99588,196,99181,196,99723,196,99110,196,99724,100,99042,100,99749,100,98898,100,99786,100,98863,100,99902,100,98798,100,99934,100,98576,100,99975,100,98569,100
2019-06-28 10:07:30.000000000,99514,292,99242,292,99578,292,99241,292,99588,100,99181,100,99723,100,99110,100,99724,100,99042,100,99749,100,98898,100,99786,100,98863,100,99902,100,98798,100,99934,100,98576,100,99975,100,98569,100
2019-06-28 10:07:30.664741846,99514,292,99242,292,99578,292,99241,292,99588,100,99181,100,99723,100,99110,100,99724,100,99095,100,99749,100,99042,100,99786,100,98898,100,99902,100,98863,100,99934,100,98798,100,99975,100,98576,100
2019-06-28 10:07:33.050020851,99269,100,99242,292,99514,292,99241,292,99578,292,99181,100,99588,100,99110,100,99723,100,99095,100,99724,100,99042,100,99749,100,98898,100,99786,100,98863,100,99902,100,98798,100,99934,100,98576,100
2019-06-28 10:07:40.000000000,99269,483,99242,483,99514,100,99241,100,99578,100,99181,100,99588,100,99110,100,99723,100,99095,100,99724,100,99042,100,99749,100,98898,100,99786,100,98863,100,99902,100,98798,100,99934,100,98576,100
2019-06-28 10:07:50.000000000,99269,483,99242,483,99514,100,99241,100,99578,100,99181,100,99588,100,99110,100,99723,100,99095,100,99724,100,99042,100,99749,100,98898,100,99786,100,98863,100,99902,100,98798,100,99934,100,98576,100
2019-06-28 10:08:00.000000000,99269,230,99242,230,99514,226,99241,226,99578,226,99181,226,99588,100,99110,100,99723,100,99095,100,99724,100,99042,100,99749,100,98898,100,99786,100,98863,100,99902,100,98798,100,99934,100,98576,100
2019-06-28 10:08:10.000000000,99269,177,99242,177,99514,177,99241,177,99578,177,99181,177,99588,177,99110,177,99723,177,99095,177,99724,100,99042,100,99749,100,98898,100,99786,100,98863,100,99902,100,98798,100,99934,100,98576,100
2019-06-28 10:08:11.203159914,99269,77,99242,177,99514,177,99241,177,99578,177,99181,177,99588,177,99110,177,99723,177,99095,177,99724,100,99042,100,99749,100,98898,100,99786,100,98863,100,99934,100,98798,100,99975,100,98576,100
2019-06-28 10:08:20.000000000,99514,177,99242,177,99578,177,99241,177,99588,177,99181,177,99723,177,99110,177,99724,177,99095,177,99749,100,99042,100,99786,100,98898,100,99934,100,98863,100,99975,100,98798,100,100005,100,98576,100
2019-06-28 10:08:30.000000000,99514,483,99242,483,99578,100,99241,100,99588,100,99181,100,99723,100,99110,100,99724,100,99095,100,99749,100,99042,100,99786,100,98898,100,99934,100,98863,100,99975,100,98798,100,100005,100,98576,100
2019-06-28 10:08:34.628647110,99514,483,99432,100,99578,100,99242,483,99588,100,99241,100,99723,100,99181,100,99724,100,99110,100,99749,100,99095,100,99786,100,99042,100,99934,100,98898,100,99975,100,98863,100,100005,100,98798,100
2019-06-28 10:08:40.000000000,99514,230,99432,230,99578,226,99242,226,99588,226,99241,226,99723,100,99181,100,99724,100,99110,100,99749,100,99095,100,99786,100,99042,100,99934,100,98898,100,99975,100,98863,100,100005,100,98798,100
2019-06-28 10:08:50.000000000,99514,292,99432,292,99578,292,99242,292,99588,100,99241,100,99723,100,99181,100,99724,100,99110,100,99749,100,99095,100,99786,100,99042,100,99934,100,98898,100,99975,100,98863,100,100005,100,98798,100
2019-06-28 10:08:54.265351583,99514,192,99432,292,99578,292,99242,292,99588,100,99241,100,99723,100,99181,100,99724,100,99110,100,99749,100,99095,100,99786,100,99042,100,99934,100,98898,100,99975,100,98863,100,100005,100,98798,100
2019-06-28 10:09:00.000000000,99578,483,99432,483,99588,100,99242,100,99723,100,99241,100,99724,100,99181,100,99749,100,99110,100,99786,100,99095,100,99934,100,99042,100,99975,100,98898,100,100005,100,98863,100,100072,100,98798,100
2019-06-28 10:09:10.000000000,99578,230,99432,230,99588,226,99242,226,99723,226,99241,226,99724,100,99181,100,99749,100,99110,100,99786,100,99095,100,99934,100,99042,100,99975,100,98898,100,100005,100,98863,100,100072,100,98798,100
2019-06-28 10:09:19.152537638,99481,100,99432,230,99578,230,99242,226,99588,226,99241,226,99723,226,99181,100,99724,100,99110,100,99749,100,99095,100,99786,100,99042,100,99934,100,98898,100,99975,100,98863,100,100005,100,98798,100
2019-06-28 10:09:20.000000000,99481,230,99432,230,99578,226,99242,226,99588,226,99241,226,99723,100,99181,100,99724,100,99110,100,99749,100,99095,100,99786,100,99042,100,99934,100,98898,100,99975,100,98863,100,100005,100,98798,100
2019-06-28 10:09:25.255738166,99481,230,99432,230,99578,226,99242,226,99588,226,99241,226,99723,100,99193,100,99724,100,99181,100,99749,100,99110,100,99786,100,99095,100,99934,100,99042,100,99975,100,98898,100,100005,100,98863,100
2019-06-28 10:09:30.000000000,99481,230,99432,230,99578,226,99242,226,99588,226,99241,226,99723,100,99193,100,99724,100,99181,100,99749,100,99110,100,99786,100,99095,100,99934,100,99042,100,99975,100,98898,100,100005,100,98863,100
2019-06-28 10:09:40.000000000,99481,177,99432,177,99578,177,99242,177,99588,177,99241,177,99723,177,99193,177,99724,177,99181,177,99749,100,99110,100,99786,100,99095,100,99934,100,99042,100,99975,100,98898,100,100005,100,98863,100
2019-06-28 10:09:47.042246136,99481,177,99432,177,99489,100,99242,177,99578,177,99241,177,99588,177,99193,177,99723,177,99181,177,99724,177,99110,100,99749,100,99095,100,99786,100,99042,100,99934,100,98898,100,99975,100,98863,100
2019-06-28 10:09:50.000000000,99481,177,99432,177,99489,177,99242,177,99578,177,99241,177,99588,177,99193,177,99723,177,99181,177,99724,100,99110,100,99749,100,99095,100,99786,100,99042,100,99934,100,98898,100,99975,100,98863,100
2019-06-28 10:09:50.773139609,99481,177,99432,177,99489,177,99269,100,99578,177,99242,177,99588,177,99241,177,99723,177,99193,177,99724,100,99181,177,99749,100,99110,100,99786,100,99095,100,99934,100,99042,100,99975,100,98898,100
