,ask_price_1,ask_size_1,bid_price_1,bid_size_1,ask_price_2,ask_size_2,bid_price_2,bid_size_2,ask_price_3,ask_size_3,bid_price_3,bid_size_3,ask_price_4,ask_size_4,bid_price_4,bid_size_4,ask_price_5,ask_size_5,bid_price_5,bid_size_5,ask_price_6,ask_size_6,bid_price_6,bid_size_6,ask_price_7,ask_size_7,bid_price_7,bid_size_7,ask_price_8,ask_size_8,bid_price_8,bid_size_8,ask_price_9,ask_size_9,bid_price_9,bid_size_9,ask_price_10,ask_size_10,bid_price_10,bid_size_10
2019-06-28 09:30:00.000000000,100082,100,,,,,,,,,,,,,,,,,,,,,,,,,,,,,,,,,,,,,,
2019-06-28 09:30:00.000000001,100082,100,,,100102,100,,,,,,,,,,,,,,,,,,,,,,,,,,,,,,,,,,
2019-06-28 09:30:00.000000009,100082,100,100008,100,100102,100,,,,,,,,,,,,,,,,,,,,,,,,,,,,,,,,,,
2019-06-28 09:30:00.000000010,100082,100,,,100102,100,,,,,,,,,,,,,,,,,,,,,,,,,,,,,,,,,,
2019-06-28 09:30:00.000000011,100026,100,99964,100,100082,100,,,100102,100,,,,,,,,,,,,,,,,,,,,,,,,,,,,,,
2019-06-28 09:30:00.000000013,100026,100,99964,100,100082,100,99853,100,100102,100,,,,,,,,,,,,,,,,,,,,,,,,,,,,,,
2019-06-28 09:30:00.000000017,100026,100,99964,100,100058,100,99853,100,100082,100,,,100097,100,,,100102,100,,,100210,100,,,,,,,,,,,,,,,,,,
2019-06-28 09:30:00.000000018,100026,100,99964,100,100058,100,99853,100,100082,100,99844,100,100097,100,,,100102,100,,,100210,100,,,,,,,,,,,,,,,,,,
2019-06-28 09:30:00.000000019,100026,100,99964,100,100058,100,99853,100,100082,100,99844,100,100097,100,,,100102,100,,,100130,100,,,100210,100,,,,,,,,,,,,,,
2019-06-28 09:30:00.000000021,100026,100,99964,100,100058,100,99910,100,100082,100,99858,100,100097,100,99853,100,100102,100,99844,100,100130,100,,,100170,100,,,100210,100,,,,,,,,,,
2019-06-28 09:30:00.000000023,100026,100,99964,100,100058,100,99923,100,100082,100,99910,100,100097,100,99858,100,100102,100,99853,100,100130,100,99844,100,100170,100,,,100210,100,,,,,,,,,,
2019-06-28 09:30:00.000000024,100013,100,99964,100,100026,100,99923,100,100058,100,99910,100,100082,100,99858,100,100097,100,99853,100,100102,100,99844,100,100130,100,,,100170,100,,,100210,100,,,,,,
2019-06-28 09:30:00.000000025,100013,100,99964,100,100026,100,99923,100,100058,100,99910,100,100060,100,99858,100,100082,100,99853,100,100097,100,99844,100,100102,100,,,100130,100,,,100170,100,,,100210,100,,
2019-06-28 09:30:00.000000027,100013,100,99964,100,100026,100,99923,100,100051,100,99910,100,100058,100,99888,100,100060,100,99858,100,100082,100,99853,100,100097,100,99844,100,100102,100,,,100112,100,,,100130,100,,
2019-06-28 09:30:00.000000030,100013,100,99964,100,100026,100,99923,100,100051,100,99910,100,100058,100,99888,100,100060,100,99858,100,100082,100,99853,100,100097,100,99844,100,100100,100,,,100102,100,,,100112,100,,
2019-06-28 09:30:00.000000031,100013,100,99964,100,100026,100,99923,100,100051,100,99910,100,100058,100,99888,100,100060,100,99858,100,100082,100,99853,100,100097,100,99844,100,100100,100,,,100102,100,,,100112,100,,
2019-06-28 09:30:00.000000033,99967,100,99964,100,100013,100,99954,100,100026,100,99923,100,100051,100,99910,100,100058,100,99888,100,100060,100,99858,100,100082,100,99853,100,100097,100,99844,100,100100,100,99838,100,100102,100,,
2019-06-28 09:30:00.000000034,99967,100,99964,100,99968,100,99954,100,100013,100,99950,100,100026,100,99923,100,100051,100,99910,100,100058,100,99888,100,100060,100,99858,100,100082,100,99853,100,100097,100,99844,100,100100,100,99838,100
2019-06-28 09:30:00.000000045,99968,100,99964,100,99981,100,99954,100,100013,100,99950,100,100026,100,99923,100,100051,100,99910,100,100058,100,99888,100,100060,100,99858,100,100082,100,99853,100,100097,100,99844,100,100100,100,99838,100
2019-06-28 09:30:00.000000046,99968,100,99967,100,99981,100,99964,100,100013,100,99954,100,100026,100,99950,100,100051,100,99923,100,100058,100,99910,100,100060,100,99888,100,100082,100,99858,100,100097,100,99853,100,100100,100,99844,100
2019-06-28 09:30:00.000000049,99968,100,99967,100,99981,100,99964,100,100013,100,99954,100,100026,100,99950,100,100051,100,99923,100,100058,100,99910,100,100060,100,99888,100,100082,100,99868,100,100097,100,99858,100,100100,100,99853,100
2019-06-28 09:30:00.000000052,99981,100,99967,100,100013,100,99964,100,100026,100,99961,100,100051,100,99954,100,100058,100,99950,100,100060,100,99923,100,100082,100,99910,100,100097,100,99888,100,100100,100,99868,100,100102,100,99858,100
2019-06-28 09:30:00.000000054,99981,100,99968,100,100013,100,99967,100,100026,100,99964,100,100051,100,99961,100,100058,100,99954,100,100060,100,99950,100,100082,100,99923,100,100097,100,99910,100,100100,100,99888,100,100102,100,99868,100
2019-06-28 09:30:00.000000060,99981,100,99967,100,100013,100,99964,100,100026,100,99961,100,100051,100,99954,100,100058,100,99950,100,100060,100,99923,100,100082,100,99910,100,100097,100,99888,100,100100,100,99868,100,100102,100,99858,100
2019-06-28 09:30:00.000000061,99981,100,99967,100,99996,100,99964,100,100013,100,99961,100,100026,100,99954,100,100051,100,99950,100,100058,100,99923,100,100060,100,99910,100,100082,100,99888,100,100097,100,99868,100,100100,100,99858,100
2019-06-28 09:30:00.000000062,99970,100,99964,100,99981,100,99961,100,99996,100,99954,100,100013,100,99950,100,100026,100,99923,100,100051,100,99910,100,100058,100,99901,100,100060,100,99888,100,100082,100,99868,100,100097,100,99858,100
2019-06-28 09:30:00.000000064,99970,100,99964,100,99981,100,99961,100,99996,100,99954,100,100013,100,99950,100,100026,100,99923,100,100045,100,99910,100,100051,100,99901,100,100058,100,99888,100,100060,100,99868,100,100082,100,99858,100
2019-06-28 09:30:00.000000065,99970,100,99964,100,99981,100,99961,200,99996,100,99954,100,100013,100,99950,100,100026,100,99923,100,100045,100,99910,100,100051,100,99901,100,100058,100,99888,100,100060,100,99868,100,100082,100,99858,100
2019-06-28 09:30:00.000000066,99970,100,99964,100,99981,100,99961,200,99996,100,99954,100,100013,100,99950,100,100026,100,99923,100,100045,100,99910,100,100051,100,99901,100,100058,100,99888,100,100060,100,99868,100,100073,100,99858,100
2019-06-28 09:30:00.000000067,99970,100,99964,100,99981,100,99961,200,99996,100,99954,100,100013,100,99950,100,100026,100,99923,100,100045,100,99910,100,100051,100,99901,100,100058,100,99888,100,100060,100,99868,100,100073,100,99858,100
2019-06-28 09:30:00.000000068,99970,100,99967,100,99981,100,99964,100,99996,100,99961,200,100013,100,99954,100,100026,100,99950,100,100045,100,99923,100,100051,100,99910,100,100058,100,99901,100,100060,100,99888,100,100073,100,99868,100
2019-06-28 09:30:00.000000070,99970,100,99969,100,99981,100,99967,100,99996,100,99964,100,100013,100,99961,200,100026,100,99954,100,100045,100,99950,100,100051,100,99923,100,100058,100,99910,100,100060,100,99901,100,100073,100,99888,100
2019-06-28 09:30:00.000000071,99970,100,99969,100,99981,100,99967,100,99996,100,99964,100,100013,100,99961,200,100026,100,99954,100,100045,100,99950,100,100051,100,99923,100,100058,100,99910,100,100060,100,99901,100,100073,100,99888,100
2019-06-28 09:30:00.000000072,99970,100,99969,100,99981,100,99967,100,99996,100,99964,100,100013,100,99961,200,100026,100,99954,100,100045,100,99950,100,100051,100,99923,100,100058,100,99910,100,100060,100,99901,100,100073,100,99888,100
2019-06-28 09:30:00.000000077,99970,100,99969,100,99981,100,99967,100,99996,100,99964,100,100013,100,99961,200,100026,100,99954,100,100045,100,99950,100,100051,100,99923,100,100058,100,99910,100,100060,100,99901,100,100073,100,99888,100
2019-06-28 09:30:00.000000078,99970,100,99967,100,99981,100,99964,100,99996,100,99961,200,100013,100,99954,100,100026,100,99950,100,100045,100,99923,100,100051,100,99910,100,100058,100,99901,100,100060,100,99888,100,100073,100,99868,100
2019-06-28 09:30:00.000000081,99981,100,99967,100,99996,100,99964,100,100013,100,99961,200,100026,100,99954,100,100045,100,99950,100,100051,100,99923,100,100058,100,99910,100,100060,100,99901,100,100073,100,99888,100,100082,100,99868,100
2019-06-28 09:30:00.000000086,99981,100,99967,100,99996,100,99964,100,100013,100,99961,200,100026,100,99954,100,100045,100,99950,100,100051,100,99923,100,100058,100,99910,100,100060,100,99901,100,100073,100,99888,100,100082,100,99870,100
2019-06-28 09:30:00.000000087,99981,100,99967,100,99993,100,99964,100,99996,100,99961,200,100013,100,99954,100,100026,100,99950,100,100045,100,99923,100,100051,100,99910,100,100058,100,99901,100,100060,100,99888,100,100073,100,99870,100
2019-06-28 09:30:00.000000090,99975,100,99967,100,99981,100,99964,100,99993,100,99961,200,99996,100,99954,100,100013,100,99950,100,100026,100,99923,100,100031,100,99910,100,100045,100,99901,100,100051,100,99888,100,100058,100,99870,100
2019-06-28 09:30:00.000000091,99975,100,99967,100,99981,100,99964,100,99993,100,99961,200,99996,100,99954,100,100013,100,99950,100,100026,100,99923,100,100031,100,99910,100,100045,100,99901,100,100051,100,99888,200,100058,100,99870,100
2019-06-28 09:30:00.000000092,99975,100,99969,100,99981,100,99967,100,99993,100,99964,100,99996,100,99961,200,100013,100,99954,100,100026,100,99950,100,100031,100,99923,100,100045,100,99910,100,100051,100,99901,100,100058,100,99888,200
2019-06-28 09:30:00.000000093,99981,100,99969,100,99993,100,99967,100,99996,100,99964,100,100013,100,99961,200,100026,100,99954,100,100031,100,99950,100,100045,100,99923,100,100051,100,99910,100,100058,100,99901,100,100060,100,99888,200
2019-06-28 09:30:00.000000095,99981,100,99970,100,99993,100,99969,100,99996,100,99967,100,100013,100,99964,100,100026,100,99961,200,100031,100,99954,100,100045,100,99950,100,100051,100,99924,100,100058,100,99923,100,100060,100,99910,100
2019-06-28 09:30:00.000000097,99981,100,99970,100,99993,100,99969,100,99996,100,99967,100,100013,100,99964,100,100026,100,99961,200,100031,100,99954,100,100045,100,99950,100,100051,100,99924,100,100058,100,99923,100,100060,100,99910,100
2019-06-28 09:30:00.000000098,99981,100,99973,100,99993,100,99970,100,99996,100,99969,100,100013,100,99967,100,100026,100,99964,100,100031,100,99961,200,100045,100,99954,100,100051,100,99950,100,100058,100,99924,100,100060,100,99923,100
2019-06-28 09:30:10.000000000,99981,374,99973,374,99993,100,99970,100,99996,100,99969,100,100013,100,99967,100,100026,100,99964,100,100031,100,99961,200,100045,100,99954,100,100051,100,99950,100,100058,100,99924,100,100060,100,99923,100
2019-06-28 09:30:20.000000000,99981,155,99973,155,99993,155,99970,155,99996,155,99969,155,100013,155,99967,155,100026,155,99964,155,100031,100,99961,200,100045,100,99954,100,100051,100,99950,100,100058,100,99924,100,100060,100,99923,100
2019-06-28 09:30:30.000000000,99981,155,99973,155,99993,155,99970,155,99996,155,99969,155,100013,155,99967,155,100026,155,99964,155,100031,100,99961,200,100045,100,99954,100,100051,100,99950,100,100058,100,99924,100,100060,100,99923,100
2019-06-28 09:30:35.108181784,99981,155,99973,155,99993,155,99970,155,99996,155,99969,55,100013,155,99967,155,100026,155,99964,155,100031,100,99961,200,100045,100,99954,100,100051,100,99950,100,100058,100,99924,100,100060,100,99923,100
2019-06-28 09:30:40.000000000,99981,168,99973,168,99993,168,99970,168,99996,168,99967,168,100013,168,99964,168,100026,100,99961,200,100031,100,99954,100,100045,100,99950,100,100051,100,99924,100,100058,100,99923,100,100060,100,99910,100
2019-06-28 09:30:49.268910513,99981,168,99973,68,99993,168,99970,168,99996,168,99967,168,100013,168,99964,168,100026,100,99961,200,100031,100,99954,100,100045,100,99950,100,100051,100,99924,100,100058,100,99923,100,100060,100,99910,100
2019-06-28 09:30:50.000000000,99981,374,99970,374,99993,100,99967,100,99996,100,99964,100,100013,100,99961,200,100026,100,99954,100,100031,100,99950,100,100045,100,99924,100,100051,100,99923,100,100058,100,99910,100,100060,100,99908,100
2019-06-28 09:30:50.109852369,99975,100,99970,374,99981,374,99967,100,99993,100,99964,100,99996,100,99961,200,100013,100,99954,100,100026,100,99950,100,100031,100,99924,100,100045,100,99923,100,100051,100,99910,100,100058,100,99908,100
2019-06-28 09:30:55.071376895,99975,100,99970,274,99981,374,99967,100,99993,100,99964,100,99996,100,99961,200,100013,100,99954,100,100026,100,99950,100,100031,100,99924,100,100045,100,99923,100,100051,100,99910,100,100058,100,99908,100
2019-06-28 09:31:00.000000000,99975,155,99967,155,99981,155,99964,155,99993,155,99961,255,99996,155,99954,155,100013,155,99950,155,100026,100,99924,100,100031,100,99923,100,100045,100,99910,100,100051,100,99908,100,100058,100,99901,100
2019-06-28 09:31:10.000000000,99975,237,99967,237,99981,237,99964,237,99993,100,99961,200,99996,100,99954,100,100013,100,99950,100,100026,100,99924,100,100031,100,99923,100,100045,100,99910,100,100051,100,99908,100,100058,100,99901,100
2019-06-28 09:31:20.000000000,99975,193,99967,193,99981,190,99964,190,99993,190,99961,290,99996,100,99954,100,100013,100,99950,100,100026,100,99924,100,100031,100,99923,100,100045,100,99910,100,100051,100,99908,100,100058,100,99901,100
2019-06-28 09:31:30.000000000,99975,155,99967,155,99981,155,99964,155,99993,155,99961,255,99996,155,99954,155,100013,155,99950,155,100026,100,99924,100,100031,100,99923,100,100045,100,99910,100,100051,100,99908,100,100058,100,99901,100
2019-06-28 09:31:30.990910195,99975,155,99967,155,99981,155,99964,155,99993,155,99961,155,99996,155,99954,155,100013,155,99950,155,100026,100,99924,100,100031,100,99923,100,100045,100,99910,100,100051,100,99908,100,100058,100,99901,100
2019-06-28 09:31:37.531268290,99975,155,99967,55,99981,155,99964,155,99993,155,99961,155,99996,155,99954,155,100013,155,99950,155,100026,100,99924,100,100031,100,99923,100,100045,100,99910,100,100051,100,99908,100,100060,100,99901,100
2019-06-28 09:31:40.000000000,99975,168,99964,168,99981,168,99961,168,99993,168,99954,168,99996,168,99950,168,100013,100,99924,100,100026,100,99923,100,100031,100,99910,100,100045,100,99908,100,100051,100,99901,100,100060,100,99888,200
2019-06-28 09:31:50.000000000,99975,155,99964,155,99981,155,99961,155,99993,155,99954,155,99996,155,99950,155,100013,155,99924,155,100026,100,99923,100,100031,100,99910,100,100045,100,99908,100,100051,100,99901,100,100060,100,99888,200
2019-06-28 09:31:50.587656172,99975,155,99964,55,99981,155,99961,155,99993,155,99954,155,99996,155,99950,155,100013,155,99924,155,100026,100,99923,100,100031,100,99910,100,100045,100,99908,100,100051,100,99901,100,100060,100,99888,200
2019-06-28 09:31:52.693771353,99975,155,99964,55,99981,155,99961,155,99993,55,99954,155,99996,155,99950,155,100013,155,99924,155,100026,100,99923,100,100031,100,99910,100,100045,100,99908,100,100051,100,99901,100,100060,100,99888,200
2019-06-28 09:32:00.000000000,99975,155,99961,155,99981,155,99954,155,99996,155,99950,155,100013,155,99924,155,100026,155,99923,155,100031,100,99910,100,100045,100,99908,100,100051,100,99901,100,100060,100,99888,200,100073,100,99886,100
2019-06-28 09:32:10.000000000,99975,374,99961,374,99981,100,99954,100,99996,100,99950,100,100013,100,99924,100,100026,100,99923,100,100031,100,99910,100,100045,100,99908,100,100051,100,99901,100,100060,100,99888,200,100073,100,99886,100
2019-06-28 09:32:10.932714463,99975,374,99961,274,99981,100,99954,100,99996,100,99950,100,100013,100,99924,100,100026,100,99923,100,100031,100,99910,100,100045,100,99908,100,100051,100,99888,200,100060,100,99886,100,100073,100,99870,100
2019-06-28 09:32:20.000000000,99975,193,99954,193,99981,190,99950,190,99996,190,99924,190,100013,100,99923,100,100026,100,99910,100,100031,100,99908,100,100045,100,99888,200,100051,100,99886,100,100060,100,99870,100,100073,100,99868,100
2019-06-28 09:32:30.000000000,99975,374,99954,374,99981,100,99950,100,99996,100,99924,100,100013,100,99923,100,100026,100,99910,100,100031,100,99908,100,100045,100,99888,200,100051,100,99886,100,100060,100,99870,100,100073,100,99868,100
2019-06-28 09:32:40.000000000,99975,193,99954,193,99981,190,99950,190,99996,190,99924,190,100013,100,99923,100,100026,100,99910,100,100031,100,99908,100,100045,100,99888,200,100051,100,99886,100,100060,100,99870,100,100073,100,99868,100
2019-06-28 09:32:43.889807272,99975,193,99954,93,99981,190,99950,190,99996,190,99924,190,100013,100,99923,100,100026,100,99910,100,100031,100,99908,100,100045,100,99888,200,100051,100,99886,100,100060,100,99870,100,100073,100,99868,100
2019-06-28 09:32:50.000000000,99975,193,99950,193,99981,190,99924,190,99996,190,99923,190,100013,100,99910,100,100026,100,99908,100,100031,100,99888,200,100045,100,99886,100,100051,100,99870,100,100060,100,99868,100,100073,100,99867,100
2019-06-28 09:33:00.000000000,99975,374,99950,374,99981,100,99924,100,99996,100,99923,100,100013,100,99910,100,100026,100,99908,100,100031,100,99888,200,100045,100,99886,100,100051,100,99870,100,100060,100,99868,100,100073,100,99867,100
2019-06-28 09:33:10.000000000,99975,168,99950,168,99981,168,99924,168,99996,168,99923,168,100013,168,99910,168,100026,100,99908,100,100031,100,99888,200,100045,100,99886,100,100051,100,99870,100,100060,100,99868,100,100073,100,99867,100
2019-06-28 09:33:20.000000000,99975,168,99950,168,99981,168,99924,168,99996,168,99923,168,100013,168,99910,168,100026,100,99908,100,100031,100,99888,200,100045,100,99886,100,100051,100,99870,100,100060,100,99868,100,100073,100,99867,100
2019-06-28 09:33:30.000000000,99975,155,99950,155,99981,155,99924,155,99996,155,99923,155,100013,155,99910,155,100026,155,99908,155,100031,100,99888,200,100045,100,99886,100,100051,100,99870,100,100060,100,99868,100,100073,100,99867,100
2019-06-28 09:33:40.000000000,99975,374,99950,374,99981,100,99924,100,99996,100,99923,100,100013,100,99910,100,100026,100,99908,100,100031,100,99888,200,100045,100,99886,100,100051,100,99870,100,100060,100,99868,100,100073,100,99867,100
2019-06-28 09:33:50.000000000,99975,237,99950,237,99981,237,99924,237,99996,100,99923,100,100013,100,99910,100,100026,100,99908,100,100031,100,99888,200,100045,100,99886,100,100051,100,99870,100,100060,100,99868,100,100073,100,99867,100
2019-06-28 09:33:59.072206468,99964,100,99950,237,99975,237,99924,237,99981,237,99923,100,99996,100,99910,100,100013,100,99908,100,100026,100,99888,200,100031,100,99886,100,100045,100,99870,100,100060,100,99868,100,100073,100,99867,100
2019-06-28 09:34:00.000000000,99964,168,99950,168,99975,168,99924,168,99981,168,99923,168,99996,168,99910,168,100013,100,99908,100,100026,100,99888,200,100031,100,99886,100,100045,100,99870,100,100060,100,99868,100,100073,100,99867,100
2019-06-28 09:34:07.397969726,99964,168,99950,68,99975,168,99924,168,99981,168,99923,168,99996,168,99910,168,100013,100,99908,100,100026,100,99888,200,100031,100,99886,100,100045,100,99870,100,100060,100,99868,100,100073,100,99867,100
2019-06-28 09:34:10.000000000,99964,374,99924,374,99975,100,99923,100,99981,100,99910,100,99996,100,99908,100,100013,100,99888,200,100026,100,99886,100,100031,100,99870,100,100045,100,99868,100,100060,100,99867,100,100073,100,99858,100
2019-06-28 09:34:16.365517803,99964,374,99924,374,99975,100,99923,100,99981,100,99910,100,99996,100,99908,100,100013,100,99888,200,100026,100,99886,100,100031,100,99870,100,100045,100,99868,100,100060,100,99867,100,100073,100,99858,100
2019-06-28 09:34:20.000000000,99964,237,99924,237,99975,237,99923,237,99981,100,99910,100,99996,100,99908,100,100013,100,99888,200,100026,100,99886,100,100031,100,99870,100,100045,100,99868,100,100060,100,99867,100,100073,100,99858,100
2019-06-28 09:34:30.000000000,99964,193,99924,193,99975,190,99923,190,99981,190,99910,190,99996,100,99908,100,100013,100,99888,200,100026,100,99886,100,100031,100,99870,100,100045,100,99868,100,100060,100,99867,100,100073,100,99858,100
2019-06-28 09:34:40.000000000,99964,155,99924,155,99975,155,99923,155,99981,155,99910,155,99996,155,99908,155,100013,155,99888,255,100026,100,99886,100,100031,100,99870,100,100045,100,99868,100,100060,100,99867,100,100073,100,99858,100
2019-06-28 09:34:46.182667824,99964,155,99924,155,99975,155,99923,155,99981,155,99910,155,99996,155,99908,155,100013,155,99888,255,100026,100,99886,100,100031,100,99877,100,100045,100,99870,100,100060,100,99868,100,100073,100,99867,100
2019-06-28 09:34:50.000000000,99964,155,99924,155,99975,155,99923,155,99981,155,99910,155,99996,155,99908,155,100013,155,99888,255,100026,100,99886,100,100031,100,99877,100,100045,100,99870,100,100060,100,99868,100,100073,100,99867,100
2019-06-28 09:34:56.512358033,99964,155,99924,155,99975,155,99923,155,99979,100,99910,155,99981,155,99908,155,99996,155,99888,255,100013,155,99886,100,100031,100,99877,100,100045,100,99870,100,100060,100,99868,100,100073,100,99867,100
2019-06-28 09:35:00.000000000,99964,193,99924,193,99975,190,99923,190,99979,190,99910,190,99981,100,99908,100,99996,100,99888,200,100013,100,99886,100,100031,100,99877,100,100045,100,99870,100,100060,100,99868,100,100073,100,99867,100
2019-06-28 09:35:04.874201279,99964,93,99924,193,99975,190,99923,190,99979,190,99910,190,99981,100,99908,100,99996,100,99888,200,100013,100,99886,100,100031,100,99877,100,100045,100,99870,100,100060,100,99868,100,100073,100,99867,100
2019-06-28 09:35:06.585547614,99964,93,99924,193,99975,90,99923,190,99979,190,99910,190,99981,100,99908,100,99996,100,99888,200,100013,100,99886,100,100031,100,99877,100,100045,100,99870,100,100060,100,99868,100,100073,100,99867,100
2019-06-28 09:35:10.000000000,99979,193,99924,193,99981,190,99923,190,99996,190,99910,190,100013,100,99908,100,100031,100,99888,200,100045,100,99886,100,100060,100,99877,100,100073,100,99870,100,100082,100,99868,100,100097,100,99867,100
2019-06-28 09:35:17.275854211,99979,93,99924,193,99981,190,99923,190,99996,190,99910,190,100013,100,99908,100,100031,100,99888,200,100045,100,99886,100,100060,100,99877,100,100073,100,99870,100,100082,100,99868,100,100097,100,99867,100
2019-06-28 09:35:19.034256174,99979,93,99924,193,99981,190,99923,190,99990,100,99910,190,99996,190,99908,100,100013,100,99888,200,100031,100,99886,100,100045,100,99870,100,100060,100,99868,100,100073,100,99867,100,100082,100,99858,100
2019-06-28 09:35:20.000000000,99981,168,99924,168,99990,168,99923,168,99996,168,99910,168,100013,168,99908,168,100031,100,99888,200,100045,100,99886,100,100060,100,99870,100,100073,100,99868,100,100082,100,99867,100,100097,100,99858,100
2019-06-28 09:35:30.000000000,99981,155,99924,155,99990,155,99923,155,99996,155,99910,155,100013,155,99908,155,100031,155,99888,255,100045,100,99886,100,100060,100,99870,100,100073,100,99868,100,100082,100,99867,100,100097,100,99858,100
2019-06-28 09:35:37.731477107,99981,155,99924,155,99990,155,99923,155,99996,155,99910,155,100013,155,99908,155,100031,55,99888,255,100045,100,99886,100,100060,100,99870,100,100073,100,99868,100,100082,100,99867,100,100097,100,99858,100
2019-06-28 09:35:40.000000000,99981,193,99924,193,99990,190,99923,190,99996,190,99910,190,100013,100,99908,100,100045,100,99888,200,100060,100,99886,100,100073,100,99870,100,100082,100,99868,100,100097,100,99867,100,100100,100,99858,100
2019-06-28 09:35:50.000000000,99981,374,99924,374,99990,100,99923,100,99996,100,99910,100,100013,100,99908,100,100045,100,99888,200,100060,100,99886,100,100073,100,99870,100,100082,100,99868,100,100097,100,99867,100,100100,100,99858,100
2019-06-28 09:35:50.114786249,99981,274,99924,374,99990,100,99923,100,99996,100,99910,100,100013,100,99908,100,100045,100,99888,200,100060,100,99886,100,100073,100,99870,100,100082,100,99868,100,100097,100,99867,100,100100,100,99858,100
2019-06-28 09:36:00.000000000,99990,155,99924,155,99996,155,99923,155,100013,155,99910,155,100045,155,99908,155,100060,155,99888,255,100073,100,99886,100,100082,100,99870,100,100097,100,99868,100,100100,100,99867,100,100102,100,99858,100
2019-06-28 09:36:00.405943520,99990,155,99924,155,99996,155,99923,155,100013,155,99910,155,100045,155,99908,155,100060,155,99888,255,100073,100,99886,100,100082,100,99870,100,100097,100,99868,100,100100,100,99867,100,100102,100,99858,100
2019-06-28 09:36:10.000000000,99990,374,99924,374,99996,100,99923,100,100013,100,99910,100,100045,100,99908,100,100060,100,99888,200,100073,100,99886,100,100082,100,99870,100,100097,100,99868,100,100100,100,99867,100,100102,100,99858,100
2019-06-28 09:36:20.000000000,99990,155,99924,155,99996,155,99923,155,100013,155,99910,155,100045,155,99908,155,100060,155,99888,255,100073,100,99886,100,100082,100,99870,100,100097,100,99868,100,100100,100,99867,100,100102,100,99858,100
2019-06-28 09:36:24.734922378,99990,155,99924,155,99996,155,99923,155,100013,155,99910,155,100045,155,99908,155,100060,155,99888,255,100073,100,99886,100,100082,100,99870,100,100097,100,99868,100,100100,100,99867,100,100102,100,99858,100
2019-06-28 09:36:25.397167760,99990,155,99924,155,99996,155,99923,155,100013,155,99910,155,100045,155,99908,155,100060,155,99888,255,100073,100,99886,100,100082,100,99883,100,100097,100,99870,100,100100,100,99868,100,100102,100,99867,100
2019-06-28 09:36:26.500841305,99990,155,99924,155,99996,155,99923,155,100013,155,99910,155,100045,155,99908,155,100060,155,99888,255,100073,100,99886,100,100082,100,99883,100,100097,100,99870,100,100100,100,99868,100,100102,100,99867,100
2019-06-28 09:36:30.000000000,99990,237,99924,237,99996,237,99923,237,100013,100,99910,100,100045,100,99908,100,100060,100,99888,200,100073,100,99886,100,100082,100,99883,100,100097,100,99870,100,100100,100,99868,100,100102,100,99867,100
2019-06-28 09:36:40.000000000,99990,155,99924,155,99996,155,99923,155,100013,155,99910,155,100045,155,99908,155,100060,155,99888,255,100073,100,99886,100,100082,100,99883,100,100097,100,99870,100,100100,100,99868,100,100102,100,99867,100
2019-06-28 09:36:50.000000000,99990,155,99924,155,99996,155,99923,155,100013,155,99910,155,100045,155,99908,155,100060,155,99888,255,100073,100,99886,100,100082,100,99883,100,100097,100,99870,100,100100,100,99868,100,100102,100,99867,100
2019-06-28 09:36:58.458862220,99990,155,99924,155,99996,155,99923,155,100013,155,99910,155,100045,155,99908,155,100060,155,99888,255,100073,100,99886,100,100082,100,99883,100,100097,100,99870,100,100100,100,99868,100,100102,100,99867,100
2019-06-28 09:37:00.000000000,99990,374,99924,374,99996,100,99923,100,100013,100,99910,100,100045,100,99908,100,100060,100,99888,200,100073,100,99886,100,100082,100,99883,100,100097,100,99870,100,100100,100,99868,100,100102,100,99867,100
2019-06-28 09:37:04.923543675,99990,374,99924,374,99996,100,99923,100,100013,100,99910,100,100045,100,99908,100,100060,100,99888,200,100073,100,99886,100,100097,100,99883,100,100100,100,99870,100,100102,100,99868,100,100112,100,99867,100
2019-06-28 09:37:10.000000000,99990,155,99924,155,99996,155,99923,155,100013,155,99910,155,100045,155,99908,155,100060,155,99888,255,100073,100,99886,100,100097,100,99883,100,100100,100,99870,100,100102,100,99868,100,100112,100,99867,100
2019-06-28 09:37:14.232344357,99990,55,99924,155,99996,155,99923,155,100013,155,99910,155,100045,155,99908,155,100060,155,99888,255,100073,100,99886,100,100097,100,99883,100,100100,100,99870,100,100102,100,99868,100,100112,100,99867,100
2019-06-28 09:37:16.870872005,99990,55,99979,100,99996,155,99924,155,100013,155,99923,155,100045,155,99910,155,100060,155,99908,155,100073,100,99888,255,100097,100,99886,100,100100,100,99883,100,100102,100,99870,100,100112,100,99868,100
2019-06-28 09:37:19.711731057,99996,155,99990,45,100013,155,99979,100,100045,155,99924,155,100060,155,99923,155,100073,100,99910,155,100097,100,99908,155,100100,100,99888,255,100102,100,99886,100,100112,100,99883,100,100113,100,99870,100
2019-06-28 09:37:20.000000000,99996,193,99990,138,100013,190,99979,190,100045,190,99924,190,100060,100,99923,100,100073,100,99910,100,100097,100,99908,100,100100,100,99888,200,100102,100,99886,100,100112,100,99883,100,100113,100,99870,100
2019-06-28 09:37:30.000000000,99996,374,99990,319,100013,100,99979,100,100045,100,99924,100,100060,100,99923,100,100073,100,99910,100,100097,100,99908,100,100100,100,99888,200,100102,100,99886,100,100112,100,99883,100,100113,100,99870,100
2019-06-28 09:37:40.000000000,99996,168,99990,113,100013,168,99979,168,100045,168,99924,168,100060,168,99923,168,100073,100,99910,100,100097,100,99908,100,100100,100,99888,200,100102,100,99886,100,100112,100,99883,100,100113,100,99870,100
2019-06-28 09:37:42.449277217,99996,168,99990,113,100013,168,99979,168,100045,168,99924,168,100060,168,99923,168,100073,100,99910,100,100097,100,99908,100,100100,100,99888,200,100102,100,99886,100,100112,100,99870,100,100113,100,99868,100
2019-06-28 09:37:48.552661346,99996,168,99990,113,100013,68,99979,168,100045,168,99945,100,100060,168,99924,168,100073,100,99923,168,100097,100,99910,100,100100,100,99908,100,100102,100,99888,200,100112,100,99886,100,100113,100,99870,100
2019-06-28 09:37:50.000000000,99996,168,99990,113,100045,168,99979,168,100060,168,99945,168,100073,168,99924,168,100097,100,99923,100,100100,100,99910,100,100102,100,99908,100,100112,100,99888,200,100113,100,99886,100,100118,100,99870,100
2019-06-28 09:37:50.259813619,99996,68,99990,113,100045,168,99979,168,100060,168,99945,168,100073,168,99924,168,100097,100,99923,100,100100,100,99910,100,100102,100,99908,100,100112,100,99888,200,100113,100,99886,100,100118,100,99870,100
2019-06-28 09:37:52.489435840,99996,68,99990,113,100045,168,99979,168,100060,168,99945,168,100073,168,99924,168,100097,100,99923,100,100100,100,99910,100,100102,100,99908,100,100112,100,99888,200,100113,100,99886,100,100118,100,99870,100
2019-06-28 09:37:55.876397730,100045,168,99996,32,100060,68,99990,113,100073,168,99979,168,100097,100,99945,168,100100,100,99924,168,100102,100,99923,100,100112,100,99910,100,100113,100,99908,100,100118,100,99888,200,100130,100,99886,100
2019-06-28 09:38:00.000000000,100045,155,99996,87,100073,155,99990,100,100097,155,99979,155,100100,155,99945,155,100102,155,99924,155,100112,100,99923,100,100113,100,99910,100,100118,100,99908,100,100130,100,99888,200,100132,100,99886,100
2019-06-28 09:38:04.364844811,100045,55,99996,87,100073,155,99990,100,100097,155,99979,155,100100,155,99945,155,100102,155,99924,155,100112,100,99923,100,100113,100,99910,100,100118,100,99908,100,100130,100,99888,200,100132,100,99886,100
2019-06-28 09:38:10.000000000,100073,374,99996,306,100097,100,99990,45,100100,100,99979,100,100102,100,99945,100,100112,100,99924,100,100113,100,99923,100,100118,100,99910,100,100130,100,99908,100,100132,100,99888,200,100165,100,99886,100
2019-06-28 09:38:20.000000000,100073,168,99996,100,100097,168,99990,113,100100,168,99979,168,100102,168,99945,168,100112,100,99924,100,100113,100,99923,100,100118,100,99910,100,100130,100,99908,100,100132,100,99888,200,100165,100,99886,100
2019-06-28 09:38:30.000000000,100073,193,99996,125,100097,190,99990,135,100100,190,99979,190,100102,100,99945,100,100112,100,99924,100,100113,100,99923,100,100118,100,99910,100,100130,100,99908,100,100132,100,99888,200,100165,100,99886,100
2019-06-28 09:38:35.405174655,100073,193,99996,125,100097,190,99990,135,100100,190,99979,190,100102,100,99945,100,100112,100,99924,100,100113,100,99923,100,100118,100,99910,100,100130,100,99908,100,100132,100,99888,200,100165,100,99886,100
2019-06-28 09:38:40.000000000,100073,168,99996,100,100097,168,99990,113,100100,168,99979,168,100102,168,99945,168,100112,100,99924,100,100113,100,99923,100,100118,100,99910,100,100130,100,99908,100,100132,100,99888,200,100165,100,99886,100
2019-06-28 09:38:50.000000000,100073,168,99996,100,100097,168,99990,113,100100,168,99979,168,100102,168,99945,168,100112,100,99924,100,100113,100,99923,100,100118,100,99910,100,100130,100,99908,100,100132,100,99888,200,100165,100,99886,100
2019-06-28 09:38:50.112945802,100073,168,100066,100,100097,168,99996,100,100100,168,99990,113,100102,168,99979,168,100112,100,99945,168,100113,100,99924,100,100118,100,99923,100,100130,100,99910,100,100132,100,99908,100,100165,100,99888,100
2019-06-28 09:39:00.000000000,100073,155,100066,155,100097,155,99996,87,100100,155,99990,100,100102,155,99979,155,100112,155,99945,155,100113,100,99924,100,100118,100,99923,100,100130,100,99910,100,100132,100,99908,100,100165,100,99888,100
2019-06-28 09:39:09.523982677,100073,155,100066,155,100097,155,99996,87,100100,155,99990,100,100102,155,99979,155,100112,155,99945,155,100118,100,99924,100,100130,100,99923,100,100132,100,99910,100,100165,100,99908,100,100170,100,99888,100
2019-06-28 09:39:10.000000000,100073,193,100066,193,100097,190,99996,122,100100,190,99990,135,100102,100,99979,100,100112,100,99945,100,100118,100,99924,100,100130,100,99923,100,100132,100,99910,100,100165,100,99908,100,100170,100,99888,100
2019-06-28 09:39:20.000000000,100073,155,100066,155,100097,155,99996,87,100100,155,99990,100,100102,155,99979,155,100112,155,99945,155,100118,100,99924,100,100130,100,99923,100,100132,100,99910,100,100165,100,99908,100,100170,100,99888,100
2019-06-28 09:39:30.000000000,100073,237,100066,237,100097,237,99996,169,100100,100,99990,45,100102,100,99979,100,100112,100,99945,100,100118,100,99924,100,100130,100,99923,100,100132,100,99910,100,100165,100,99908,100,100170,100,99888,100
2019-06-28 09:39:32.406555726,100073,237,100066,237,100097,237,99996,169,100100,100,99990,45,100102,100,99979,100,100112,100,99945,100,100118,100,99924,100,100130,100,99923,100,100132,100,99910,100,100165,100,99908,100,100170,100,99888,100
2019-06-28 09:39:39.144335164,100073,137,100066,237,100097,237,99996,169,100100,100,99990,45,100102,100,99979,100,100112,100,99945,100,100118,100,99924,100,100130,100,99923,100,100132,100,99910,100,100165,100,99908,100,100170,100,99888,100
2019-06-28 09:39:40.000000000,100097,193,100066,193,100100,190,99996,122,100102,190,99990,135,100112,100,99979,100,100118,100,99945,100,100130,100,99924,100,100132,100,99923,100,100165,100,99910,100,100170,100,99908,100,100177,100,99888,100
2019-06-28 09:39:50.000000000,100097,168,100066,168,100100,168,99996,100,100102,168,99990,113,100112,168,99979,168,100118,100,99945,100,100130,100,99924,100,100132,100,99923,100,100165,100,99910,100,100170,100,99908,100,100177,100,99888,100
2019-06-28 09:39:55.969647075,100097,168,100066,168,100100,168,99996,100,100102,168,99990,113,100112,168,99979,168,100118,100,99945,100,100130,100,99924,100,100132,100,99923,100,100165,100,99910,100,100170,100,99908,100,100177,100,99888,100
2019-06-28 09:40:00.000000000,100097,237,100066,237,100100,237,99996,169,100102,100,99990,45,100112,100,99979,100,100118,100,99945,100,100130,100,99924,100,100132,100,99923,100,100165,100,99910,100,100170,100,99908,100,100177,100,99888,100
2019-06-28 09:40:10.000000000,100097,237,100066,237,100100,237,99996,169,100102,100,99990,45,100112,100,99979,100,100118,100,99945,100,100130,100,99924,100,100132,100,99923,100,100165,100,99910,100,100170,100,99908,100,100177,100,99888,100
2019-06-28 09:40:20.000000000,100097,155,100066,155,100100,155,99996,87,100102,155,99990,100,100112,155,99979,155,100118,155,99945,155,100130,100,99924,100,100132,100,99923,100,100165,100,99910,100,100170,100,99908,100,100177,100,99888,100
2019-06-28 09:40:30.000000000,100097,237,100066,237,100100,237,99996,169,100102,100,99990,45,100112,100,99979,100,100118,100,99945,100,100130,100,99924,100,100132,100,99923,100,100165,100,99910,100,100170,100,99908,100,100177,100,99888,100
2019-06-28 09:40:36.224267770,100097,237,100066,237,100100,237,99996,169,100102,100,99990,45,100112,100,99979,100,100118,100,99945,100,100130,100,99924,100,100132,100,99923,100,100165,100,99910,100,100170,100,99908,100,100177,100,99888,100
2019-06-28 09:40:40.000000000,100097,193,100066,193,100100,190,99996,122,100102,190,99990,135,100112,100,99979,100,100118,100,99945,100,100130,100,99924,100,100132,100,99923,100,100165,100,99910,100,100170,100,99908,100,100177,100,99888,100
2019-06-28 09:40:42.057359415,100097,193,100066,193,100100,190,99996,122,100102,190,99990,135,100112,100,99979,100,100118,100,99945,100,100130,100,99924,100,100132,100,99923,100,100165,100,99910,100,100170,100,99908,100,100177,100,99888,100
2019-06-28 09:40:45.475975901,100097,93,100066,193,100100,190,99996,122,100102,190,99990,135,100112,100,99979,100,100118,100,99945,100,100130,100,99924,100,100132,100,99923,100,100165,100,99910,100,100170,100,99908,100,100177,100,99888,100
2019-06-28 09:40:45.909428002,100100,190,100097,7,100102,190,100066,193,100112,100,99996,122,100118,100,99990,135,100130,100,99979,100,100132,100,99945,100,100165,100,99924,100,100170,100,99923,100,100177,100,99910,100,100205,100,99908,100
2019-06-28 09:40:49.009126674,100100,90,100097,7,100102,190,100066,193,100112,100,99996,122,100118,100,99990,135,100130,100,99979,100,100132,100,99945,100,100165,100,99924,100,100170,100,99923,100,100177,100,99910,100,100205,100,99908,100
2019-06-28 09:40:50.000000000,100102,168,100097,75,100112,168,100066,168,100118,168,99996,100,100130,168,99990,113,100132,100,99979,100,100165,100,99945,100,100170,100,99924,100,100177,100,99923,100,100205,100,99910,100,100210,200,99908,100
2019-06-28 09:41:00.000000000,100102,168,100097,75,100112,168,100066,168,100118,168,99996,100,100130,168,99990,113,100132,100,99979,100,100165,100,99945,100,100170,100,99924,100,100177,100,99923,100,100205,100,99910,100,100210,200,99908,100
2019-06-28 09:41:05.294871688,100102,168,100097,75,100112,168,100066,168,100118,168,99996,100,100130,168,99990,113,100132,100,99979,100,100165,100,99924,100,100170,100,99923,100,100177,100,99910,100,100205,100,99908,100,100210,200,99888,100
2019-06-28 09:41:10.000000000,100102,374,100097,281,100112,100,100066,100,100118,100,99996,32,100130,100,99990,45,100132,100,99979,100,100165,100,99924,100,100170,100,99923,100,100177,100,99910,100,100205,100,99908,100,100210,200,99888,100
2019-06-28 09:41:20.000000000,100102,193,100097,100,100112,190,100066,190,100118,190,99996,122,100130,100,99990,45,100132,100,99979,100,100165,100,99924,100,100170,100,99923,100,100177,100,99910,100,100205,100,99908,100,100210,200,99888,100
2019-06-28 09:41:29.186453637,100102,193,100097,200,100112,190,100066,190,100118,190,99996,122,100130,100,99990,45,100132,100,99979,100,100165,100,99924,100,100170,100,99923,100,100177,100,99910,100,100205,100,99908,100,100210,200,99888,100
2019-06-28 09:41:30.000000000,100102,193,100097,200,100112,190,100066,190,100118,190,99996,122,100130,100,99990,45,100132,100,99979,100,100165,100,99924,100,100170,100,99923,100,100177,100,99910,100,100205,100,99908,100,100210,200,99888,100
2019-06-28 09:41:40.000000000,100102,193,100097,200,100112,190,100066,190,100118,190,99996,122,100130,100,99990,45,100132,100,99979,100,100165,100,99924,100,100170,100,99923,100,100177,100,99910,100,100205,100,99908,100,100210,200,99888,100
2019-06-28 09:41:50.000000000,100102,193,100097,200,100112,190,100066,190,100118,190,99996,122,100130,100,99990,45,100132,100,99979,100,100165,100,99924,100,100170,100,99923,100,100177,100,99910,100,100205,100,99908,100,100210,200,99888,100
2019-06-28 09:42:00.000000000,100102,374,100097,381,100112,100,100066,100,100118,100,99996,32,100130,100,99990,45,100132,100,99979,100,100165,100,99924,100,100170,100,99923,100,100177,100,99910,100,100205,100,99908,100,100210,200,99888,100
2019-06-28 09:42:10.000000000,100102,193,100097,200,100112,190,100066,190,100118,190,99996,122,100130,100,99990,45,100132,100,99979,100,100165,100,99924,100,100170,100,99923,100,100177,100,99910,100,100205,100,99908,100,100210,200,99888,100
2019-06-28 09:42:18.341805487,100102,193,100097,300,100112,190,100066,190,100118,190,99996,122,100130,100,99990,45,100132,100,99979,100,100165,100,99924,100,100170,100,99923,100,100177,100,99910,100,100205,100,99908,100,100210,200,99888,100
2019-06-28 09:42:20.000000000,100102,374,100097,481,100112,100,100066,100,100118,100,99996,32,100130,100,99990,45,100132,100,99979,100,100165,100,99924,100,100170,100,99923,100,100177,100,99910,100,100205,100,99908,100,100210,200,99888,100
2019-06-28 09:42:23.059929032,100102,374,100097,481,100112,100,100066,100,100118,100,99996,32,100130,100,99990,45,100132,100,99979,100,100165,100,99924,100,100170,100,99923,100,100177,100,99910,100,100205,100,99908,100,100210,200,99888,100
2019-06-28 09:42:30.000000000,100102,193,100097,300,100112,190,100066,190,100118,190,99996,122,100130,100,99990,45,100132,100,99979,100,100165,100,99924,100,100170,100,99923,100,100177,100,99910,100,100205,100,99908,100,100210,200,99888,100
2019-06-28 09:42:39.975278950,100102,193,100097,200,100112,190,100066,190,100118,190,99996,122,100130,100,99990,45,100132,100,99979,100,100165,100,99924,100,100170,100,99910,100,100177,100,99908,100,100205,100,99888,100,100210,200,99870,100
2019-06-28 09:42:40.000000000,100102,237,100097,244,100112,237,100066,237,100118,100,99996,32,100130,100,99990,45,100132,100,99979,100,100165,100,99924,100,100170,100,99910,100,100177,100,99908,100,100205,100,99888,100,100210,200,99870,100
2019-06-28 09:42:50.000000000,100102,237,100097,244,100112,237,100066,237,100118,100,99996,32,100130,100,99990,45,100132,100,99979,100,100165,100,99924,100,100170,100,99910,100,100177,100,99908,100,100205,100,99888,100,100210,200,99870,100
2019-06-28 09:43:00.000000000,100102,237,100097,244,100112,237,100066,237,100118,100,99996,32,100130,100,99990,45,100132,100,99979,100,100165,100,99924,100,100170,100,99910,100,100177,100,99908,100,100205,100,99888,100,100210,200,99870,100
2019-06-28 09:43:10.000000000,100102,374,100097,381,100112,100,100066,100,100118,100,99996,32,100130,100,99990,45,100132,100,99979,100,100165,100,99924,100,100170,100,99910,100,100177,100,99908,100,100205,100,99888,100,100210,200,99870,100
2019-06-28 09:43:20.000000000,100102,374,100097,381,100112,100,100066,100,100118,100,99996,32,100130,100,99990,45,100132,100,99979,100,100165,100,99924,100,100170,100,99910,100,100177,100,99908,100,100205,100,99888,100,100210,200,99870,100
2019-06-28 09:43:26.532071861,100102,374,100097,381,100118,100,100066,100,100130,100,99996,32,100132,100,99990,45,100165,100,99979,100,100170,100,99924,100,100177,100,99910,100,100205,100,99908,100,100210,200,99888,100,100248,100,99870,100
2019-06-28 09:43:30.000000000,100102,374,100097,381,100118,100,100066,100,100130,100,99996,32,100132,100,99990,45,100165,100,99979,100,100170,100,99924,100,100177,100,99910,100,100205,100,99908,100,100210,200,99888,100,100248,100,99870,100
2019-06-28 09:43:32.074627294,100102,374,100097,281,100118,100,100066,100,100130,100,99996,32,100132,100,99990,45,100165,100,99979,100,100170,100,99924,100,100177,100,99910,100,100205,100,99908,100,100210,200,99888,100,100248,100,99870,100
2019-06-28 09:43:40.000000000,100102,193,100097,100,100118,190,100066,190,100130,190,99996,122,100132,100,99990,45,100165,100,99979,100,100170,100,99924,100,100177,100,99910,100,100205,100,99908,100,100210,200,99888,100,100248,100,99870,100
2019-06-28 09:43:50.000000000,100102,155,100097,62,100118,155,100066,155,100130,155,99996,87,100132,155,99990,100,100165,155,99979,155,100170,100,99924,100,100177,100,99910,100,100205,100,99908,100,100210,200,99888,100,100248,100,99870,100
2019-06-28 09:43:55.108578066,100102,155,100098,100,100118,155,100097,62,100130,155,100066,155,100132,155,99996,87,100165,155,99990,100,100170,100,99979,155,100177,100,99924,100,100205,100,99910,100,100210,200,99908,100,100248,100,99888,100
2019-06-28 09:44:00.000000000,100102,168,100098,168,100118,168,100097,75,100130,168,100066,168,100132,168,99996,100,100165,100,99990,45,100170,100,99979,100,100177,100,99924,100,100205,100,99910,100,100210,200,99908,100,100248,100,99888,100
2019-06-28 09:44:02.110940574,100102,168,100098,168,100118,168,100097,75,100130,168,100066,168,100132,168,99996,100,100165,100,99990,45,100170,100,99979,100,100177,100,99924,100,100205,100,99910,100,100210,200,99908,100,100248,100,99888,100
2019-06-28 09:44:10.000000000,100102,374,100098,374,100118,100,100097,7,100130,100,100066,100,100132,100,99996,32,100165,100,99990,45,100170,100,99979,100,100177,100,99924,100,100205,100,99910,100,100210,200,99908,100,100248,100,99888,100
2019-06-28 09:44:20.000000000,100102,193,100098,193,100118,190,100097,97,100130,190,100066,190,100132,100,99996,32,100165,100,99990,45,100170,100,99979,100,100177,100,99924,100,100205,100,99910,100,100210,200,99908,100,100248,100,99888,100
2019-06-28 09:44:29.553274000,100102,193,100098,193,100118,190,100097,97,100130,190,100066,190,100132,100,99996,32,100165,100,99990,45,100170,100,99979,100,100177,100,99924,100,100205,100,99910,100,100210,200,99908,100,100248,100,99888,100
2019-06-28 09:44:29.768282900,100102,193,100098,193,100118,190,100097,97,100130,190,100066,190,100132,100,99996,32,100165,100,99990,45,100170,100,99979,100,100177,100,99924,100,100205,100,99910,100,100210,200,99908,100,100248,100,99888,100
2019-06-28 09:44:30.000000000,100102,237,100098,237,100118,237,100097,144,100130,100,100066,100,100132,100,99996,32,100165,100,99990,45,100170,100,99979,100,100177,100,99924,100,100205,100,99910,100,100210,200,99908,100,100248,100,99888,100
2019-06-28 09:44:40.000000000,100102,237,100098,237,100118,237,100097,144,100130,100,100066,100,100132,100,99996,32,100165,100,99990,45,100170,100,99979,100,100177,100,99924,100,100205,100,99910,100,100210,200,99908,100,100248,100,99888,100
2019-06-28 09:44:44.840527341,100102,237,100098,237,100118,237,100097,144,100130,100,100066,100,100132,100,99996,32,100165,100,99990,45,100170,100,99979,100,100177,100,99924,100,100205,100,99910,100,100209,100,99908,100,100210,200,99888,100
2019-06-28 09:44:46.728267311,100102,137,100098,237,100118,237,100097,144,100130,100,100066,100,100132,100,99996,32,100165,100,99990,45,100170,100,99979,100,100177,100,99924,100,100205,100,99910,100,100209,100,99908,100,100210,200,99888,100
2019-06-28 09:44:50.000000000,100118,374,100098,374,100130,100,100097,7,100132,100,100066,100,100165,100,99996,32,100170,100,99990,45,100177,100,99979,100,100205,100,99924,100,100209,100,99910,100,100210,200,99908,100,100248,100,99888,100
2019-06-28 09:44:52.421649615,100118,274,100098,374,100130,100,100097,7,100132,100,100066,100,100165,100,99996,32,100170,100,99990,45,100177,100,99979,100,100205,100,99924,100,100209,100,99910,100,100210,200,99908,100,100248,100,99888,100
2019-06-28 09:45:00.000000000,100130,193,100098,193,100132,190,100097,97,100165,190,100066,190,100170,100,99996,32,100177,100,99990,45,100205,100,99979,100,100209,100,99924,100,100210,200,99910,100,100248,100,99908,100,100259,100,99888,100
2019-06-28 09:45:10.000000000,100130,168,100098,168,100132,168,100097,75,100165,168,100066,168,100170,168,99996,100,100177,100,99990,45,100205,100,99979,100,100209,100,99924,100,100210,200,99910,100,100248,100,99908,100,100259,100,99888,100
2019-06-28 09:45:20.000000000,100130,374,100098,374,100132,100,100097,7,100165,100,100066,100,100170,100,99996,32,100177,100,99990,45,100205,100,99979,100,100209,100,99924,100,100210,200,99910,100,100248,100,99908,100,100259,100,99888,100
2019-06-28 09:45:30.000000000,100130,168,100098,168,100132,168,100097,75,100165,168,100066,168,100170,168,99996,100,100177,100,99990,45,100205,100,99979,100,100209,100,99924,100,100210,200,99910,100,100248,100,99908,100,100259,100,99888,100
2019-06-28 09:45:34.036063184,100130,168,100098,168,100132,168,100097,75,100165,168,100066,168,100170,168,99996,100,100177,100,99990,45,100205,100,99979,100,100209,100,99924,100,100210,200,99910,100,100248,100,99908,100,100259,100,99888,100
2019-06-28 09:45:40.000000000,100130,193,100098,193,100132,190,100097,97,100165,190,100066,190,100170,100,99996,32,100177,100,99990,45,100205,100,99979,100,100209,100,99924,100,100210,200,99910,100,100248,100,99908,100,100259,100,99888,100
2019-06-28 09:45:50.000000000,100130,374,100098,374,100132,100,100097,7,100165,100,100066,100,100170,100,99996,32,100177,100,99990,45,100205,100,99979,100,100209,100,99924,100,100210,200,99910,100,100248,100,99908,100,100259,100,99888,100
2019-06-28 09:45:53.851196494,100130,374,100098,274,100132,100,100097,7,100165,100,100066,100,100170,100,99996,32,100177,100,99990,45,100205,100,99979,100,100209,100,99924,100,100210,200,99910,100,100248,100,99908,100,100259,100,99888,100
2019-06-28 09:46:00.000000000,100130,237,100097,144,100132,237,100066,237,100165,100,99996,32,100170,100,99990,45,100177,100,99979,100,100205,100,99924,100,100209,100,99910,100,100210,200,99908,100,100248,100,99888,100,100259,100,99870,100
2019-06-28 09:46:10.000000000,100130,155,100097,62,100132,155,100066,155,100165,155,99996,87,100170,155,99990,100,100177,155,99979,155,100205,100,99924,100,100209,100,99910,100,100210,200,99908,100,100248,100,99888,100,100259,100,99870,100
2019-06-28 09:46:20.000000000,100130,193,100097,100,100132,190,100066,190,100165,190,99996,122,100170,100,99990,45,100177,100,99979,100,100205,100,99924,100,100209,100,99910,100,100210,200,99908,100,100248,100,99888,100,100259,100,99870,100
2019-06-28 09:46:25.153898427,100130,193,100097,100,100132,190,100066,190,100165,190,100028,100,100170,100,99996,122,100177,100,99990,45,100205,100,99979,100,100209,100,99924,100,100210,200,99910,100,100248,100,99908,100,100259,100,99888,100
2019-06-28 09:46:30.000000000,100130,155,100097,62,100132,155,100066,155,100165,155,100028,155,100170,155,99996,87,100177,155,99990,100,100205,100,99979,100,100209,100,99924,100,100210,200,99910,100,100248,100,99908,100,100259,100,99888,100
2019-06-28 09:46:40.000000000,100130,237,100097,144,100132,237,100066,237,100165,100,100028,100,100170,100,99996,32,100177,100,99990,45,100205,100,99979,100,100209,100,99924,100,100210,200,99910,100,100248,100,99908,100,100259,100,99888,100
2019-06-28 09:46:50.000000000,100130,168,100097,75,100132,168,100066,168,100165,168,100028,168,100170,168,99996,100,100177,100,99990,45,100205,100,99979,100,100209,100,99924,100,100210,200,99910,100,100248,100,99908,100,100259,100,99888,100
2019-06-28 09:47:00.000000000,100130,168,100097,75,100132,168,100066,168,100165,168,100028,168,100170,168,99996,100,100177,100,99990,45,100205,100,99979,100,100209,100,99924,100,100210,200,99910,100,100248,100,99908,100,100259,100,99888,100
2019-06-28 09:47:00.113738623,100130,68,100097,75,100132,168,100066,168,100165,168,100028,168,100170,168,99996,100,100177,100,99990,45,100205,100,99979,100,100209,100,99910,100,100210,200,99908,100,100248,100,99888,100,100259,100,99870,100
2019-06-28 09:47:07.980819442,100132,168,100130,32,100165,168,100097,75,100170,168,100066,168,100177,100,100028,168,100205,100,99996,100,100209,100,99990,45,100210,200,99979,100,100248,100,99910,100,100259,100,99908,100,100318,100,99888,100
2019-06-28 09:47:10.000000000,100132,193,100130,125,100165,190,100097,97,100170,190,100066,190,100177,100,100028,100,100205,100,99996,32,100209,100,99990,45,100210,200,99979,100,100248,100,99910,100,100259,100,99908,100,100318,100,99888,100
2019-06-28 09:47:10.672963289,100132,93,100130,125,100165,190,100097,97,100170,190,100066,190,100177,100,100028,100,100205,100,99996,32,100209,100,99990,45,100210,200,99979,100,100248,100,99910,100,100259,100,99908,100,100318,100,99888,100
2019-06-28 09:47:20.000000000,100165,168,100130,100,100170,168,100097,75,100177,168,100066,168,100205,168,100028,168,100209,100,99996,32,100210,200,99990,45,100248,100,99979,100,100259,100,99910,100,100318,100,99908,100,100325,200,99888,100
2019-06-28 09:47:26.444931996,100165,68,100130,100,100170,168,100097,75,100177,168,100066,168,100205,168,100028,168,100209,100,99996,32,100210,200,99990,45,100248,100,99979,100,100259,100,99910,100,100318,100,99908,100,100325,200,99888,100
2019-06-28 09:47:30.000000000,100170,193,100130,125,100177,190,100097,97,100205,190,100066,190,100209,100,100028,100,100210,200,99996,32,100248,100,99990,45,100259,100,99979,100,100318,100,99910,100,100325,200,99908,100,100347,200,99888,100
2019-06-28 09:47:40.000000000,100170,168,100130,100,100177,168,100097,75,100205,168,100066,168,100209,168,100028,168,100210,200,99996,32,100248,100,99990,45,100259,100,99979,100,100318,100,99910,100,100325,200,99908,100,100347,200,99888,100
2019-06-28 09:47:48.596604787,100170,168,100130,100,100177,168,100097,75,100205,168,100066,168,100209,168,100028,168,100210,200,99996,32,100248,100,99990,45,100259,100,99979,100,100318,100,99910,100,100325,200,99908,100,100347,200,99888,100
2019-06-28 09:47:50.000000000,100170,374,100130,306,100177,100,100097,7,100205,100,100066,100,100209,100,100028,100,100210,200,99996,32,100248,100,99990,45,100259,100,99979,100,100318,100,99910,100,100325,200,99908,100,100347,200,99888,100
2019-06-28 09:47:58.695226869,100170,274,100130,306,100177,100,100097,7,100205,100,100066,100,100209,100,100028,100,100210,200,99996,32,100248,100,99990,45,100259,100,99979,100,100318,100,99910,100,100325,200,99908,100,100347,200,99888,100
2019-06-28 09:48:00.000000000,100177,168,100130,100,100205,168,100097,75,100209,168,100066,168,100210,268,100028,168,100248,100,99996,32,100259,100,99990,45,100318,100,99979,100,100325,200,99910,100,100347,200,99908,100,100348,100,99888,100
2019-06-28 09:48:08.923916448,100177,168,100165,100,100205,168,100130,100,100209,168,100097,75,100210,268,100066,168,100248,100,100028,168,100259,100,99996,32,100318,100,99990,45,100325,200,99910,100,100347,200,99908,100,100348,100,99888,100
2019-06-28 09:48:10.000000000,100177,374,100165,374,100205,100,100130,32,100209,100,100097,7,100210,200,100066,100,100248,100,100028,100,100259,100,99996,32,100318,100,99990,45,100325,200,99910,100,100347,200,99908,100,100348,100,99888,100
2019-06-28 09:48:10.322620010,100177,274,100165,374,100205,100,100130,32,100209,100,100097,7,100210,200,100066,100,100248,100,100028,100,100259,100,99996,32,100318,100,99990,45,100325,200,99910,100,100347,200,99908,100,100348,100,99888,100
2019-06-28 09:48:19.408746240,100177,274,100165,374,100205,100,100130,32,100209,100,100097,7,100210,200,100066,100,100248,100,100028,100,100259,100,99996,32,100277,100,99990,45,100318,100,99910,100,100325,200,99908,100,100347,200,99888,100
2019-06-28 09:48:20.000000000,100205,237,100165,237,100209,237,100130,169,100210,200,100097,7,100248,100,100066,100,100259,100,100028,100,100277,100,99996,32,100318,100,99990,45,100325,200,99910,100,100347,200,99908,100,100348,100,99888,100
2019-06-28 09:48:30.000000000,100205,374,100165,374,100209,100,100130,32,100210,200,100097,7,100248,100,100066,100,100259,100,100028,100,100277,100,99996,32,100318,100,99990,45,100325,200,99910,100,100347,200,99908,100,100348,100,99888,100
2019-06-28 09:48:40.000000000,100205,237,100165,237,100209,237,100130,169,100210,200,100097,7,100248,100,100066,100,100259,100,100028,100,100277,100,99996,32,100318,100,99990,45,100325,200,99910,100,100347,200,99908,100,100348,100,99888,100
2019-06-28 09:48:49.445434865,100205,137,100165,237,100209,237,100130,169,100210,200,100097,7,100248,100,100066,100,100259,100,100028,100,100277,100,99996,32,100318,100,99990,45,100325,200,99910,100,100347,200,99908,100,100348,100,99888,100
2019-06-28 09:48:50.000000000,100209,237,100165,237,100210,337,100130,169,100248,100,100097,7,100259,100,100066,100,100277,100,100028,100,100318,100,99996,32,100325,200,99990,45,100347,200,99910,100,100348,100,99908,100,100417,100,99888,100
2019-06-28 09:48:51.517259726,100209,137,100165,237,100210,337,100130,169,100248,100,100097,7,100259,100,100066,100,100277,100,100028,100,100318,100,99996,32,100325,200,99990,45,100347,200,99910,100,100348,100,99908,100,100417,100,99888,100
2019-06-28 09:49:00.000000000,100210,268,100165,168,100248,168,100130,100,100259,168,100097,75,100277,168,100066,168,100318,100,100028,100,100325,200,99996,32,100347,200,99990,45,100348,100,99910,100,100417,100,99908,100,100444,100,99888,100
2019-06-28 09:49:02.085329659,100210,268,100205,100,100248,168,100165,168,100259,168,100130,100,100277,168,100097,75,100318,100,100066,168,100325,200,100028,100,100347,200,99996,32,100348,100,99990,45,100417,100,99910,100,100444,100,99908,100
2019-06-28 09:49:10.000000000,100210,293,100205,193,100248,190,100165,190,100259,190,100130,122,100277,100,100097,7,100318,100,100066,100,100325,200,100028,100,100347,200,99996,32,100348,100,99990,45,100417,100,99910,100,100444,100,99908,100
2019-06-28 09:49:20.000000000,100210,268,100205,168,100248,168,100165,168,100259,168,100130,100,100277,168,100097,75,100318,100,100066,100,100325,200,100028,100,100347,200,99996,32,100348,100,99990,45,100417,100,99910,100,100444,100,99908,100
2019-06-28 09:49:24.289847178,100210,268,100205,168,100248,168,100165,168,100259,168,100130,100,100277,168,100097,75,100318,100,100066,100,100325,200,100028,100,100347,200,99996,32,100348,100,99990,45,100417,100,99910,100,100444,100,99908,100
2019-06-28 09:49:30.000000000,100210,293,100205,193,100248,190,100165,190,100259,190,100130,122,100277,100,100097,7,100318,100,100066,100,100325,200,100028,100,100347,200,99996,32,100348,100,99990,45,100417,100,99910,100,100444,100,99908,100
2019-06-28 09:49:40.000000000,100210,293,100205,193,100248,190,100165,190,100259,190,100130,122,100277,100,100097,7,100318,100,100066,100,100325,200,100028,100,100347,200,99996,32,100348,100,99990,45,100417,100,99910,100,100444,100,99908,100
2019-06-28 09:49:46.745299417,100210,193,100205,193,100248,190,100165,190,100259,190,100130,122,100277,100,100097,7,100318,100,100066,100,100325,200,100028,100,100347,200,99996,32,100348,100,99990,45,100417,100,99910,100,100444,100,99908,100
2019-06-28 09:49:50.000000000,100210,374,100205,374,100248,100,100165,100,100259,100,100130,32,100277,100,100097,7,100318,100,100066,100,100325,200,100028,100,100347,200,99996,32,100348,100,99990,45,100417,100,99910,100,100444,100,99908,100
2019-06-28 09:49:55.762596753,100210,274,100205,374,100248,100,100165,100,100259,100,100130,32,100277,100,100097,7,100318,100,100066,100,100325,100,100028,100,100347,200,99996,32,100348,100,99990,45,100417,100,99910,100,100444,100,99908,100
2019-06-28 09:49:59.917211899,100210,274,100205,374,100248,100,100165,100,100259,100,100130,32,100277,100,100097,7,100318,100,100066,100,100325,100,100028,100,100347,200,99996,32,100348,100,99990,45,100417,100,99910,100,100444,100,99908,100
2019-06-28 09:50:00.000000000,100248,168,100205,168,100259,168,100165,168,100277,168,100130,100,100318,168,100097,75,100325,100,100066,100,100347,200,100028,100,100348,100,99996,32,100417,100,99990,45,100444,100,99910,100,100542,100,99908,100
2019-06-28 09:50:05.712274549,100248,68,100205,168,100259,168,100165,168,100277,168,100130,100,100318,168,100097,75,100325,100,100066,100,100347,200,100028,100,100348,100,99996,32,100444,100,99990,45,100542,100,99910,100,100674,100,99908,100
2019-06-28 09:50:10.000000000,100259,374,100205,374,100277,100,100165,100,100318,100,100130,32,100325,100,100097,7,100347,200,100066,100,100348,100,100028,100,100444,100,99996,32,100542,100,99990,45,100674,100,99910,100,100721,100,99908,100
2019-06-28 09:50:13.007941285,100259,374,100210,100,100277,100,100205,374,100318,100,100165,100,100325,100,100130,32,100347,200,100097,7,100348,100,100066,100,100444,100,100028,100,100542,100,99996,32,100674,100,99990,45,100721,100,99910,100
2019-06-28 09:50:20.000000000,100259,374,100210,374,100277,100,100205,100,100318,100,100165,100,100325,100,100130,32,100347,200,100097,7,100348,100,100066,100,100444,100,100028,100,100542,100,99996,32,100674,100,99990,45,100721,100,99910,100
2019-06-28 09:50:23.548356154,100259,374,100210,474,100277,100,100205,100,100318,100,100165,100,100325,100,100130,32,100347,200,100097,7,100348,100,100066,100,100444,100,100028,100,100542,100,99996,32,100674,100,99990,45,100721,100,99910,100
2019-06-28 09:50:29.197801259,100259,374,100210,474,100277,100,100205,100,100318,100,100165,100,100325,100,100130,32,100347,200,100097,7,100348,100,100066,100,100444,100,100028,100,100542,100,99996,32,100674,100,99990,45,100721,100,99910,100
2019-06-28 09:50:30.000000000,100259,155,100210,255,100277,155,100205,155,100318,155,100165,155,100325,155,100130,87,100347,255,100097,62,100348,100,100066,100,100444,100,100028,100,100542,100,99996,32,100674,100,99990,45,100721,100,99910,100
2019-06-28 09:50:40.000000000,100259,237,100210,337,100277,237,100205,237,100318,100,100165,100,100325,100,100130,32,100347,200,100097,7,100348,100,100066,100,100444,100,100028,100,100542,100,99996,32,100674,100,99990,45,100721,100,99910,100
2019-06-28 09:50:43.605175309,100259,137,100210,337,100277,237,100205,237,100318,100,100165,100,100325,100,100130,32,100347,200,100097,7,100348,100,100066,100,100444,100,100028,100,100542,100,99996,32,100674,100,99990,45,100721,100,99910,100
2019-06-28 09:50:50.000000000,100277,155,100210,255,100318,155,100205,155,100325,155,100165,155,100347,255,100130,87,100348,155,100097,62,100444,100,100066,100,100542,100,100028,100,100674,100,99996,32,100721,100,99990,45,100759,100,99910,100
2019-06-28 09:50:51.322010281,100277,155,100248,100,100318,155,100210,255,100325,155,100205,155,100347,255,100165,155,100348,155,100130,87,100444,100,100097,62,100542,100,100066,100,100674,100,100028,100,100721,100,99996,32,100759,100,99990,45
2019-06-28 09:51:00.000000000,100277,193,100248,193,100318,190,100210,290,100325,190,100205,190,100347,200,100165,100,100348,100,100130,32,100444,100,100097,7,100542,100,100066,100,100674,100,100028,100,100721,100,99996,32,100759,100,99990,45
2019-06-28 09:51:01.890343229,100277,193,100248,293,100318,190,100210,290,100325,190,100205,190,100347,200,100165,100,100348,100,100130,32,100444,100,100097,7,100542,100,100066,100,100674,100,100028,100,100721,100,99996,32,100759,100,99990,45
2019-06-28 09:51:10.000000000,100277,155,100248,255,100318,155,100210,255,100325,155,100205,155,100347,255,100165,155,100348,155,100130,87,100444,100,100097,7,100542,100,100066,100,100674,100,100028,100,100721,100,99996,32,100759,100,99990,45
2019-06-28 09:51:20.000000000,100277,374,100248,474,100318,100,100210,200,100325,100,100205,100,100347,200,100165,100,100348,100,100130,32,100444,100,100097,7,100542,100,100066,100,100674,100,100028,100,100721,100,99996,32,100759,100,99990,45
2019-06-28 09:51:30.000000000,100277,193,100248,293,100318,190,100210,290,100325,190,100205,190,100347,200,100165,100,100348,100,100130,32,100444,100,100097,7,100542,100,100066,100,100674,100,100028,100,100721,100,99996,32,100759,100,99990,45
2019-06-28 09:51:40.000000000,100277,237,100248,337,100318,237,100210,337,100325,100,100205,100,100347,200,100165,100,100348,100,100130,32,100444,100,100097,7,100542,100,100066,100,100674,100,100028,100,100721,100,99996,32,100759,100,99990,45
2019-06-28 09:51:48.295357871,100277,237,100248,337,100318,237,100210,337,100325,100,100205,100,100347,200,100165,100,100348,100,100130,32,100444,100,100117,100,100542,100,100097,7,100674,100,100066,100,100721,100,100028,100,100759,100,99996,32
2019-06-28 09:51:50.000000000,100277,168,100248,268,100318,168,100210,268,100325,168,100205,168,100347,268,100165,168,100348,100,100130,32,100444,100,100117,100,100542,100,100097,7,100674,100,100066,100,100721,100,100028,100,100759,100,99996,32
2019-06-28 09:51:56.155816238,100277,168,100248,168,100318,168,100210,268,100325,168,100205,168,100347,268,100165,168,100348,100,100130,32,100444,100,100117,100,100542,100,100097,7,100674,100,100066,100,100721,100,100028,100,100759,100,99996,32
2019-06-28 09:52:00.000000000,100277,237,100248,237,100318,237,100210,337,100325,100,100205,100,100347,200,100165,100,100348,100,100130,32,100444,100,100117,100,100542,100,100097,7,100674,100,100066,100,100721,100,100028,100,100759,100,99996,32
2019-06-28 09:52:10.000000000,100277,374,100248,374,100318,100,100210,200,100325,100,100205,100,100347,200,100165,100,100348,100,100130,32,100444,100,100117,100,100542,100,100097,7,100674,100,100066,100,100721,100,100028,100,100759,100,99996,32
2019-06-28 09:52:11.534635985,100277,374,100248,374,100318,100,100210,200,100325,100,100205,100,100347,200,100165,100,100348,100,100130,32,100444,100,100124,100,100542,100,100117,100,100674,100,100097,7,100721,100,100066,100,100759,100,100028,100
2019-06-28 09:52:20.000000000,100277,193,100248,193,100318,190,100210,290,100325,190,100205,190,100347,200,100165,100,100348,100,100130,32,100444,100,100124,100,100542,100,100117,100,100674,100,100097,7,100721,100,100066,100,100759,100,100028,100
2019-06-28 09:52:25.396603234,100277,193,100248,193,100318,190,100210,290,100325,190,100205,190,100347,200,100165,100,100348,100,100130,32,100444,100,100124,100,100674,100,100117,100,100721,100,100097,7,100759,100,100066,100,100847,100,100028,100
2019-06-28 09:52:30.000000000,100277,168,100248,168,100318,168,100210,268,100325,168,100205,168,100347,268,100165,168,100348,100,100130,32,100444,100,100124,100,100674,100,100117,100,100721,100,100097,7,100759,100,100066,100,100847,100,100028,100
2019-06-28 09:52:40.000000000,100277,374,100248,374,100318,100,100210,200,100325,100,100205,100,100347,200,100165,100,100348,100,100130,32,100444,100,100124,100,100674,100,100117,100,100721,100,100097,7,100759,100,100066,100,100847,100,100028,100
2019-06-28 09:52:50.000000000,100277,237,100248,237,100318,237,100210,337,100325,100,100205,100,100347,200,100165,100,100348,100,100130,32,100444,100,100124,100,100674,100,100117,100,100721,100,100097,7,100759,100,100066,100,100847,100,100028,100
2019-06-28 09:53:00.000000000,100277,155,100248,155,100318,155,100210,255,100325,155,100205,155,100347,255,100165,155,100348,155,100130,87,100444,100,100124,100,100674,100,100117,100,100721,100,100097,7,100759,100,100066,100,100847,100,100028,100
2019-06-28 09:53:10.000000000,100277,168,100248,168,100318,168,100210,268,100325,168,100205,168,100347,268,100165,168,100348,100,100130,32,100444,100,100124,100,100674,100,100117,100,100721,100,100097,7,100759,100,100066,100,100847,100,100028,100
2019-06-28 09:53:20.000000000,100277,155,100248,155,100318,155,100210,255,100325,155,100205,155,100347,255,100165,155,100348,155,100130,87,100444,100,100124,100,100674,100,100117,100,100721,100,100097,7,100759,100,100066,100,100847,100,100028,100
2019-06-28 09:53:30.000000000,100277,168,100248,168,100318,168,100210,268,100325,168,100205,168,100347,268,100165,168,100348,100,100130,32,100444,100,100124,100,100674,100,100117,100,100721,100,100097,7,100759,100,100066,100,100847,100,100028,100
2019-06-28 09:53:40.000000000,100277,374,100248,374,100318,100,100210,200,100325,100,100205,100,100347,200,100165,100,100348,100,100130,32,100444,100,100124,100,100674,100,100117,100,100721,100,100097,7,100759,100,100066,100,100847,100,100028,100
2019-06-28 09:53:50.000000000,100277,237,100248,237,100318,237,100210,337,100325,100,100205,100,100347,200,100165,100,100348,100,100130,32,100444,100,100124,100,100674,100,100117,100,100721,100,100097,7,100759,100,100066,100,100847,100,100028,100
2019-06-28 09:54:00.000000000,100277,155,100248,155,100318,155,100210,255,100325,155,100205,155,100347,255,100165,155,100348,155,100130,87,100444,100,100124,100,100674,100,100117,100,100721,100,100097,7,100759,100,100066,100,100847,100,100028,100
2019-06-28 09:54:09.490512263,100277,155,100249,100,100318,155,100248,155,100325,155,100210,255,100347,255,100205,155,100348,155,100165,155,100444,100,100130,87,100674,100,100124,100,100721,100,100117,100,100759,100,100097,7,100847,100,100066,100
2019-06-28 09:54:10.000000000,100277,237,100249,237,100318,237,100248,237,100325,100,100210,200,100347,200,100205,100,100348,100,100165,100,100444,100,100130,32,100674,100,100124,100,100721,100,100117,100,100759,100,100097,7,100847,100,100066,100
2019-06-28 09:54:20.000000000,100277,155,100249,155,100318,155,100248,155,100325,155,100210,255,100347,255,100205,155,100348,155,100165,155,100444,100,100130,32,100674,100,100124,100,100721,100,100117,100,100759,100,100097,7,100847,100,100066,100
2019-06-28 09:54:28.042769713,100277,155,100249,155,100318,155,100248,155,100325,155,100210,255,100347,255,100205,155,100348,155,100165,155,100444,100,100130,32,100674,100,100124,100,100721,100,100117,100,100759,100,100097,7,100847,100,100066,100
2019-06-28 09:54:28.997475881,100277,55,100249,155,100318,155,100248,155,100325,155,100210,255,100347,255,100205,155,100348,155,100165,155,100444,100,100124,100,100674,100,100117,100,100721,100,100097,7,100759,100,100066,100,100847,100,100028,100
2019-06-28 09:54:30.000000000,100318,237,100249,237,100325,237,100248,237,100347,200,100210,200,100348,100,100205,100,100444,100,100165,100,100674,100,100124,100,100721,100,100117,100,100759,100,100097,7,100847,100,100066,100,101007,100,100028,100
2019-06-28 09:54:40.000000000,100318,374,100249,374,100325,100,100248,100,100347,200,100210,200,100348,100,100205,100,100444,100,100165,100,100674,100,100124,100,100721,100,100117,100,100759,100,100097,7,100847,100,100066,100,101007,100,100028,100
2019-06-28 09:54:50.000000000,100318,155,100249,155,100325,155,100248,155,100347,255,100210,255,100348,155,100205,155,100444,155,100165,155,100674,100,100124,100,100721,100,100117,100,100759,100,100097,7,100847,100,100066,100,101007,100,100028,100
2019-06-28 09:54:51.425598741,100318,155,100249,155,100325,155,100248,155,100347,255,100210,255,100348,155,100205,155,100444,155,100165,155,100674,100,100124,100,100721,100,100117,100,100759,100,100097,7,100847,100,100028,100,101007,100,99990,45
2019-06-28 09:54:59.971543935,100318,155,100249,155,100325,155,100248,155,100347,255,100210,255,100348,155,100205,155,100444,155,100165,155,100674,100,100124,100,100721,100,100117,100,100759,100,100097,7,100847,100,100028,100,101007,100,99990,45
2019-06-28 09:55:00.000000000,100318,155,100249,155,100325,155,100248,155,100347,255,100210,255,100348,155,100205,155,100444,155,100165,155,100674,100,100124,100,100721,100,100117,100,100759,100,100097,7,100847,100,100028,100,101007,100,99990,45
2019-06-28 09:55:10.000000000,100318,193,100249,193,100325,190,100248,190,100347,290,100210,290,100348,100,100205,100,100444,100,100165,100,100674,100,100124,100,100721,100,100117,100,100759,100,100097,7,100847,100,100028,100,101007,100,99990,45
2019-06-28 09:55:12.120727054,100318,193,100249,93,100325,190,100248,190,100347,290,100210,290,100348,100,100205,100,100444,100,100165,100,100674,100,100124,100,100721,100,100117,100,100759,100,100097,7,100847,100,100028,100,101007,100,99990,45
2019-06-28 09:55:20.000000000,100318,237,100248,237,100325,237,100210,337,100347,200,100205,100,100348,100,100165,100,100444,100,100124,100,100674,100,100117,100,100721,100,100097,7,100759,100,100028,100,100847,100,99990,45,101007,100,99910,100
2019-06-28 09:55:29.590410622,100318,137,100248,237,100325,237,100210,337,100347,200,100205,100,100348,100,100165,100,100444,100,100124,100,100674,100,100117,100,100721,100,100097,7,100759,100,100028,100,100847,100,99990,45,101007,100,99910,100
2019-06-28 09:55:30.000000000,100325,193,100248,193,100347,290,100210,290,100348,190,100205,190,100444,100,100165,100,100674,100,100124,100,100721,100,100117,100,100759,100,100097,7,100847,100,100028,100,101007,100,99990,45,101318,100,99910,100
2019-06-28 09:55:32.595997326,100325,93,100248,193,100347,290,100210,290,100348,190,100205,190,100444,100,100165,100,100674,100,100124,100,100721,100,100117,100,100759,100,100097,7,100847,100,100028,100,101007,100,99990,45,101318,100,99910,100
2019-06-28 09:55:40.000000000,100347,293,100248,193,100348,190,100210,290,100444,190,100205,190,100674,100,100165,100,100721,100,100124,100,100759,100,100117,100,100847,100,100097,7,101007,100,100028,100,101318,100,99990,45,101398,100,99910,100
2019-06-28 09:55:40.399313466,100347,193,100248,193,100348,190,100210,290,100444,190,100205,190,100674,100,100165,100,100721,100,100124,100,100759,100,100117,100,100847,100,100097,7,101007,100,100028,100,101318,100,99990,45,101398,100,99910,100
2019-06-28 09:55:50.000000000,100347,155,100248,155,100348,155,100210,255,100444,155,100205,155,100674,155,100165,155,100721,155,100124,155,100759,100,100117,100,100847,100,100097,7,101007,100,100028,100,101318,100,99990,45,101398,100,99910,100
2019-06-28 09:56:00.000000000,100347,237,100248,237,100348,237,100210,337,100444,100,100205,100,100674,100,100165,100,100721,100,100124,100,100759,100,100117,100,100847,100,100097,7,101007,100,100028,100,101318,100,99990,45,101398,100,99910,100
2019-06-28 09:56:04.640697392,100324,100,100248,237,100347,237,100210,337,100348,237,100205,100,100444,100,100165,100,100674,100,100124,100,100721,100,100117,100,100759,100,100097,7,100847,100,100028,100,101007,100,99990,45,101318,100,99910,100
2019-06-28 09:56:05.703089021,100324,100,100248,137,100347,237,100210,337,100348,237,100205,100,100444,100,100165,100,100674,100,100124,100,100721,100,100117,100,100759,100,100097,7,100847,100,100028,100,101007,100,99990,45,101318,100,99910,100
2019-06-28 09:56:10.000000000,100324,193,100210,293,100347,190,100205,190,100348,190,100165,190,100444,100,100124,100,100674,100,100117,100,100721,100,100097,7,100759,100,100028,100,100847,100,99990,45,101007,100,99910,100,101318,100,99908,100
2019-06-28 09:56:20.000000000,100324,237,100210,337,100347,237,100205,237,100348,100,100165,100,100444,100,100124,100,100674,100,100117,100,100721,100,100097,7,100759,100,100028,100,100847,100,99990,45,101007,100,99910,100,101318,100,99908,100
2019-06-28 09:56:20.064964381,100324,237,100210,337,100347,237,100205,237,100348,100,100165,100,100444,100,100124,100,100674,100,100117,100,100721,100,100097,7,100759,100,100028,100,100847,100,100018,100,101007,100,99990,45,101318,100,99910,100
2019-06-28 09:56:26.840176581,100324,237,100210,237,100347,237,100205,237,100348,100,100165,100,100674,100,100124,100,100721,100,100117,100,100759,100,100097,7,100847,100,100028,100,101007,100,100018,100,101318,100,99990,45,101398,100,99910,100
2019-06-28 09:56:27.264894287,100324,237,100210,237,100347,237,100205,237,100348,100,100165,100,100674,100,100124,100,100721,100,100117,100,100759,100,100097,7,100847,100,100028,100,101007,100,100018,100,101318,100,99990,45,101398,100,99936,100
2019-06-28 09:56:30.000000000,100324,374,100210,374,100347,100,100205,100,100348,100,100165,100,100674,100,100124,100,100721,100,100117,100,100759,100,100097,7,100847,100,100028,100,101007,100,100018,100,101318,100,99990,45,101398,100,99936,100
2019-06-28 09:56:35.669910701,100324,374,100210,274,100347,100,100205,100,100348,100,100165,100,100674,100,100124,100,100721,100,100117,100,100759,100,100097,7,100847,100,100028,100,101007,100,99990,45,101318,100,99936,100,101398,100,99910,100
2019-06-28 09:56:40.000000000,100324,155,100205,155,100347,155,100165,155,100348,155,100124,155,100674,155,100117,155,100721,155,100097,62,100759,100,100028,100,100847,100,99990,45,101007,100,99936,100,101318,100,99910,100,101398,100,99908,100
2019-06-28 09:56:47.835465435,100324,155,100205,55,100347,155,100165,155,100348,155,100124,155,100674,155,100117,155,100721,155,100097,62,100759,100,100028,100,100847,100,99990,45,101007,100,99936,100,101318,100,99910,100,101398,100,99908,100
2019-06-28 09:56:50.000000000,100324,193,100165,193,100347,190,100124,190,100348,190,100117,190,100674,100,100097,7,100721,100,100028,100,100759,100,99990,45,100847,100,99936,100,101007,100,99910,100,101318,100,99908,100,101398,100,99888,100
2019-06-28 09:57:00.000000000,100324,193,100165,193,100347,190,100124,190,100348,190,100117,190,100674,100,100097,7,100721,100,100028,100,100759,100,99990,45,100847,100,99936,100,101007,100,99910,100,101318,100,99908,100,101398,100,99888,100
2019-06-28 09:57:10.000000000,100324,193,100165,193,100347,190,100124,190,100348,190,100117,190,100674,100,100097,7,100721,100,100028,100,100759,100,99990,45,100847,100,99936,100,101007,100,99910,100,101318,100,99908,100,101398,100,99888,100
2019-06-28 09:57:20.000000000,100324,155,100165,155,100347,155,100124,155,100348,155,100117,155,100674,155,100097,62,100721,155,100028,155,100759,100,99990,45,100847,100,99936,100,101007,100,99910,100,101318,100,99908,100,101398,100,99888,100
2019-06-28 09:57:23.866009299,100324,155,100165,55,100347,155,100124,155,100348,155,100117,155,100674,155,100097,62,100721,155,100028,155,100759,100,99990,45,100847,100,99936,100,101007,100,99910,100,101318,100,99908,100,101398,100,99888,100
2019-06-28 09:57:30.000000000,100324,193,100124,193,100347,190,100117,190,100348,190,100097,97,100674,100,100028,100,100721,100,99990,45,100759,100,99936,100,100847,100,99910,100,101007,100,99908,100,101318,100,99888,100,101398,100,99858,100
2019-06-28 09:57:40.000000000,100324,237,100124,237,100347,237,100117,237,100348,100,100097,7,100674,100,100028,100,100721,100,99990,45,100759,100,99936,100,100847,100,99910,100,101007,100,99908,100,101318,100,99888,100,101398,100,99858,100
2019-06-28 09:57:50.000000000,100324,168,100124,168,100347,168,100117,168,100348,168,100097,75,100674,168,100028,168,100721,100,99990,45,100759,100,99936,100,100847,100,99910,100,101007,100,99908,100,101318,100,99888,100,101398,100,99858,100
2019-06-28 09:58:00.000000000,100324,168,100124,168,100347,168,100117,168,100348,168,100097,75,100674,168,100028,168,100721,100,99990,45,100759,100,99936,100,100847,100,99910,100,101007,100,99908,100,101318,100,99888,100,101398,100,99858,100
2019-06-28 09:58:01.870202881,100324,168,100124,168,100347,168,100117,168,100348,168,100097,75,100674,168,100028,168,100721,100,99990,45,100759,100,99936,100,100847,100,99910,100,101007,100,99908,100,101318,100,99888,100,101398,100,99858,100
2019-06-28 09:58:04.185507602,100205,100,100124,168,100324,168,100117,168,100347,168,100097,75,100348,168,100028,168,100674,168,99990,45,100721,100,99936,100,100759,100,99910,100,100847,100,99908,100,101007,100,99888,100,101318,100,99858,100
2019-06-28 09:58:10.000000000,100205,155,100124,155,100324,155,100117,155,100347,155,100097,62,100348,155,100028,155,100674,155,99990,100,100721,100,99936,100,100759,100,99910,100,100847,100,99908,100,101007,100,99888,100,101318,100,99858,100
2019-06-28 09:58:17.964905936,100205,155,100124,55,100324,155,100117,155,100347,155,100097,62,100348,155,100028,155,100674,155,99990,100,100721,100,99936,100,100759,100,99908,100,100847,100,99888,100,101007,100,99858,100,101318,100,99845,100
2019-06-28 09:58:20.000000000,100205,237,100117,237,100324,237,100097,144,100347,100,100028,100,100348,100,99990,45,100674,100,99936,100,100721,100,99908,100,100759,100,99888,100,100847,100,99858,100,101007,100,99845,100,101318,100,99838,100
2019-06-28 09:58:30.000000000,100205,237,100117,237,100324,237,100097,144,100347,100,100028,100,100348,100,99990,45,100674,100,99936,100,100721,100,99908,100,100759,100,99888,100,100847,100,99858,100,101007,100,99845,100,101318,100,99838,100
2019-06-28 09:58:32.096999743,100205,237,100117,137,100324,237,100097,144,100347,100,100028,100,100348,100,99990,45,100674,100,99936,100,100721,100,99908,100,100759,100,99888,100,100847,100,99858,100,101007,100,99845,100,101318,100,99838,100
2019-06-28 09:58:40.000000000,100205,168,100097,75,100324,168,100028,168,100347,168,99990,113,100348,168,99936,168,100674,100,99908,100,100721,100,99888,100,100759,100,99858,100,100847,100,99845,100,101007,100,99838,100,101318,100,99816,100
2019-06-28 09:58:48.972178102,100124,100,100097,75,100205,168,100028,168,100324,168,99990,113,100347,168,99936,168,100348,168,99908,100,100674,100,99888,100,100721,100,99858,100,100759,100,99845,100,100847,100,99838,100,101007,100,99816,100
2019-06-28 09:58:50.000000000,100124,168,100097,75,100205,168,100028,168,100324,168,99990,113,100347,168,99936,168,100348,100,99908,100,100674,100,99888,100,100721,100,99858,100,100759,100,99845,100,100847,100,99838,100,101007,100,99816,100
2019-06-28 09:58:51.160484664,100124,168,100097,75,100205,168,100028,168,100324,168,99990,113,100347,168,99936,168,100348,100,99908,100,100674,100,99888,100,100721,100,99858,100,100759,100,99845,100,100847,100,99838,100,101007,100,99816,100
2019-06-28 09:58:57.244411827,100124,168,100097,68,100205,168,100028,168,100324,168,99990,113,100347,168,99936,168,100348,100,99908,100,100674,100,99888,100,100721,100,99858,100,100759,100,99845,100,100847,100,99838,100,101007,100,99816,100
2019-06-28 09:59:00.000000000,100124,237,100028,237,100205,237,99990,182,100324,100,99936,100,100347,100,99908,100,100348,100,99888,100,100674,100,99858,100,100721,100,99845,100,100759,100,99838,100,100847,100,99816,100,101007,100,99724,100
2019-06-28 09:59:10.000000000,100124,374,100028,374,100205,100,99990,45,100324,100,99936,100,100347,100,99908,100,100348,100,99888,100,100674,100,99858,100,100721,100,99845,100,100759,100,99838,100,100847,100,99816,100,101007,100,99724,100
2019-06-28 09:59:15.735335631,100124,374,100028,374,100205,100,99990,45,100324,100,99936,100,100347,100,99908,100,100348,100,99888,100,100674,100,99858,100,100721,100,99845,100,100759,100,99838,100,100847,100,99816,100,101007,100,99724,100
2019-06-28 09:59:20.000000000,100124,237,100028,237,100205,237,99990,182,100324,100,99936,100,100347,100,99908,100,100348,100,99888,100,100674,100,99858,100,100721,100,99845,100,100759,100,99838,100,100847,100,99816,100,101007,100,99724,100
2019-06-28 09:59:30.000000000,100124,237,100028,237,100205,237,99990,182,100324,100,99936,100,100347,100,99908,100,100348,100,99888,100,100674,100,99858,100,100721,100,99845,100,100759,100,99838,100,100847,100,99816,100,101007,100,99724,100
2019-06-28 09:59:39.532857874,100124,337,100028,237,100205,237,99990,182,100324,100,99936,100,100347,100,99908,100,100348,100,99888,100,100674,100,99858,100,100721,100,99845,100,100759,100,99838,100,100847,100,99816,100,101007,100,99724,100
2019-06-28 09:59:40.000000000,100124,474,100028,374,100205,100,99990,45,100324,100,99936,100,100347,100,99908,100,100348,100,99888,100,100674,100,99858,100,100721,100,99845,100,100759,100,99838,100,100847,100,99816,100,101007,100,99724,100
2019-06-28 09:59:40.394952709,100124,574,100028,374,100205,100,99990,45,100324,100,99936,100,100347,100,99908,100,100348,100,99888,100,100674,100,99858,100,100721,100,99845,100,100759,100,99838,100,100847,100,99816,100,101007,100,99724,100
2019-06-28 09:59:50.000000000,100124,393,100028,193,100205,190,99990,135,100324,190,99936,190,100347,100,99908,100,100348,100,99888,100,100674,100,99858,100,100721,100,99845,100,100759,100,99838,100,100847,100,99816,100,101007,100,99724,100
2019-06-28 10:00:00.000000000,100124,393,100028,193,100205,190,99990,135,100324,190,99936,190,100347,100,99908,100,100348,100,99888,100,100674,100,99858,100,100721,100,99845,100,100759,100,99838,100,100847,100,99816,100,101007,100,99724,100
2019-06-28 10:00:05.095852109,100124,393,100028,93,100205,190,99990,135,100324,190,99936,190,100347,100,99908,100,100348,100,99888,100,100674,100,99858,100,100721,100,99845,100,100759,100,99838,100,100847,100,99724,100,101007,100,98293,100
2019-06-28 10:00:05.418654876,100117,100,100028,93,100124,393,99990,135,100205,190,99936,190,100324,190,99908,100,100347,100,99888,100,100348,100,99858,100,100674,100,99845,100,100721,100,99838,100,100759,100,99724,100,100847,100,98293,100
2019-06-28 10:00:05.671224108,100117,200,100028,93,100124,393,99990,135,100205,90,99936,190,100324,190,99908,100,100347,100,99888,100,100348,100,99858,100,100674,100,99845,100,100721,100,99838,100,100759,100,99724,100,100847,100,98293,100
2019-06-28 10:00:10.000000000,100117,474,99990,319,100124,300,99936,100,100324,100,99908,100,100347,100,99888,100,100348,100,99858,100,100674,100,99845,100,100721,100,99838,100,100759,100,99724,100,100847,100,98293,100,101007,100,98244,100
2019-06-28 10:00:20.000000000,100117,293,99990,138,100124,390,99936,190,100324,190,99908,190,100347,100,99888,100,100348,100,99858,100,100674,100,99845,100,100721,100,99838,100,100759,100,99724,100,100847,100,98293,100,101007,100,98244,100
2019-06-28 10:00:26.745082903,100117,293,99990,38,100124,390,99936,190,100324,190,99908,190,100347,100,99888,100,100348,100,99858,100,100674,100,99845,100,100721,100,99838,100,100759,100,99724,100,100847,100,98293,100,101007,100,98244,100
2019-06-28 10:00:30.000000000,100117,474,99936,374,100124,300,99908,100,100324,100,99888,100,100347,100,99858,100,100348,100,99845,100,100674,100,99838,100,100721,100,99724,100,100759,100,98293,100,100847,100,98244,100,101007,100,98177,100
2019-06-28 10:00:40.000000000,100117,255,99936,155,100124,355,99908,155,100324,155,99888,155,100347,155,99858,155,100348,155,99845,155,100674,100,99838,100,100721,100,99724,100,100759,100,98293,100,100847,100,98244,100,101007,100,98177,100
2019-06-28 10:00:43.214320950,100117,255,99936,155,100124,355,99908,155,100324,155,99888,155,100347,155,99858,155,100348,155,99845,155,100674,100,99838,100,100721,100,99724,100,100759,100,98531,100,100847,100,98293,100,101007,100,98244,100
2019-06-28 10:00:50.000000000,100117,268,99936,168,100124,368,99908,168,100324,168,99888,168,100347,168,99858,168,100348,100,99845,100,100674,100,99838,100,100721,100,99724,100,100759,100,98531,100,100847,100,98293,100,101007,100,98244,100
2019-06-28 10:00:57.193163741,100117,268,99936,168,100124,368,99908,168,100324,168,99888,168,100347,168,99858,168,100348,100,99845,100,100674,100,99838,100,100721,100,99724,100,100759,100,98627,100,100847,100,98531,100,101007,100,98293,100
2019-06-28 10:01:00.000000000,100117,337,99936,237,100124,437,99908,237,100324,100,99888,100,100347,100,99858,100,100348,100,99845,100,100674,100,99838,100,100721,100,99724,100,100759,100,98627,100,100847,100,98531,100,101007,100,98293,100
2019-06-28 10:01:03.746242007,100097,100,99936,237,100117,337,99908,237,100124,437,99888,100,100324,100,99858,100,100347,100,99845,100,100348,100,99838,100,100674,100,99724,100,100721,100,98627,100,100759,100,98531,100,100847,100,98293,100
2019-06-28 10:01:06.554903852,100097,100,99936,137,100117,337,99908,237,100124,437,99888,100,100324,100,99858,100,100347,100,99845,100,100348,100,99838,100,100674,100,99724,100,100721,100,98627,100,100759,100,98531,100,100847,100,98293,100
2019-06-28 10:01:10.000000000,100097,374,99908,374,100117,200,99888,100,100124,300,99858,100,100324,100,99845,100,100347,100,99838,100,100348,100,99724,100,100674,100,98627,100,100721,100,98531,100,100759,100,98293,100,100847,100,98244,100
2019-06-28 10:01:16.431111355,100097,374,99908,274,100117,200,99858,100,100124,300,99845,100,100324,100,99838,100,100347,100,99724,100,100348,100,98627,100,100674,100,98531,100,100721,100,98293,100,100759,100,98244,100,100847,100,98177,100
2019-06-28 10:01:20.000000000,100097,155,99858,155,100117,255,99845,155,100124,355,99838,155,100324,155,99724,155,100347,155,98627,155,100348,100,98531,100,100674,100,98293,100,100721,100,98244,100,100759,100,98177,100,100847,100,,
2019-06-28 10:01:28.884696805,100097,155,99858,155,100117,255,99845,155,100124,355,99838,155,100324,155,99724,155,100347,155,99087,100,100348,100,98627,155,100674,100,98531,100,100721,100,98293,100,100759,100,98244,100,100847,100,98177,100
2019-06-28 10:01:30.000000000,100097,237,99858,237,100117,337,99845,237,100124,300,99838,100,100324,100,99724,100,100347,100,99087,100,100348,100,98627,100,100674,100,98531,100,100721,100,98293,100,100759,100,98244,100,100847,100,98177,100
2019-06-28 10:01:40.000000000,100097,237,99858,237,100117,337,99845,237,100124,300,99838,100,100324,100,99724,100,100347,100,99087,100,100348,100,98627,100,100674,100,98531,100,100721,100,98293,100,100759,100,98244,100,100847,100,98177,100
2019-06-28 10:01:50.000000000,100097,155,99858,155,100117,255,99845,155,100124,355,99838,155,100324,155,99724,155,100347,155,99087,155,100348,100,98627,100,100674,100,98531,100,100721,100,98293,100,100759,100,98244,100,100847,100,98177,100
2019-06-28 10:01:54.270389534,100097,155,99858,155,100117,255,99845,155,100124,355,99838,155,100324,155,99724,155,100347,155,99087,155,100348,100,98794,100,100674,100,98627,100,100721,100,98531,100,100759,100,98293,100,100847,100,98244,100
2019-06-28 10:02:00.000000000,100097,155,99858,155,100117,255,99845,155,100124,355,99838,155,100324,155,99724,155,100347,155,99087,155,100348,100,98794,100,100674,100,98627,100,100721,100,98531,100,100759,100,98293,100,100847,100,98244,100
2019-06-28 10:02:10.000000000,100097,193,99858,193,100117,290,99845,190,100124,390,99838,190,100324,100,99724,100,100347,100,99087,100,100348,100,98794,100,100674,100,98627,100,100721,100,98531,100,100759,100,98293,100,100847,100,98244,100
2019-06-28 10:02:20.000000000,100097,193,99858,193,100117,290,99845,190,100124,390,99838,190,100324,100,99724,100,100347,100,99087,100,100348,100,98794,100,100674,100,98627,100,100721,100,98531,100,100759,100,98293,100,100847,100,98244,100
2019-06-28 10:02:26.824863965,99936,100,99858,193,100097,193,99845,190,100117,290,99838,190,100124,390,99724,100,100324,100,99087,100,100347,100,98794,100,100348,100,98627,100,100674,100,98531,100,100721,100,98293,100,100759,100,98244,100
2019-06-28 10:02:30.000000000,99936,168,99858,168,100097,168,99845,168,100117,268,99838,168,100124,368,99724,168,100324,100,99087,100,100347,100,98794,100,100348,100,98627,100,100674,100,98531,100,100721,100,98293,100,100759,100,98244,100
2019-06-28 10:02:40.000000000,99936,237,99858,237,100097,237,99845,237,100117,200,99838,100,100124,300,99724,100,100324,100,99087,100,100347,100,98794,100,100348,100,98627,100,100674,100,98531,100,100721,100,98293,100,100759,100,98244,100
2019-06-28 10:02:43.197857208,99936,237,99858,137,100097,237,99845,237,100117,200,99838,100,100124,300,99087,100,100324,100,98794,100,100347,100,98627,100,100348,100,98531,100,100674,100,98293,100,100721,100,98244,100,100759,100,98177,100
2019-06-28 10:02:45.659577382,99936,237,99858,37,100097,237,99845,237,100117,200,99838,100,100124,300,99087,100,100324,100,98794,100,100347,100,98627,100,100348,100,98531,100,100674,100,98293,100,100721,100,98244,100,100759,100,98177,100
2019-06-28 10:02:46.979945698,99936,237,99858,37,100097,237,99845,237,100117,100,99838,100,100124,300,99087,100,100324,100,98794,100,100347,100,98627,100,100348,100,98531,100,100674,100,98293,100,100721,100,98244,100,100759,100,98177,100
2019-06-28 10:02:50.000000000,99936,374,99845,374,100097,100,99838,100,100117,100,99087,100,100124,300,98794,100,100324,100,98627,100,100347,100,98531,100,100348,100,98293,100,100674,100,98244,100,100721,100,98177,100,100759,100,,
2019-06-28 10:02:53.104392924,99936,374,99845,374,100097,100,99838,100,100117,100,99087,100,100124,300,98849,100,100324,100,98794,100,100347,100,98627,100,100348,100,98531,100,100674,100,98293,100,100721,100,98244,100,100759,100,98177,100
2019-06-28 10:03:00.000000000,99936,168,99845,168,100097,168,99838,168,100117,168,99087,168,100124,368,98849,168,100324,100,98794,100,100347,100,98627,100,100348,100,98531,100,100674,100,98293,100,100721,100,98244,100,100759,100,98177,100
2019-06-28 10:03:10.000000000,99936,168,99845,168,100097,168,99838,168,100117,168,99087,168,100124,368,98849,168,100324,100,98794,100,100347,100,98627,100,100348,100,98531,100,100674,100,98293,100,100721,100,98244,100,100759,100,98177,100
2019-06-28 10:03:19.913159413,99936,168,99845,168,100097,168,99838,168,100117,168,99087,168,100124,368,98849,168,100324,100,98794,100,100347,100,98748,100,100348,100,98627,100,100674,100,98531,100,100721,100,98293,100,100759,100,98244,100
2019-06-28 10:03:20.000000000,99936,374,99845,374,100097,100,99838,100,100117,100,99087,100,100124,300,98849,100,100324,100,98794,100,100347,100,98748,100,100348,100,98627,100,100674,100,98531,100,100721,100,98293,100,100759,100,98244,100
2019-06-28 10:03:30.000000000,99936,155,99845,155,100097,155,99838,155,100117,155,99087,155,100124,355,98849,155,100324,155,98794,155,100347,100,98748,100,100348,100,98627,100,100674,100,98531,100,100721,100,98293,100,100759,100,98244,100
2019-06-28 10:03:40.000000000,99936,374,99845,374,100097,100,99838,100,100117,100,99087,100,100124,300,98849,100,100324,100,98794,100,100347,100,98748,100,100348,100,98627,100,100674,100,98531,100,100721,100,98293,100,100759,100,98244,100
2019-06-28 10:03:50.000000000,99936,193,99845,193,100097,190,99838,190,100117,190,99087,190,100124,300,98849,100,100324,100,98794,100,100347,100,98748,100,100348,100,98627,100,100674,100,98531,100,100721,100,98293,100,100759,100,98244,100
2019-06-28 10:03:51.677125542,99936,193,99845,193,100097,190,99838,190,100117,190,99087,190,100124,300,98849,100,100324,100,98832,100,100347,100,98794,100,100348,100,98748,100,100674,100,98627,100,100721,100,98531,100,100759,100,98293,100
2019-06-28 10:03:53.187636619,99936,193,99845,93,100097,190,99838,190,100117,190,99087,190,100124,300,98849,100,100324,100,98832,100,100347,100,98794,100,100348,100,98748,100,100674,100,98627,100,100759,100,98531,100,100847,100,98293,100
2019-06-28 10:03:58.723402699,99936,193,99845,93,100097,190,99838,190,100117,190,99087,190,100124,300,98849,100,100324,100,98847,100,100348,100,98832,100,100674,100,98794,100,100759,100,98748,100,100847,100,98627,100,101007,100,98531,100
2019-06-28 10:03:58.751235604,99936,193,99845,93,100097,190,99838,190,100117,190,99087,190,100124,300,98849,100,100324,100,98847,100,100348,100,98832,100,100674,100,98809,100,100759,100,98794,100,100847,100,98748,100,101007,100,98627,100
2019-06-28 10:04:00.000000000,99936,193,99838,193,100097,190,99087,190,100117,190,98849,190,100124,300,98847,100,100324,100,98832,100,100348,100,98809,100,100674,100,98794,100,100759,100,98748,100,100847,100,98627,100,101007,100,98531,100
2019-06-28 10:04:03.663923139,99936,193,99838,193,100097,190,99087,190,100117,190,99003,100,100124,300,98849,190,100324,100,98847,100,100348,100,98832,100,100674,100,98809,100,100759,100,98794,100,100847,100,98748,100,101007,100,98627,100
2019-06-28 10:04:10.000000000,99936,193,99838,193,100097,190,99087,190,100117,190,99003,190,100124,300,98849,100,100324,100,98847,100,100348,100,98832,100,100674,100,98809,100,100759,100,98794,100,100847,100,98748,100,101007,100,98627,100
2019-06-28 10:04:20.000000000,99936,155,99838,155,100097,155,99087,155,100117,155,99003,155,100124,355,98849,155,100324,155,98847,155,100348,100,98832,100,100674,100,98809,100,100759,100,98794,100,100847,100,98748,100,101007,100,98627,100
2019-06-28 10:04:30.000000000,99936,193,99838,193,100097,190,99087,190,100117,190,99003,190,100124,300,98849,100,100324,100,98847,100,100348,100,98832,100,100674,100,98809,100,100759,100,98794,100,100847,100,98748,100,101007,100,98627,100
2019-06-28 10:04:34.575607471,99936,193,99838,193,100097,190,99167,100,100117,190,99087,190,100124,300,99003,90,100324,100,98849,100,100348,100,98847,100,100674,100,98832,100,100759,100,98809,100,100847,100,98794,100,101007,100,98748,100
2019-06-28 10:04:36.502769248,99936,193,99838,193,100097,190,99167,100,100117,190,99087,190,100124,300,99003,90,100324,100,98971,100,100348,100,98849,100,100674,100,98847,100,100759,100,98809,100,100847,100,98794,100,101007,100,98748,100
2019-06-28 10:04:40.000000000,99936,237,99838,237,100097,237,99167,237,100117,100,99087,100,100124,300,98971,100,100324,100,98849,100,100348,100,98847,100,100674,100,98809,100,100759,100,98794,100,100847,100,98748,100,101007,100,98627,100
2019-06-28 10:04:40.626754149,99936,237,99838,237,100097,237,99167,237,100117,100,99087,100,100124,200,98971,100,100324,100,98849,100,100348,100,98847,100,100674,100,98809,100,100759,100,98794,100,100847,100,98748,100,101007,100,98627,100
2019-06-28 10:04:50.000000000,99936,193,99838,193,100097,190,99167,190,100117,190,99087,190,100124,200,98971,100,100324,100,98849,100,100348,100,98847,100,100674,100,98809,100,100759,100,98794,100,100847,100,98748,100,101007,100,98627,100
2019-06-28 10:05:00.000000000,99936,155,99838,155,100097,155,99167,155,100117,155,99087,155,100124,255,98971,155,100324,155,98849,155,100348,100,98847,100,100674,100,98809,100,100759,100,98794,100,100847,100,98748,100,101007,100,98627,100
2019-06-28 10:05:07.151242225,99936,155,99838,55,100097,155,99167,155,100117,155,99087,155,100124,255,98971,155,100324,155,98849,155,100348,100,98847,100,100674,100,98809,100,100759,100,98794,100,100847,100,98748,100,101007,100,98627,100
2019-06-28 10:05:10.000000000,99936,193,99167,193,100097,190,99087,190,100117,190,98971,190,100124,200,98849,100,100324,100,98847,100,100348,100,98809,100,100674,100,98794,100,100759,100,98748,100,100847,100,98627,100,101007,100,98531,100
2019-06-28 10:05:20.000000000,99936,168,99167,168,100097,168,99087,168,100117,168,98971,168,100124,268,98849,168,100324,100,98847,100,100348,100,98809,100,100674,100,98794,100,100759,100,98748,100,100847,100,98627,100,101007,100,98531,100
2019-06-28 10:05:21.722106690,99936,168,99167,68,100097,168,99087,168,100117,168,98971,168,100124,268,98849,168,100324,100,98847,100,100674,100,98809,100,100759,100,98794,100,100847,100,98748,100,101007,100,98627,100,101318,100,98531,100
2019-06-28 10:05:30.000000000,99936,155,99087,155,100097,155,98971,155,100117,155,98849,155,100124,255,98847,155,100324,155,98809,155,100674,100,98794,100,100759,100,98748,100,100847,100,98627,100,101007,100,98531,100,101318,100,98293,100
2019-06-28 10:05:38.196491237,99838,100,99087,155,99936,155,98971,155,100097,155,98849,155,100117,155,98847,155,100124,255,98809,155,100324,155,98794,100,100674,100,98748,100,100759,100,98627,100,100847,100,98531,100,101007,100,98293,100
2019-06-28 10:05:40.000000000,99838,237,99087,237,99936,237,98971,237,100097,100,98849,100,100117,100,98847,100,100124,200,98809,100,100324,100,98794,100,100674,100,98748,100,100759,100,98627,100,100847,100,98531,100,101007,100,98293,100
2019-06-28 10:05:41.734479181,99838,237,99087,237,99936,237,98971,237,100097,100,98849,100,100117,100,98847,100,100124,100,98809,100,100324,100,98794,100,100674,100,98748,100,100759,100,98627,100,100847,100,98531,100,101007,100,98293,100
2019-06-28 10:05:44.445062892,99838,237,99087,137,99936,237,98971,237,100097,100,98849,100,100117,100,98847,100,100124,100,98809,100,100324,100,98794,100,100674,100,98748,100,100759,100,98627,100,100847,100,98531,100,101007,100,98293,100
2019-06-28 10:05:47.470793266,99167,100,99087,137,99838,237,98971,237,99936,237,98849,100,100097,100,98847,100,100117,100,98809,100,100124,100,98794,100,100674,100,98748,100,100759,100,98627,100,100847,100,98531,100,101007,100,98293,100
2019-06-28 10:05:48.853862284,99167,100,99087,137,99838,237,98971,237,99936,237,98849,100,100097,100,98847,100,100117,100,98809,100,100124,100,98794,100,100674,100,98751,100,100759,100,98748,100,100847,100,98627,100,101007,100,98531,100
2019-06-28 10:05:50.000000000,99167,237,98971,237,99838,237,98849,237,99936,100,98847,100,100097,100,98809,100,100117,100,98794,100,100124,100,98751,100,100674,100,98748,100,100759,100,98627,100,100847,100,98531,100,101007,100,98293,100
2019-06-28 10:06:00.000000000,99167,155,98971,155,99838,155,98849,155,99936,155,98847,155,100097,155,98809,155,100117,155,98794,155,100124,100,98751,100,100674,100,98748,100,100759,100,98627,100,100847,100,98531,100,101007,100,98293,100
2019-06-28 10:06:10.000000000,99167,374,98971,374,99838,100,98849,100,99936,100,98847,100,100097,100,98809,100,100117,100,98794,100,100124,100,98751,100,100674,100,98748,100,100759,100,98627,100,100847,100,98531,100,101007,100,98293,100
2019-06-28 10:06:20.000000000,99167,155,98971,155,99838,155,98849,155,99936,155,98847,155,100097,155,98809,155,100117,155,98794,155,100124,100,98751,100,100674,100,98748,100,100759,100,98627,100,100847,100,98531,100,101007,100,98293,100
2019-06-28 10:06:30.000000000,99167,155,98971,155,99838,155,98849,155,99936,155,98847,155,100097,155,98809,155,100117,155,98794,155,100124,100,98751,100,100674,100,98748,100,100759,100,98627,100,100847,100,98531,100,101007,100,98293,100
2019-06-28 10:06:40.000000000,99167,168,98971,168,99838,168,98849,168,99936,168,98847,168,100097,168,98809,168,100117,100,98794,100,100124,100,98751,100,100674,100,98748,100,100759,100,98627,100,100847,100,98531,100,101007,100,98293,100
2019-06-28 10:06:50.000000000,99167,193,98971,193,99838,190,98849,190,99936,190,98847,190,100097,100,98809,100,100117,100,98794,100,100124,100,98751,100,100674,100,98748,100,100759,100,98627,100,100847,100,98531,100,101007,100,98293,100
2019-06-28 10:07:00.000000000,99167,374,98971,374,99838,100,98849,100,99936,100,98847,100,100097,100,98809,100,100117,100,98794,100,100124,100,98751,100,100674,100,98748,100,100759,100,98627,100,100847,100,98531,100,101007,100,98293,100
2019-06-28 10:07:08.975655265,99167,374,99161,100,99838,100,98971,374,99936,100,98849,100,100097,100,98847,100,100117,100,98809,100,100124,100,98794,100,100674,100,98751,100,100759,100,98748,100,100847,100,98627,100,101007,100,98531,100
2019-06-28 10:07:10.000000000,99167,193,99161,193,99838,190,98971,190,99936,190,98849,190,100097,100,98847,100,100117,100,98809,100,100124,100,98794,100,100674,100,98751,100,100759,100,98748,100,100847,100,98627,100,101007,100,98531,100
