,ask_price_1,ask_size_1,bid_price_1,bid_size_1,ask_price_2,ask_size_2,bid_price_2,bid_size_2,ask_price_3,ask_size_3,bid_price_3,bid_size_3,ask_price_4,ask_size_4,bid_price_4,bid_size_4,ask_price_5,ask_size_5,bid_price_5,bid_size_5,ask_price_6,ask_size_6,bid_price_6,bid_size_6,ask_price_7,ask_size_7,bid_price_7,bid_size_7,ask_price_8,ask_size_8,bid_price_8,bid_size_8,ask_price_9,ask_size_9,bid_price_9,bid_size_9,ask_price_10,ask_size_10,bid_price_10,bid_size_10
2019-06-28 09:30:00.000000000,,,100002,100,,,,,,,,,,,,,,,,,,,,,,,,,,,,,,,,,,,,
2019-06-28 09:30:00.000000001,100038,100,100002,100,,,,,,,,,,,,,,,,,,,,,,,,,,,,,,,,,,,,
2019-06-28 09:30:00.000000002,100038,100,100002,100,100101,100,,,,,,,,,,,,,,,,,,,,,,,,,,,,,,,,,,
2019-06-28 09:30:00.000000004,100038,100,100002,100,100101,100,99856,100,100107,100,,,,,,,,,,,,,,,,,,,,,,,,,,,,,,
2019-06-28 09:30:00.000000005,100034,100,100002,100,100038,100,99856,100,100101,100,,,100107,100,,,,,,,,,,,,,,,,,,,,,,,,,,
2019-06-28 09:30:00.000000006,100034,100,100002,100,100038,100,99856,100,100073,100,,,100101,100,,,100107,100,,,100199,100,,,,,,,,,,,,,,,,,,
2019-06-28 09:30:00.000000007,100034,100,100002,100,100038,100,99988,100,100073,100,99856,100,100101,100,,,100107,100,,,100199,100,,,,,,,,,,,,,,,,,,
2019-06-28 09:30:00.000000009,100034,100,99988,100,100038,100,99856,100,100055,100,,,100073,100,,,100101,100,,,100107,100,,,100199,100,,,,,,,,,,,,,,
2019-06-28 09:30:00.000000010,100034,100,99856,100,100038,100,,,100055,100,,,100073,100,,,100101,100,,,100107,100,,,100199,100,,,,,,,,,,,,,,
2019-06-28 09:30:00.000000011,99966,100,99856,100,100034,100,,,100038,100,,,100055,100,,,100073,100,,,100101,100,,,100107,100,,,100199,100,,,,,,,,,,
2019-06-28 09:30:00.000000014,99966,100,99856,100,100034,100,,,100038,100,,,100055,100,,,100073,100,,,100101,100,,,100107,100,,,100150,100,,,100199,100,,,,,,
2019-06-28 09:30:00.000000020,99966,100,99856,100,100034,100,,,100038,100,,,100055,100,,,100073,100,,,100101,100,,,100107,100,,,100150,100,,,100153,100,,,100199,100,,
2019-06-28 09:30:00.000000024,99966,100,99856,100,100016,100,,,100034,100,,,100038,100,,,100055,100,,,100073,100,,,100101,100,,,100107,100,,,100150,100,,,100153,100,,
2019-06-28 09:30:00.000000030,99942,100,99856,100,99966,100,,,100016,100,,,100034,100,,,100038,100,,,100055,100,,,100073,100,,,100101,100,,,100107,100,,,100150,100,,
2019-06-28 09:30:00.000000031,99942,100,99934,100,99966,100,99856,100,100016,100,,,100034,100,,,100038,100,,,100055,100,,,100073,100,,,100101,100,,,100107,100,,,100150,100,,
2019-06-28 09:30:00.000000032,99942,100,99934,100,99966,100,99856,100,99971,100,,,100016,100,,,100034,100,,,100038,100,,,100055,100,,,100073,100,,,100101,100,,,100107,100,,
2019-06-28 09:30:00.000000034,99942,100,99934,100,99966,100,99856,100,99971,100,,,100009,100,,,100016,100,,,100034,100,,,100038,100,,,100055,100,,,100073,100,,,100101,100,,
2019-06-28 09:30:00.000000035,99942,100,99934,100,99966,100,99856,100,99971,100,,,100009,100,,,100016,100,,,100029,100,,,100034,100,,,100038,100,,,100055,100,,,100073,100,,
2019-06-28 09:30:00.000000043,99966,100,99934,100,99971,100,99856,100,100009,100,,,100016,100,,,100029,100,,,100034,100,,,100038,100,,,100055,100,,,100073,100,,,100101,100,,
2019-06-28 09:30:00.000000046,99966,100,99924,100,99971,100,99856,100,100009,100,,,100016,100,,,100029,100,,,100034,100,,,100038,100,,,100055,100,,,100073,100,,,100101,100,,
2019-06-28 09:30:00.000000047,99966,100,99924,100,99969,100,99856,100,99971,100,,,100009,100,,,100016,100,,,100029,100,,,100034,100,,,100038,100,,,100055,100,,,100073,100,,
2019-06-28 09:30:00.000000048,99966,100,99924,100,99969,100,99856,100,99971,100,,,99988,100,,,100009,100,,,100016,100,,,100029,100,,,100034,100,,,100038,100,,,100055,100,,
2019-06-28 09:30:00.000000049,99966,100,99924,100,99969,100,99893,100,99971,100,99856,100,99988,100,,,100009,100,,,100016,100,,,100029,100,,,100034,100,,,100038,100,,,100055,100,,
2019-06-28 09:30:00.000000050,99966,100,99924,100,99969,100,99893,100,99971,100,99860,100,99988,100,99856,100,100009,100,,,100016,100,,,100029,100,,,100034,100,,,100038,100,,,100055,100,,
2019-06-28 09:30:00.000000052,99969,100,99924,100,99971,100,99893,100,99988,100,99860,100,100009,100,99856,100,100016,100,,,100029,100,,,100034,100,,,100038,100,,,100055,100,,,100073,100,,
2019-06-28 09:30:00.000000056,99969,100,99924,100,99971,100,99893,100,99988,100,99860,100,100009,100,99856,100,100016,100,,,100029,100,,,100034,100,,,100038,100,,,100055,100,,,100073,100,,
2019-06-28 09:30:00.000000062,99971,100,99924,100,99988,100,99893,100,99997,100,99860,100,100009,100,99856,100,100016,200,,,100029,100,,,100034,100,,,100038,100,,,100055,100,,,100073,100,,
2019-06-28 09:30:00.000000067,99988,100,99924,100,99997,100,99893,100,100009,100,99860,100,100016,200,99856,100,100029,100,,,100034,100,,,100038,100,,,100055,100,,,100073,100,,,100095,100,,
2019-06-28 09:30:00.000000068,99975,100,99964,100,99988,100,99924,100,99997,100,99893,100,100009,100,99860,100,100016,200,99856,100,100029,100,,,100034,100,,,100038,100,,,100055,100,,,100073,100,,
2019-06-28 09:30:00.000000073,99975,100,99969,100,99988,100,99964,100,99997,100,99924,100,100009,100,99893,100,100016,200,99860,100,100021,100,99856,100,100029,100,,,100034,100,,,100038,100,,,100055,100,,
2019-06-28 09:30:00.000000078,99975,100,99969,100,99988,100,99964,100,99997,100,99959,100,100009,100,99924,100,100016,200,99893,100,100021,100,99860,100,100029,100,99856,100,100034,100,,,100038,100,,,100051,100,,
2019-06-28 09:30:00.000000079,99971,100,99969,100,99975,100,99964,100,99988,100,99959,100,99997,100,99924,100,100009,100,99893,100,100016,200,99860,100,100021,100,99856,100,100029,100,,,100034,100,,,100038,100,,
2019-06-28 09:30:00.000000080,99975,100,99969,100,99980,100,99964,100,99988,100,99959,100,99997,100,99924,100,100009,100,99893,100,100016,200,99860,100,100021,100,99856,100,100029,100,,,100034,100,,,100038,100,,
2019-06-28 09:30:00.000000083,99975,100,99971,100,99980,100,99969,100,99988,100,99964,100,99997,100,99959,100,100009,100,99924,100,100016,200,99893,100,100021,100,99860,100,100029,100,99856,100,100034,100,,,100038,100,,
2019-06-28 09:30:00.000000084,99975,100,99971,100,99980,100,99969,100,99988,100,99964,100,99997,100,99959,100,100009,100,99924,100,100016,200,99893,100,100021,100,99860,100,100029,100,99856,100,100034,100,,,100038,100,,
2019-06-28 09:30:00.000000088,99975,100,99969,100,99980,100,99964,100,99988,100,99959,100,99997,100,99924,100,100009,100,99893,100,100016,200,99860,100,100021,100,99859,100,100029,100,99856,100,100034,100,,,100038,100,,
2019-06-28 09:30:00.000000089,99975,100,99969,100,99980,100,99964,100,99988,100,99959,100,99997,100,99924,100,100003,100,99893,100,100009,100,99860,100,100016,200,99859,100,100021,100,99856,100,100029,100,,,100034,100,,
2019-06-28 09:30:00.000000090,99975,100,99969,100,99980,100,99964,100,99988,100,99959,100,99997,100,99928,100,100003,100,99924,100,100009,100,99893,100,100016,200,99860,100,100021,100,99859,100,100029,100,99856,100,100034,100,99808,100
2019-06-28 09:30:00.000000093,99975,100,99969,100,99980,100,99964,100,99988,100,99959,100,99997,100,99947,100,100003,100,99928,100,100009,100,99924,100,100016,200,99893,100,100021,100,99860,100,100029,100,99859,100,100034,100,99856,100
2019-06-28 09:30:00.000000094,99975,100,99974,100,99980,100,99971,100,99988,100,99969,100,99997,100,99964,100,100003,100,99959,100,100009,100,99947,100,100016,200,99928,100,100021,100,99924,100,100029,100,99905,100,100034,100,99893,100
2019-06-28 09:30:00.000000097,99975,100,99974,100,99980,100,99971,100,99988,100,99969,100,99997,100,99964,100,100003,100,99959,100,100009,100,99947,100,100016,200,99928,100,100021,100,99924,100,100029,100,99913,100,100034,100,99905,100
2019-06-28 09:30:00.000000098,99980,100,99974,100,99988,100,99971,100,99997,100,99969,100,100003,100,99964,100,100009,100,99959,100,100016,200,99947,100,100021,100,99928,100,100029,100,99924,100,100034,100,99913,100,100038,100,99905,100
2019-06-28 09:30:00.000000099,99975,100,99974,100,99980,100,99971,100,99988,100,99969,100,99997,100,99964,100,100003,100,99959,100,100009,100,99947,100,100016,200,99928,100,100021,100,99924,100,100029,100,99913,100,100034,100,99905,100
2019-06-28 09:30:10.000000000,99975,253,99974,253,99980,249,99971,249,99988,249,99969,249,99997,100,99964,100,100003,100,99959,100,100009,100,99947,100,100016,200,99928,100,100021,100,99924,100,100029,100,99913,100,100034,100,99905,100
2019-06-28 09:30:17.748727594,99975,253,99974,253,99980,249,99971,249,99988,249,99969,249,99997,100,99964,100,100003,100,99959,100,100009,100,99947,100,100016,200,99928,100,100021,100,99924,100,100029,100,99913,100,100034,100,99905,100
2019-06-28 09:30:18.867718966,99975,153,99974,253,99980,249,99971,249,99988,249,99969,249,99997,100,99964,100,100003,100,99959,100,100009,100,99947,100,100016,200,99928,100,100021,100,99924,100,100029,100,99913,100,100034,100,99905,100
2019-06-28 09:30:20.000000000,99980,326,99974,326,99988,326,99971,326,99997,100,99969,100,100003,100,99964,100,100009,100,99959,100,100016,200,99947,100,100021,100,99928,100,100029,100,99924,100,100034,100,99913,100,100038,100,99905,100
2019-06-28 09:30:21.232518242,99980,226,99974,326,99988,326,99971,326,99997,100,99969,100,100003,100,99964,100,100009,100,99959,100,100016,200,99947,100,100021,100,99928,100,100029,100,99924,100,100034,100,99913,100,100038,100,99905,100
2019-06-28 09:30:25.939059043,99980,126,99974,326,99988,326,99971,326,99997,100,99969,100,100003,100,99964,100,100009,100,99959,100,100016,200,99947,100,100021,100,99928,100,100029,100,99924,100,100034,100,99913,100,100038,100,99905,100
2019-06-28 09:30:29.095280829,99980,26,99974,326,99988,326,99971,326,99997,100,99969,100,100003,100,99964,100,100009,100,99959,100,100016,200,99947,100,100021,100,99928,100,100029,100,99924,100,100034,100,99913,100,100038,100,99905,100
2019-06-28 09:30:30.000000000,99988,253,99974,253,99997,249,99971,249,100003,249,99969,249,100009,100,99964,100,100016,200,99959,100,100021,100,99947,100,100029,100,99928,100,100034,100,99924,100,100038,100,99913,100,100051,100,99905,100
2019-06-28 09:30:40.000000000,99988,253,99974,253,99997,249,99971,249,100003,249,99969,249,100009,100,99964,100,100016,200,99959,100,100021,100,99947,100,100029,100,99928,100,100034,100,99924,100,100038,100,99913,100,100051,100,99905,100
2019-06-28 09:30:50.000000000,99988,213,99974,213,99997,213,99971,213,100003,213,99969,213,100009,213,99964,213,100016,200,99959,100,100021,100,99947,100,100029,100,99928,100,100034,100,99924,100,100038,100,99913,100,100051,100,99905,100
2019-06-28 09:30:53.823765103,99988,213,99974,213,99997,213,99971,213,100003,213,99969,213,100009,213,99964,213,100016,200,99959,100,100021,100,99947,100,100029,100,99928,100,100034,100,99924,100,100038,100,99913,100,100051,100,99905,100
2019-06-28 09:31:00.000000000,99988,213,99974,213,99997,213,99971,213,100003,213,99969,213,100009,213,99964,213,100016,200,99959,100,100021,100,99947,100,100029,100,99928,100,100034,100,99924,100,100038,100,99913,100,100051,100,99905,100
2019-06-28 09:31:10.000000000,99988,551,99974,551,99997,100,99971,100,100003,100,99969,100,100009,100,99964,100,100016,200,99959,100,100021,100,99947,100,100029,100,99928,100,100034,100,99924,100,100038,100,99913,100,100051,100,99905,100
2019-06-28 09:31:20.000000000,99988,190,99974,190,99997,190,99971,190,100003,190,99969,190,100009,190,99964,190,100016,290,99959,190,100021,100,99947,100,100029,100,99928,100,100034,100,99924,100,100038,100,99913,100,100051,100,99905,100
2019-06-28 09:31:30.000000000,99988,551,99974,551,99997,100,99971,100,100003,100,99969,100,100009,100,99964,100,100016,200,99959,100,100021,100,99947,100,100029,100,99928,100,100034,100,99924,100,100038,100,99913,100,100051,100,99905,100
2019-06-28 09:31:35.133521532,99988,551,99974,551,99997,100,99971,100,100003,100,99969,100,100009,100,99964,100,100016,200,99959,100,100021,100,99947,100,100029,100,99928,100,100034,100,99924,100,100051,100,99913,100,100055,100,99905,100
2019-06-28 09:31:40.000000000,99988,253,99974,253,99997,249,99971,249,100003,249,99969,249,100009,100,99964,100,100016,200,99959,100,100021,100,99947,100,100029,100,99928,100,100034,100,99924,100,100051,100,99913,100,100055,100,99905,100
2019-06-28 09:31:50.000000000,99988,190,99974,190,99997,190,99971,190,100003,190,99969,190,100009,190,99964,190,100016,290,99959,190,100021,100,99947,100,100029,100,99928,100,100034,100,99924,100,100051,100,99913,100,100055,100,99905,100
2019-06-28 09:32:00.000000000,99988,326,99974,326,99997,326,99971,326,100003,100,99969,100,100009,100,99964,100,100016,200,99959,100,100021,100,99947,100,100029,100,99928,100,100034,100,99924,100,100051,100,99913,100,100055,100,99905,100
2019-06-28 09:32:10.000000000,99988,326,99974,326,99997,326,99971,326,100003,100,99969,100,100009,100,99964,100,100016,200,99959,100,100021,100,99947,100,100029,100,99928,100,100034,100,99924,100,100051,100,99913,100,100055,100,99905,100
2019-06-28 09:32:20.000000000,99988,326,99974,326,99997,326,99971,326,100003,100,99969,100,100009,100,99964,100,100016,200,99959,100,100021,100,99947,100,100029,100,99928,100,100034,100,99924,100,100051,100,99913,100,100055,100,99905,100
2019-06-28 09:32:30.000000000,99988,213,99974,213,99997,213,99971,213,100003,213,99969,213,100009,213,99964,213,100016,200,99959,100,100021,100,99947,100,100029,100,99928,100,100034,100,99924,100,100051,100,99913,100,100055,100,99905,100
2019-06-28 09:32:40.000000000,99988,253,99974,253,99997,249,99971,249,100003,249,99969,249,100009,100,99964,100,100016,200,99959,100,100021,100,99947,100,100029,100,99928,100,100034,100,99924,100,100051,100,99913,100,100055,100,99905,100
2019-06-28 09:32:42.760497319,99988,153,99974,253,99997,249,99971,249,100003,249,99969,249,100009,100,99964,100,100016,200,99959,100,100021,100,99947,100,100029,100,99928,100,100034,100,99924,100,100051,100,99913,100,100055,100,99905,100
2019-06-28 09:32:47.513062925,99988,153,99980,100,99997,249,99974,253,100003,249,99971,249,100009,100,99969,249,100016,200,99964,100,100021,100,99959,100,100029,100,99947,100,100034,100,99928,100,100051,100,99924,100,100055,100,99913,100
2019-06-28 09:32:50.000000000,99997,326,99980,326,100003,326,99974,326,100009,100,99971,100,100016,200,99969,100,100021,100,99964,100,100029,100,99959,100,100034,100,99947,100,100051,100,99928,100,100055,100,99924,100,100073,100,99913,100
2019-06-28 09:32:53.154100093,99997,326,99980,326,100003,326,99974,326,100009,100,99971,100,100016,200,99969,100,100021,100,99964,100,100029,100,99959,100,100034,100,99947,100,100051,100,99928,100,100055,100,99924,100,100073,100,99913,100
2019-06-28 09:33:00.000000000,99997,326,99980,326,100003,326,99974,326,100009,100,99971,100,100016,200,99969,100,100021,100,99964,100,100029,100,99959,100,100034,100,99947,100,100051,100,99928,100,100055,100,99924,100,100073,100,99913,100
2019-06-28 09:33:00.415893791,99997,326,99980,326,100003,326,99974,326,100009,100,99969,100,100016,200,99964,100,100021,100,99959,100,100029,100,99947,100,100034,100,99928,100,100051,100,99924,100,100055,100,99913,100,100073,100,99905,100
2019-06-28 09:33:10.000000000,99997,551,99980,551,100003,100,99974,100,100009,100,99969,100,100016,200,99964,100,100021,100,99959,100,100029,100,99947,100,100034,100,99928,100,100051,100,99924,100,100055,100,99913,100,100073,100,99905,100
2019-06-28 09:33:14.426251022,99997,551,99980,551,100003,100,99974,100,100009,100,99969,100,100016,100,99964,100,100021,100,99959,100,100029,100,99947,100,100034,100,99928,100,100051,100,99924,100,100055,100,99913,100,100073,100,99905,100
2019-06-28 09:33:20.000000000,99997,213,99980,213,100003,213,99974,213,100009,213,99969,213,100016,213,99964,213,100021,100,99959,100,100029,100,99947,100,100034,100,99928,100,100051,100,99924,100,100055,100,99913,100,100073,100,99905,100
2019-06-28 09:33:30.000000000,99997,253,99980,253,100003,249,99974,249,100009,249,99969,249,100016,100,99964,100,100021,100,99959,100,100029,100,99947,100,100034,100,99928,100,100051,100,99924,100,100055,100,99913,100,100073,100,99905,100
2019-06-28 09:33:40.000000000,99997,551,99980,551,100003,100,99974,100,100009,100,99969,100,100016,100,99964,100,100021,100,99959,100,100029,100,99947,100,100034,100,99928,100,100051,100,99924,100,100055,100,99913,100,100073,100,99905,100
2019-06-28 09:33:42.143797280,99997,551,99980,651,100003,100,99974,100,100009,100,99969,100,100016,100,99964,100,100021,100,99959,100,100029,100,99947,100,100034,100,99928,100,100051,100,99924,100,100055,100,99913,100,100073,100,99905,100
2019-06-28 09:33:44.646688393,99997,551,99980,751,100003,100,99974,100,100009,100,99969,100,100016,100,99964,100,100021,100,99959,100,100029,100,99947,100,100034,100,99928,100,100051,100,99924,100,100055,100,99913,100,100073,100,99905,100
2019-06-28 09:33:50.000000000,99997,551,99980,751,100003,100,99974,100,100009,100,99969,100,100016,100,99964,100,100021,100,99959,100,100029,100,99947,100,100034,100,99928,100,100051,100,99924,100,100055,100,99913,100,100073,100,99905,100
2019-06-28 09:33:53.729863436,99997,451,99980,751,100003,100,99974,100,100009,100,99969,100,100016,100,99964,100,100021,100,99959,100,100029,100,99947,100,100034,100,99928,100,100051,100,99924,100,100055,100,99913,100,100073,100,99905,100
2019-06-28 09:33:54.751582815,99997,451,99980,751,100003,100,99974,100,100009,100,99969,100,100016,100,99964,100,100021,100,99959,100,100029,100,99947,100,100034,100,99928,100,100051,100,99924,100,100055,100,99913,100,100073,100,99905,100
2019-06-28 09:34:00.000000000,100003,213,99980,413,100009,213,99974,213,100016,213,99969,213,100021,213,99964,213,100029,100,99959,100,100034,100,99947,100,100051,100,99928,100,100055,100,99924,100,100073,100,99913,100,100095,100,99905,100
2019-06-28 09:34:10.000000000,100003,326,99980,526,100009,326,99974,326,100016,100,99969,100,100021,100,99964,100,100029,100,99959,100,100034,100,99947,100,100051,100,99928,100,100055,100,99924,100,100073,100,99913,100,100095,100,99905,100
2019-06-28 09:34:11.122370713,100003,326,99980,526,100009,326,99974,326,100016,100,99969,100,100021,100,99964,100,100029,100,99959,100,100034,100,99947,100,100051,100,99928,100,100055,100,99924,100,100073,100,99913,100,100095,100,99905,100
2019-06-28 09:34:20.000000000,100003,326,99980,526,100009,326,99974,326,100016,100,99969,100,100021,100,99964,100,100029,100,99959,100,100034,100,99947,100,100051,100,99928,100,100055,100,99924,100,100073,100,99913,100,100095,100,99905,100
2019-06-28 09:34:30.000000000,100003,253,99980,453,100009,249,99974,249,100016,249,99969,249,100021,100,99964,100,100029,100,99959,100,100034,100,99947,100,100051,100,99928,100,100055,100,99924,100,100073,100,99913,100,100095,100,99905,100
2019-06-28 09:34:40.000000000,100003,213,99980,413,100009,213,99974,213,100016,213,99969,213,100021,213,99964,213,100029,100,99959,100,100034,100,99947,100,100051,100,99928,100,100055,100,99924,100,100073,100,99913,100,100095,100,99905,100
2019-06-28 09:34:42.825337362,100003,213,99980,413,100009,213,99974,113,100016,213,99969,213,100021,213,99964,213,100029,100,99959,100,100034,100,99947,100,100051,100,99928,100,100055,100,99924,100,100073,100,99921,100,100095,100,99913,100
2019-06-28 09:34:48.649962569,100003,213,99980,413,100009,213,99974,113,100016,213,99969,213,100021,213,99964,213,100029,100,99959,100,100034,100,99947,100,100051,100,99928,100,100055,100,99924,100,100073,100,99921,100,100095,100,99913,100
2019-06-28 09:34:50.000000000,100003,190,99980,390,100009,190,99969,190,100016,190,99964,190,100021,190,99959,190,100029,190,99947,190,100034,100,99928,100,100051,100,99924,100,100055,100,99921,100,100073,100,99913,100,100095,100,99905,100
2019-06-28 09:34:55.988141663,100003,190,99980,390,100009,90,99969,190,100016,190,99964,190,100021,190,99959,190,100029,190,99947,190,100034,100,99928,100,100051,100,99924,100,100055,100,99921,100,100073,100,99913,100,100095,100,99905,100
2019-06-28 09:35:00.000000000,100003,551,99980,751,100016,100,99969,100,100021,100,99964,100,100029,100,99959,100,100034,100,99947,100,100051,100,99928,100,100055,100,99924,100,100073,100,99921,100,100095,100,99913,100,100101,100,99905,100
2019-06-28 09:35:03.669913030,100003,451,99980,651,100016,100,99969,100,100021,100,99964,100,100029,100,99959,100,100034,100,99947,100,100051,100,99928,100,100055,100,99924,100,100073,100,99921,100,100095,100,99913,100,100101,100,99905,100
2019-06-28 09:35:07.544736726,100003,451,99980,551,100016,100,99969,100,100021,100,99964,100,100029,100,99959,100,100034,100,99947,100,100051,100,99928,100,100055,100,99924,100,100073,100,99921,100,100095,100,99913,100,100101,100,99905,100
2019-06-28 09:35:10.000000000,100016,326,99980,326,100021,326,99969,326,100029,100,99964,100,100034,100,99959,100,100051,100,99947,100,100055,100,99928,100,100073,100,99924,100,100095,100,99921,100,100101,100,99913,100,100104,100,99905,100
2019-06-28 09:35:14.791757766,100016,326,99980,226,100021,326,99969,326,100029,100,99964,100,100034,100,99959,100,100051,100,99947,100,100055,100,99928,100,100073,100,99924,100,100095,100,99913,100,100101,100,99905,100,100104,100,99893,100
2019-06-28 09:35:18.804433950,100016,326,99980,126,100021,326,99969,326,100029,100,99964,100,100034,100,99959,100,100051,100,99947,100,100055,100,99928,100,100073,100,99924,100,100095,100,99913,100,100101,100,99905,100,100104,100,99893,100
2019-06-28 09:35:20.000000000,100016,253,99969,253,100021,249,99964,249,100029,249,99959,249,100034,100,99947,100,100051,100,99928,100,100055,100,99924,100,100073,100,99913,100,100095,100,99905,100,100101,100,99893,100,100104,100,99860,100
2019-06-28 09:35:30.000000000,100016,213,99969,213,100021,213,99964,213,100029,213,99959,213,100034,213,99947,213,100051,100,99928,100,100055,100,99924,100,100073,100,99913,100,100095,100,99905,100,100101,100,99893,100,100104,100,99860,100
2019-06-28 09:35:40.000000000,100016,551,99969,551,100021,100,99964,100,100029,100,99959,100,100034,100,99947,100,100051,100,99928,100,100055,100,99924,100,100073,100,99913,100,100095,100,99905,100,100101,100,99893,100,100104,100,99860,100
2019-06-28 09:35:50.000000000,100016,326,99969,326,100021,326,99964,326,100029,100,99959,100,100034,100,99947,100,100051,100,99928,100,100055,100,99924,100,100073,100,99913,100,100095,100,99905,100,100101,100,99893,100,100104,100,99860,100
2019-06-28 09:35:54.774585818,100016,326,99969,326,100021,326,99964,326,100029,100,99959,100,100034,100,99947,100,100051,100,99928,100,100055,100,99924,100,100060,100,99913,100,100073,100,99905,100,100095,100,99893,100,100101,100,99860,100
2019-06-28 09:35:59.166231023,99980,100,99969,326,100016,326,99964,326,100021,326,99959,100,100029,100,99947,100,100034,100,99928,100,100051,100,99924,100,100060,100,99913,100,100073,100,99905,100,100095,100,99893,100,100101,100,99860,100
2019-06-28 09:36:00.000000000,99980,213,99969,213,100016,213,99964,213,100021,213,99959,213,100029,213,99947,213,100034,100,99928,100,100051,100,99924,100,100060,100,99913,100,100073,100,99905,100,100095,100,99893,100,100101,100,99860,100
2019-06-28 09:36:10.000000000,99980,213,99969,213,100016,213,99964,213,100021,213,99959,213,100029,213,99947,213,100034,100,99928,100,100051,100,99924,100,100060,100,99913,100,100073,100,99905,100,100095,100,99893,100,100101,100,99860,100
2019-06-28 09:36:19.563827426,99980,213,99969,113,100016,213,99964,213,100021,213,99959,213,100029,213,99947,213,100034,100,99928,100,100051,100,99924,100,100060,100,99913,100,100073,100,99905,100,100101,100,99893,100,100104,100,99860,100
2019-06-28 09:36:20.000000000,99980,213,99964,213,100016,213,99959,213,100021,213,99947,213,100029,213,99928,213,100034,100,99924,100,100051,100,99913,100,100060,100,99905,100,100073,100,99893,100,100101,100,99860,100,100104,100,99856,100
2019-06-28 09:36:30.000000000,99980,551,99964,551,100016,100,99959,100,100021,100,99947,100,100029,100,99928,100,100034,100,99924,100,100051,100,99913,100,100060,100,99905,100,100073,100,99893,100,100101,100,99860,100,100104,100,99856,100
2019-06-28 09:36:30.574121049,99980,551,99964,551,100016,100,99959,100,100021,100,99947,100,100029,100,99928,100,100034,100,99924,100,100051,100,99913,100,100060,100,99905,100,100073,100,99893,100,100101,100,99860,100,100104,100,99856,100
2019-06-28 09:36:40.000000000,99980,326,99964,326,100016,326,99959,326,100021,100,99947,100,100029,100,99928,100,100034,100,99924,100,100051,100,99913,100,100060,100,99905,100,100073,100,99893,100,100101,100,99860,100,100104,100,99856,100
2019-06-28 09:36:44.850562090,99980,326,99964,226,100016,326,99959,326,100021,100,99947,100,100029,100,99928,100,100034,100,99924,100,100051,100,99913,100,100060,100,99905,100,100073,100,99893,100,100101,100,99860,100,100104,100,99856,100
2019-06-28 09:36:49.243884816,99980,326,99964,226,100016,326,99959,326,100021,100,99947,100,100029,100,99928,100,100034,100,99924,100,100051,100,99913,100,100060,100,99905,100,100073,100,99893,100,100101,100,99860,100,100104,100,99856,100
2019-06-28 09:36:50.000000000,99980,326,99959,326,100016,326,99947,326,100021,100,99928,100,100029,100,99924,100,100034,100,99913,100,100051,100,99905,100,100060,100,99893,100,100073,100,99860,100,100101,100,99856,100,100104,100,99844,100
2019-06-28 09:37:00.000000000,99980,213,99959,213,100016,213,99947,213,100021,213,99928,213,100029,213,99924,213,100034,100,99913,100,100051,100,99905,100,100060,100,99893,100,100073,100,99860,100,100101,100,99856,100,100104,100,99844,100
2019-06-28 09:37:10.000000000,99980,190,99959,190,100016,190,99947,190,100021,190,99928,190,100029,190,99924,190,100034,190,99913,190,100051,100,99905,100,100060,100,99893,100,100073,100,99860,100,100101,100,99856,100,100104,100,99844,100
2019-06-28 09:37:20.000000000,99980,253,99959,253,100016,249,99947,249,100021,249,99928,249,100029,100,99924,100,100034,100,99913,100,100051,100,99905,100,100060,100,99893,100,100073,100,99860,100,100101,100,99856,100,100104,100,99844,100
2019-06-28 09:37:24.715786153,99980,253,99959,253,100016,249,99947,249,100021,249,99928,249,100029,100,99924,100,100034,100,99913,100,100051,100,99905,100,100060,100,99893,100,100073,100,99860,100,100088,100,99856,100,100101,100,99844,100
2019-06-28 09:37:30.000000000,99980,253,99959,253,100016,249,99947,249,100021,249,99928,249,100029,100,99924,100,100034,100,99913,100,100051,100,99905,100,100060,100,99893,100,100073,100,99860,100,100088,100,99856,100,100101,100,99844,100
2019-06-28 09:37:40.000000000,99980,190,99959,190,100016,190,99947,190,100021,190,99928,190,100029,190,99924,190,100034,190,99913,190,100051,100,99905,100,100060,100,99893,100,100073,100,99860,100,100088,100,99856,100,100101,100,99844,100
2019-06-28 09:37:50.000000000,99980,253,99959,253,100016,249,99947,249,100021,249,99928,249,100029,100,99924,100,100034,100,99913,100,100051,100,99905,100,100060,100,99893,100,100073,100,99860,100,100088,100,99856,100,100101,100,99844,100
2019-06-28 09:37:53.750849282,99969,100,99959,253,99980,253,99947,249,100016,249,99928,249,100021,249,99924,100,100029,100,99913,100,100034,100,99905,100,100051,100,99893,100,100060,100,99860,100,100073,100,99856,100,100088,100,99844,100
2019-06-28 09:38:00.000000000,99969,253,99959,253,99980,249,99947,249,100016,249,99928,249,100021,100,99924,100,100029,100,99913,100,100034,100,99905,100,100051,100,99893,100,100060,100,99860,100,100073,100,99856,100,100088,100,99844,100
2019-06-28 09:38:10.000000000,99969,326,99959,326,99980,326,99947,326,100016,100,99928,100,100021,100,99924,100,100029,100,99913,100,100034,100,99905,100,100051,100,99893,100,100060,100,99860,100,100073,100,99856,100,100088,100,99844,100
2019-06-28 09:38:20.000000000,99969,551,99959,551,99980,100,99947,100,100016,100,99928,100,100021,100,99924,100,100029,100,99913,100,100034,100,99905,100,100051,100,99893,100,100060,100,99860,100,100073,100,99856,100,100088,100,99844,100
2019-06-28 09:38:30.000000000,99969,213,99959,213,99980,213,99947,213,100016,213,99928,213,100021,213,99924,213,100029,100,99913,100,100034,100,99905,100,100051,100,99893,100,100060,100,99860,100,100073,100,99856,100,100088,100,99844,100
2019-06-28 09:38:31.324561099,99969,213,99959,213,99980,213,99947,213,100016,213,99928,213,100021,213,99924,213,100029,100,99913,100,100034,100,99905,100,100051,100,99893,100,100060,100,99860,100,100073,100,99856,100,100085,100,99844,100
2019-06-28 09:38:40.000000000,99969,190,99959,190,99980,190,99947,190,100016,190,99928,190,100021,190,99924,190,100029,190,99913,190,100034,100,99905,100,100051,100,99893,100,100060,100,99860,100,100073,100,99856,100,100085,100,99844,100
2019-06-28 09:38:49.627856590,99969,90,99959,190,99980,190,99947,190,100016,190,99928,190,100021,190,99924,190,100029,190,99913,190,100034,100,99905,100,100051,100,99893,100,100060,100,99860,100,100073,100,99856,100,100085,100,99844,100
2019-06-28 09:38:50.000000000,99980,190,99959,190,100016,190,99947,190,100021,190,99928,190,100029,190,99924,190,100034,190,99913,190,100051,100,99905,100,100060,100,99893,100,100073,100,99860,100,100085,100,99856,100,100088,100,99844,100
2019-06-28 09:39:00.000000000,99980,551,99959,551,100016,100,99947,100,100021,100,99928,100,100029,100,99924,100,100034,100,99913,100,100051,100,99905,100,100060,100,99893,100,100073,100,99860,100,100085,100,99856,100,100088,100,99844,100
2019-06-28 09:39:04.067947337,99980,551,99959,551,100016,100,99947,100,100021,100,99928,100,100029,100,99924,100,100034,100,99913,100,100051,100,99905,100,100060,100,99893,100,100073,100,99860,100,100085,100,99856,100,100088,100,99844,100
2019-06-28 09:39:10.000000000,99980,190,99959,190,100016,190,99947,190,100021,190,99928,190,100029,190,99924,190,100034,190,99913,190,100051,100,99905,100,100060,100,99893,100,100073,100,99860,100,100085,100,99856,100,100088,100,99844,100
2019-06-28 09:39:13.463517916,99980,190,99959,190,100016,190,99947,190,100021,190,99928,190,100029,190,99924,190,100034,190,99914,100,100051,100,99913,190,100073,100,99905,100,100085,100,99893,100,100088,100,99860,100,100101,100,99856,100
2019-06-28 09:39:14.154296385,99980,190,99959,190,100016,190,99947,190,100021,190,99928,190,100029,190,99924,190,100034,190,99914,100,100051,100,99913,190,100073,100,99905,100,100085,100,99893,100,100088,100,99860,100,100101,100,99856,100
2019-06-28 09:39:20.000000000,99980,253,99959,253,100016,249,99947,249,100021,249,99928,249,100029,100,99924,100,100034,100,99914,100,100051,100,99913,100,100073,100,99905,100,100085,100,99893,100,100088,100,99860,100,100101,100,99856,100
2019-06-28 09:39:22.181824319,99980,253,99959,253,100016,249,99947,249,100021,249,99928,249,100029,100,99924,100,100034,100,99914,100,100051,100,99913,100,100073,100,99905,100,100085,100,99893,100,100088,100,99860,100,100101,100,99856,100
2019-06-28 09:39:30.000000000,99980,551,99959,551,100016,100,99947,100,100021,100,99928,100,100029,100,99924,100,100034,100,99914,100,100051,100,99913,100,100073,100,99905,100,100085,100,99893,100,100088,100,99860,100,100101,100,99856,100
2019-06-28 09:39:35.481694659,99980,551,99959,451,100016,100,99947,100,100021,100,99928,100,100029,100,99924,100,100034,100,99914,100,100051,100,99913,100,100073,100,99905,100,100085,100,99893,100,100088,100,99860,100,100101,100,99856,100
2019-06-28 09:39:40.000000000,99980,253,99947,253,100016,249,99928,249,100021,249,99924,249,100029,100,99914,100,100034,100,99913,100,100051,100,99905,100,100073,100,99893,100,100085,100,99860,100,100088,100,99856,100,100101,100,99844,100
2019-06-28 09:39:50.000000000,99980,253,99947,253,100016,249,99928,249,100021,249,99924,249,100029,100,99914,100,100034,100,99913,100,100051,100,99905,100,100073,100,99893,100,100085,100,99860,100,100088,100,99856,100,100101,100,99844,100
2019-06-28 09:39:53.838436197,99968,100,99947,253,99980,253,99928,249,100016,249,99924,249,100021,249,99914,100,100029,100,99913,100,100034,100,99905,100,100051,100,99893,100,100073,100,99860,100,100085,100,99856,100,100088,100,99844,100
2019-06-28 09:39:55.829224707,99968,100,99947,253,99980,253,99928,249,100016,249,99924,249,100021,249,99914,100,100029,100,99913,100,100034,100,99905,100,100051,100,99893,100,100073,100,99860,100,100085,100,99856,100,100088,100,99844,100
2019-06-28 09:39:57.083380582,99980,253,99947,253,100016,249,99928,249,100021,249,99924,249,100029,100,99914,100,100034,100,99913,100,100051,100,99905,100,100073,100,99893,100,100085,100,99860,100,100088,100,99856,100,100101,100,99844,100
2019-06-28 09:40:00.000000000,99980,213,99947,213,100016,213,99928,213,100021,213,99924,213,100029,213,99914,213,100034,100,99913,100,100051,100,99905,100,100073,100,99893,100,100085,100,99860,100,100088,100,99856,100,100101,100,99844,100
2019-06-28 09:40:10.000000000,99980,253,99947,253,100016,249,99928,249,100021,249,99924,249,100029,100,99914,100,100034,100,99913,100,100051,100,99905,100,100073,100,99893,100,100085,100,99860,100,100088,100,99856,100,100101,100,99844,100
2019-06-28 09:40:20.000000000,99980,551,99947,551,100016,100,99928,100,100021,100,99924,100,100029,100,99914,100,100034,100,99913,100,100051,100,99905,100,100073,100,99893,100,100085,100,99860,100,100088,100,99856,100,100101,100,99844,100
2019-06-28 09:40:30.000000000,99980,326,99947,326,100016,326,99928,326,100021,100,99924,100,100029,100,99914,100,100034,100,99913,100,100051,100,99905,100,100073,100,99893,100,100085,100,99860,100,100088,100,99856,100,100101,100,99844,100
2019-06-28 09:40:40.000000000,99980,190,99947,190,100016,190,99928,190,100021,190,99924,190,100029,190,99914,190,100034,190,99913,190,100051,100,99905,100,100073,100,99893,100,100085,100,99860,100,100088,100,99856,100,100101,100,99844,100
2019-06-28 09:40:43.633723537,99980,190,99947,190,100016,190,99928,190,100021,190,99924,190,100029,190,99914,190,100034,190,99913,190,100051,100,99905,100,100073,100,99893,100,100085,100,99860,100,100088,100,99856,100,100101,100,99844,100
2019-06-28 09:40:50.000000000,99980,190,99947,190,100016,190,99928,190,100021,190,99924,190,100029,190,99914,190,100034,190,99913,190,100051,100,99905,100,100073,100,99893,100,100085,100,99860,100,100088,100,99856,100,100101,100,99844,100
2019-06-28 09:40:58.695814519,99980,190,99947,90,100016,190,99928,190,100021,190,99924,190,100029,190,99914,190,100034,190,99913,190,100051,100,99905,100,100073,100,99893,100,100085,100,99860,100,100088,100,99856,100,100101,100,99844,100
2019-06-28 09:41:00.000000000,99980,326,99928,326,100016,326,99924,326,100021,100,99914,100,100029,100,99913,100,100034,100,99905,100,100051,100,99893,100,100073,100,99860,100,100085,100,99856,100,100088,100,99844,100,100101,100,99808,100
2019-06-28 09:41:10.000000000,99980,551,99928,551,100016,100,99924,100,100021,100,99914,100,100029,100,99913,100,100034,100,99905,100,100051,100,99893,100,100073,100,99860,100,100085,100,99856,100,100088,100,99844,100,100101,100,99808,100
2019-06-28 09:41:10.398243604,99980,551,99928,551,100016,100,99924,100,100021,100,99914,100,100029,100,99913,100,100034,100,99905,100,100051,100,99893,100,100073,100,99860,100,100085,100,99856,100,100088,100,99844,100,100101,100,99808,100
2019-06-28 09:41:13.080562465,99980,551,99928,451,100016,100,99924,100,100021,100,99914,100,100029,100,99913,100,100034,100,99905,100,100051,100,99893,100,100073,100,99860,100,100085,100,99856,100,100088,100,99844,100,100101,100,99808,100
2019-06-28 09:41:20.000000000,99980,326,99924,326,100016,326,99914,326,100021,100,99913,100,100029,100,99905,100,100034,100,99893,100,100051,100,99860,100,100073,100,99856,100,100085,100,99844,100,100088,100,99808,100,100101,100,99774,100
2019-06-28 09:41:30.000000000,99980,551,99924,551,100016,100,99914,100,100021,100,99913,100,100029,100,99905,100,100034,100,99893,100,100051,100,99860,100,100073,100,99856,100,100085,100,99844,100,100088,100,99808,100,100101,100,99774,100
2019-06-28 09:41:36.737199380,99980,451,99924,551,100016,100,99914,100,100021,100,99913,100,100029,100,99905,100,100034,100,99893,100,100051,100,99860,100,100073,100,99856,100,100085,100,99808,100,100088,100,99774,100,100101,100,99713,100
2019-06-28 09:41:40.000000000,100016,253,99924,253,100021,249,99914,249,100029,249,99913,249,100034,100,99905,100,100051,100,99893,100,100073,100,99860,100,100085,100,99856,100,100088,100,99808,100,100101,100,99774,100,100104,100,99713,100
2019-06-28 09:41:44.100207407,100016,153,99924,253,100021,249,99914,249,100029,249,99913,249,100034,100,99905,100,100051,100,99893,100,100073,100,99860,100,100085,100,99856,100,100088,100,99808,100,100101,100,99774,100,100104,100,99713,100
2019-06-28 09:41:50.000000000,100021,253,99924,253,100029,249,99914,249,100034,249,99913,249,100051,100,99905,100,100073,100,99893,100,100085,100,99860,100,100088,100,99856,100,100101,100,99808,100,100104,100,99774,100,100370,100,99713,100
2019-06-28 09:41:53.933573745,100021,153,99924,253,100029,249,99914,249,100034,249,99913,249,100051,100,99905,100,100073,100,99860,100,100085,100,99856,100,100088,100,99808,100,100101,100,99774,100,100104,100,99713,100,100370,100,99676,100
2019-06-28 09:41:54.365652250,100021,153,99924,253,100029,249,99914,249,100034,249,99913,249,100051,100,99905,100,100073,100,99860,100,100085,100,99856,100,100088,100,99808,100,100101,100,99774,100,100104,100,99713,100,100370,100,99676,100
2019-06-28 09:42:00.000000000,100029,551,99924,551,100034,100,99914,100,100051,100,99913,100,100073,100,99905,100,100085,100,99860,100,100088,100,99856,100,100101,100,99808,100,100104,100,99774,100,100370,100,99713,100,100485,100,99676,100
2019-06-28 09:42:10.000000000,100029,213,99924,213,100034,213,99914,213,100051,213,99913,213,100073,213,99905,213,100085,100,99860,100,100088,100,99856,100,100101,100,99808,100,100104,100,99774,100,100370,100,99713,100,100485,100,99676,100
2019-06-28 09:42:11.895318132,100029,213,100016,100,100034,213,99924,213,100051,213,99914,213,100073,213,99913,213,100085,100,99905,213,100088,100,99860,100,100101,100,99856,100,100104,100,99808,100,100370,100,99774,100,100485,100,99713,100
2019-06-28 09:42:20.000000000,100029,551,100016,551,100034,100,99924,100,100051,100,99914,100,100073,100,99913,100,100085,100,99905,100,100088,100,99860,100,100101,100,99856,100,100104,100,99808,100,100370,100,99774,100,100485,100,99713,100
2019-06-28 09:42:25.987775945,100029,451,100016,551,100034,100,99924,100,100051,100,99914,100,100073,100,99913,100,100085,100,99905,100,100088,100,99860,100,100101,100,99856,100,100104,100,99808,100,100370,100,99774,100,100485,100,99713,100
2019-06-28 09:42:26.998305409,100029,451,100016,551,100034,100,99924,100,100051,100,99914,100,100073,100,99913,100,100085,100,99905,100,100088,100,99860,100,100101,100,99856,100,100104,100,99808,100,100370,100,99774,100,100485,100,99713,100
2019-06-28 09:42:30.000000000,100034,551,100016,551,100051,100,99924,100,100073,100,99914,100,100085,100,99913,100,100088,100,99905,100,100101,100,99860,100,100104,100,99856,100,100370,100,99808,100,100485,100,99774,100,100517,100,99713,100
2019-06-28 09:42:33.352564904,100034,551,100016,551,100051,100,99924,100,100073,100,99914,100,100085,100,99913,100,100088,100,99905,100,100101,100,99860,100,100104,100,99856,100,100370,100,99808,100,100485,100,99774,100,100517,100,99713,100
2019-06-28 09:42:40.000000000,100034,326,100016,326,100051,326,99924,326,100073,100,99914,100,100085,100,99913,100,100088,100,99905,100,100101,100,99860,100,100104,100,99856,100,100370,100,99808,100,100485,100,99774,100,100517,100,99713,100
2019-06-28 09:42:44.758639012,100034,326,100016,326,100051,326,99924,326,100073,100,99914,100,100085,100,99913,100,100088,100,99905,100,100101,100,99860,100,100104,100,99856,100,100370,100,99808,100,100485,100,99774,100,100513,100,99713,100
2019-06-28 09:42:50.000000000,100034,213,100016,213,100051,213,99924,213,100073,213,99914,213,100085,213,99913,213,100088,100,99905,100,100101,100,99860,100,100104,100,99856,100,100370,100,99808,100,100485,100,99774,100,100513,100,99713,100
2019-06-28 09:42:51.933988975,100034,213,100016,213,100051,213,99924,213,100073,213,99914,213,100085,213,99913,213,100088,100,99905,100,100101,100,99860,100,100104,100,99856,100,100370,100,99808,100,100422,100,99774,100,100485,100,99713,100
2019-06-28 09:43:00.000000000,100034,326,100016,326,100051,326,99924,326,100073,100,99914,100,100085,100,99913,100,100088,100,99905,100,100101,100,99860,100,100104,100,99856,100,100370,100,99808,100,100422,100,99774,100,100485,100,99713,100
2019-06-28 09:43:01.858188092,100034,326,100016,326,100051,326,99924,326,100073,100,99913,100,100085,100,99905,100,100088,100,99860,100,100101,100,99856,100,100104,100,99808,100,100370,100,99774,100,100422,100,99713,100,100485,100,99676,100
2019-06-28 09:43:05.019454432,100034,326,100021,100,100051,326,100016,326,100073,100,99924,326,100085,100,99913,100,100088,100,99905,100,100101,100,99860,100,100104,100,99856,100,100370,100,99808,100,100422,100,99774,100,100485,100,99713,100
2019-06-28 09:43:05.138470691,100034,326,100021,100,100051,326,100016,326,100073,100,99924,326,100085,100,99913,100,100088,100,99905,100,100101,100,99860,100,100104,100,99856,100,100370,100,99808,100,100422,100,99774,100,100485,100,99713,100
2019-06-28 09:43:10.000000000,100034,253,100021,253,100051,249,100016,249,100073,249,99924,249,100085,100,99913,100,100088,100,99905,100,100101,100,99860,100,100104,100,99856,100,100370,100,99808,100,100422,100,99774,100,100485,100,99713,100
2019-06-28 09:43:20.000000000,100034,190,100021,190,100051,190,100016,190,100073,190,99924,190,100085,190,99913,190,100088,190,99905,190,100101,100,99860,100,100104,100,99856,100,100370,100,99808,100,100422,100,99774,100,100485,100,99713,100
2019-06-28 09:43:25.468297139,100034,90,100021,190,100051,190,100016,190,100073,190,99924,190,100085,190,99913,190,100088,190,99905,190,100101,100,99860,100,100104,100,99856,100,100370,100,99774,100,100422,100,99713,100,100485,100,99512,100
2019-06-28 09:43:30.000000000,100051,551,100021,551,100073,100,100016,100,100085,100,99924,100,100088,100,99913,100,100101,100,99905,100,100104,100,99860,100,100370,100,99856,100,100422,100,99774,100,100485,100,99713,100,100503,100,99512,100
2019-06-28 09:43:32.588038686,100051,551,100029,100,100073,100,100021,551,100085,100,100016,100,100088,100,99924,100,100101,100,99913,100,100104,100,99905,100,100370,100,99860,100,100422,100,99856,100,100485,100,99774,100,100503,100,99713,100
2019-06-28 09:43:40.000000000,100051,190,100029,190,100073,190,100021,190,100085,190,100016,190,100088,190,99924,190,100101,190,99913,190,100104,100,99905,100,100370,100,99860,100,100422,100,99856,100,100485,100,99774,100,100503,100,99713,100
2019-06-28 09:43:50.000000000,100051,213,100029,213,100073,213,100021,213,100085,213,100016,213,100088,213,99924,213,100101,100,99913,100,100104,100,99905,100,100370,100,99860,100,100422,100,99856,100,100485,100,99774,100,100503,100,99713,100
2019-06-28 09:44:00.000000000,100051,326,100029,326,100073,326,100021,326,100085,100,100016,100,100088,100,99924,100,100101,100,99913,100,100104,100,99905,100,100370,100,99860,100,100422,100,99856,100,100485,100,99774,100,100503,100,99713,100
2019-06-28 09:44:10.000000000,100051,213,100029,213,100073,213,100021,213,100085,213,100016,213,100088,213,99924,213,100101,100,99913,100,100104,100,99905,100,100370,100,99860,100,100422,100,99856,100,100485,100,99774,100,100503,100,99713,100
2019-06-28 09:44:20.000000000,100051,326,100029,326,100073,326,100021,326,100085,100,100016,100,100088,100,99924,100,100101,100,99913,100,100104,100,99905,100,100370,100,99860,100,100422,100,99856,100,100485,100,99774,100,100503,100,99713,100
2019-06-28 09:44:30.000000000,100051,190,100029,190,100073,190,100021,190,100085,190,100016,190,100088,190,99924,190,100101,190,99913,190,100104,100,99905,100,100370,100,99860,100,100422,100,99856,100,100485,100,99774,100,100503,100,99713,100
2019-06-28 09:44:40.000000000,100051,551,100029,551,100073,100,100021,100,100085,100,100016,100,100088,100,99924,100,100101,100,99913,100,100104,100,99905,100,100370,100,99860,100,100422,100,99856,100,100485,100,99774,100,100503,100,99713,100
2019-06-28 09:44:50.000000000,100051,213,100029,213,100073,213,100021,213,100085,213,100016,213,100088,213,99924,213,100101,100,99913,100,100104,100,99905,100,100370,100,99860,100,100422,100,99856,100,100485,100,99774,100,100503,100,99713,100
2019-06-28 09:44:54.831048102,100051,213,100029,313,100073,213,100021,213,100085,213,100016,213,100088,213,99924,213,100101,100,99913,100,100104,100,99905,100,100370,100,99860,100,100422,100,99856,100,100485,100,99774,100,100503,100,99713,100
2019-06-28 09:45:00.000000000,100051,190,100029,290,100073,190,100021,190,100085,190,100016,190,100088,190,99924,190,100101,190,99913,190,100104,100,99905,100,100370,100,99860,100,100422,100,99856,100,100485,100,99774,100,100503,100,99713,100
2019-06-28 09:45:08.783458896,100051,190,100029,390,100073,190,100021,190,100085,190,100016,190,100088,190,99924,190,100101,190,99913,190,100104,100,99905,100,100370,100,99860,100,100422,100,99856,100,100485,100,99774,100,100503,100,99713,100
2019-06-28 09:45:10.000000000,100051,253,100029,453,100073,249,100021,249,100085,249,100016,249,100088,100,99924,100,100101,100,99913,100,100104,100,99905,100,100370,100,99860,100,100422,100,99856,100,100485,100,99774,100,100503,100,99713,100
2019-06-28 09:45:14.948952806,100051,253,100029,453,100073,249,100021,249,100085,249,100016,249,100088,100,99964,100,100101,100,99924,100,100104,100,99913,100,100370,100,99905,100,100422,100,99860,100,100485,100,99856,100,100503,100,99774,100
2019-06-28 09:45:20.000000000,100051,326,100029,526,100073,326,100021,326,100085,100,100016,100,100088,100,99964,100,100101,100,99924,100,100104,100,99913,100,100370,100,99905,100,100422,100,99860,100,100485,100,99856,100,100503,100,99774,100
2019-06-28 09:45:30.000000000,100051,190,100029,390,100073,190,100021,190,100085,190,100016,190,100088,190,99964,190,100101,190,99924,190,100104,100,99913,100,100370,100,99905,100,100422,100,99860,100,100485,100,99856,100,100503,100,99774,100
2019-06-28 09:45:36.759969237,100051,190,100029,390,100073,190,100021,190,100085,190,100016,190,100088,190,99964,190,100101,190,99924,190,100104,100,99913,100,100364,100,99905,100,100370,100,99860,100,100422,100,99856,100,100485,100,99774,100
2019-06-28 09:45:38.408925262,100051,190,100029,390,100073,190,100021,190,100085,190,100016,190,100088,190,99964,190,100101,190,99924,190,100104,100,99913,100,100364,100,99905,100,100365,100,99860,100,100370,100,99856,100,100422,100,99774,100
2019-06-28 09:45:40.000000000,100051,326,100029,526,100073,326,100021,326,100085,100,100016,100,100088,100,99964,100,100101,100,99924,100,100104,100,99913,100,100364,100,99905,100,100365,100,99860,100,100370,100,99856,100,100422,100,99774,100
2019-06-28 09:45:49.114808013,100051,226,100029,526,100073,326,100021,326,100085,100,100016,100,100088,100,99964,100,100101,100,99924,100,100104,100,99913,100,100364,100,99905,100,100365,100,99860,100,100370,100,99856,100,100422,100,99774,100
2019-06-28 09:45:50.000000000,100073,213,100029,413,100085,213,100021,213,100088,213,100016,213,100101,213,99964,213,100104,100,99924,100,100364,100,99913,100,100365,100,99905,100,100370,100,99860,100,100422,100,99856,100,100485,100,99774,100
2019-06-28 09:45:58.170558399,100073,213,100034,100,100085,213,100029,413,100088,213,100021,213,100101,213,100016,213,100104,100,99964,213,100364,100,99924,100,100365,100,99913,100,100370,100,99905,100,100422,100,99860,100,100485,100,99856,100
2019-06-28 09:45:58.348019306,100073,213,100034,100,100085,213,100029,413,100088,213,100021,213,100101,213,100016,213,100104,100,99964,213,100264,100,99924,100,100364,100,99913,100,100365,100,99905,100,100370,100,99860,100,100422,100,99774,100
2019-06-28 09:46:00.000000000,100073,551,100034,551,100085,100,100029,300,100088,100,100021,100,100101,100,100016,100,100104,100,99964,100,100264,100,99924,100,100364,100,99913,100,100365,100,99905,100,100370,100,99860,100,100422,100,99774,100
2019-06-28 09:46:06.950195280,100073,451,100034,551,100085,100,100029,300,100088,100,100021,100,100101,100,100016,100,100104,100,99964,100,100264,100,99924,100,100364,100,99913,100,100365,100,99905,100,100370,100,99860,100,100422,100,99774,100
2019-06-28 09:46:08.227705406,100073,351,100034,551,100085,100,100029,300,100088,100,100021,100,100101,100,100016,100,100104,100,99964,100,100264,100,99924,100,100364,100,99913,100,100365,100,99905,100,100370,100,99860,100,100422,100,99774,100
2019-06-28 09:46:09.505786794,100073,251,100034,551,100085,100,100029,300,100088,100,100021,100,100101,100,100016,100,100104,100,99964,100,100264,100,99924,100,100364,100,99913,100,100365,100,99905,100,100370,100,99860,100,100422,100,99774,100
2019-06-28 09:46:10.000000000,100085,253,100034,253,100088,249,100029,449,100101,249,100021,249,100104,100,100016,100,100264,100,99964,100,100364,100,99924,100,100365,100,99913,100,100370,100,99905,100,100422,100,99860,100,100485,100,99774,100
2019-06-28 09:46:20.000000000,100085,326,100034,326,100088,326,100029,526,100101,100,100021,100,100104,100,100016,100,100264,100,99964,100,100364,100,99924,100,100365,100,99913,100,100370,100,99905,100,100422,100,99860,100,100485,100,99774,100
2019-06-28 09:46:26.431831637,100085,226,100034,326,100088,326,100029,526,100101,100,100021,100,100104,100,100016,100,100264,100,99964,100,100364,100,99924,100,100365,100,99913,100,100370,100,99905,100,100422,100,99860,100,100485,100,99774,100
2019-06-28 09:46:30.000000000,100088,190,100034,190,100101,190,100029,390,100104,190,100021,190,100264,190,100016,190,100364,190,99964,190,100365,100,99924,100,100370,100,99913,100,100422,100,99905,100,100485,100,99860,100,100503,100,99774,100
2019-06-28 09:46:32.582267801,100088,90,100034,190,100101,190,100029,390,100104,190,100021,190,100264,190,100016,190,100364,190,99964,190,100365,100,99924,100,100370,100,99913,100,100422,100,99905,100,100485,100,99860,100,100503,100,99774,100
2019-06-28 09:46:40.000000000,100101,253,100034,253,100104,249,100029,449,100264,249,100021,249,100364,100,100016,100,100365,100,99964,100,100370,100,99924,100,100422,100,99913,100,100485,100,99905,100,100503,100,99860,100,100505,100,99774,100
2019-06-28 09:46:50.000000000,100101,326,100034,326,100104,326,100029,526,100264,100,100021,100,100364,100,100016,100,100365,100,99964,100,100370,100,99924,100,100422,100,99913,100,100485,100,99905,100,100503,100,99860,100,100505,100,99774,100
2019-06-28 09:47:00.000000000,100101,551,100034,551,100104,100,100029,300,100264,100,100021,100,100364,100,100016,100,100365,100,99964,100,100370,100,99924,100,100422,100,99913,100,100485,100,99905,100,100503,100,99860,100,100505,100,99774,100
2019-06-28 09:47:10.000000000,100101,253,100034,253,100104,249,100029,449,100264,249,100021,249,100364,100,100016,100,100365,100,99964,100,100370,100,99924,100,100422,100,99913,100,100485,100,99905,100,100503,100,99860,100,100505,100,99774,100
2019-06-28 09:47:12.186544135,100101,253,100034,253,100104,249,100029,449,100264,249,100021,249,100364,100,100016,100,100365,100,99964,100,100370,100,99924,100,100422,100,99913,100,100485,100,99905,100,100503,100,99860,100,100505,100,99836,100
2019-06-28 09:47:20.000000000,100101,326,100034,326,100104,326,100029,526,100264,100,100021,100,100364,100,100016,100,100365,100,99964,100,100370,100,99924,100,100422,100,99913,100,100485,100,99905,100,100503,100,99860,100,100505,100,99836,100
2019-06-28 09:47:30.000000000,100101,253,100034,253,100104,249,100029,449,100264,249,100021,249,100364,100,100016,100,100365,100,99964,100,100370,100,99924,100,100422,100,99913,100,100485,100,99905,100,100503,100,99860,100,100505,100,99836,100
2019-06-28 09:47:40.000000000,100101,326,100034,326,100104,326,100029,526,100264,100,100021,100,100364,100,100016,100,100365,100,99964,100,100370,100,99924,100,100422,100,99913,100,100485,100,99905,100,100503,100,99860,100,100505,100,99836,100
2019-06-28 09:47:48.855032686,100101,326,100034,326,100104,326,100029,526,100264,100,100021,100,100364,100,100016,100,100365,100,99924,100,100370,100,99913,100,100417,100,99905,100,100422,100,99860,100,100485,100,99836,100,100503,100,99774,100
2019-06-28 09:47:48.882307725,100101,226,100034,326,100104,326,100029,526,100264,100,100021,100,100364,100,100016,100,100365,100,99924,100,100370,100,99913,100,100417,100,99905,100,100422,100,99860,100,100485,100,99836,100,100503,100,99774,100
2019-06-28 09:47:50.000000000,100104,551,100034,551,100264,100,100029,300,100364,100,100021,100,100365,100,100016,100,100370,100,99924,100,100417,100,99913,100,100422,100,99905,100,100485,100,99860,100,100503,100,99836,100,100505,100,99774,100
2019-06-28 09:47:54.422669656,100104,551,100088,100,100264,100,100034,551,100364,100,100029,300,100365,100,100021,100,100370,100,100016,100,100417,100,99924,100,100422,100,99913,100,100485,100,99905,100,100503,100,99860,100,100505,100,99836,100
2019-06-28 09:48:00.000000000,100104,253,100088,253,100264,249,100034,249,100364,249,100029,449,100365,100,100021,100,100370,100,100016,100,100417,100,99924,100,100422,100,99913,100,100485,100,99905,100,100503,100,99860,100,100505,100,99836,100
2019-06-28 09:48:10.000000000,100104,190,100088,190,100264,190,100034,190,100364,190,100029,390,100365,190,100021,190,100370,190,100016,190,100417,100,99924,100,100422,100,99913,100,100485,100,99905,100,100503,100,99860,100,100505,100,99836,100
2019-06-28 09:48:20.000000000,100104,190,100088,190,100264,190,100034,190,100364,190,100029,390,100365,190,100021,190,100370,190,100016,190,100417,100,99924,100,100422,100,99913,100,100485,100,99905,100,100503,100,99860,100,100505,100,99836,100
2019-06-28 09:48:30.000000000,100104,551,100088,551,100264,100,100034,100,100364,100,100029,300,100365,100,100021,100,100370,100,100016,100,100417,100,99924,100,100422,100,99913,100,100485,100,99905,100,100503,100,99860,100,100505,100,99836,100
2019-06-28 09:48:36.589197416,100104,551,100088,651,100264,100,100034,100,100364,100,100029,300,100365,100,100016,100,100370,100,99924,100,100417,100,99913,100,100422,100,99905,100,100485,100,99860,100,100503,100,99836,100,100505,100,99774,100
2019-06-28 09:48:40.000000000,100104,190,100088,290,100264,190,100034,190,100364,190,100029,390,100365,190,100016,190,100370,190,99924,190,100417,100,99913,100,100422,100,99905,100,100485,100,99860,100,100503,100,99836,100,100505,100,99774,100
2019-06-28 09:48:40.717871681,100104,190,100088,290,100264,190,100034,190,100364,190,100029,390,100365,190,100016,190,100370,190,99924,190,100417,100,99913,100,100422,100,99905,100,100485,100,99860,100,100503,100,99836,100,100505,100,99774,100
2019-06-28 09:48:44.497300971,100104,90,100088,290,100264,190,100034,190,100364,190,100029,390,100365,190,100016,190,100370,190,99924,190,100417,100,99913,100,100422,100,99905,100,100485,100,99860,100,100503,100,99836,100,100505,100,99774,100
2019-06-28 09:48:45.155652853,100104,90,100088,290,100264,190,100034,190,100364,190,100029,390,100365,190,100016,190,100370,190,99924,190,100417,100,99913,100,100422,100,99905,100,100485,100,99860,100,100503,100,99836,100,100505,100,99774,100
2019-06-28 09:48:50.000000000,100264,253,100088,353,100364,249,100034,249,100365,249,100029,449,100370,100,100016,100,100417,100,99924,100,100422,100,99913,100,100485,100,99905,100,100503,100,99860,100,100505,100,99836,100,100513,100,99774,100
2019-06-28 09:48:50.731175826,100264,153,100088,353,100364,249,100034,249,100365,249,100029,449,100370,100,100016,100,100417,100,99924,100,100422,100,99913,100,100485,100,99905,100,100503,100,99860,100,100505,100,99836,100,100517,100,99774,100
2019-06-28 09:49:00.000000000,100364,213,100088,313,100365,213,100034,213,100370,213,100029,413,100417,213,100016,213,100422,100,99924,100,100485,100,99913,100,100503,100,99905,100,100505,100,99860,100,100517,100,99836,100,100537,100,99774,100
2019-06-28 09:49:05.281618634,100364,213,100104,100,100365,213,100088,213,100370,213,100034,213,100417,213,100029,413,100422,100,100016,213,100485,100,99924,100,100503,100,99913,100,100505,100,99905,100,100517,100,99860,100,100537,100,99836,100
2019-06-28 09:49:10.000000000,100364,551,100104,551,100365,100,100088,100,100370,100,100034,100,100417,100,100029,300,100422,100,100016,100,100485,100,99924,100,100503,100,99913,100,100505,100,99905,100,100517,100,99860,100,100537,100,99836,100
2019-06-28 09:49:20.000000000,100364,190,100104,190,100365,190,100088,190,100370,190,100034,190,100417,190,100029,390,100422,190,100016,190,100485,100,99924,100,100503,100,99913,100,100505,100,99905,100,100517,100,99860,100,100537,100,99836,100
2019-06-28 09:49:30.000000000,100364,190,100104,190,100365,190,100088,190,100370,190,100034,190,100417,190,100029,390,100422,190,100016,190,100485,100,99924,100,100503,100,99913,100,100505,100,99905,100,100517,100,99860,100,100537,100,99836,100
2019-06-28 09:49:40.000000000,100364,213,100104,213,100365,213,100088,213,100370,213,100034,213,100417,213,100029,413,100422,100,100016,100,100485,100,99924,100,100503,100,99913,100,100505,100,99905,100,100517,100,99860,100,100537,100,99836,100
2019-06-28 09:49:50.000000000,100364,326,100104,326,100365,326,100088,326,100370,100,100034,100,100417,100,100029,300,100422,100,100016,100,100485,100,99924,100,100503,100,99913,100,100505,100,99905,100,100517,100,99860,100,100537,100,99836,100
2019-06-28 09:50:00.000000000,100364,190,100104,190,100365,190,100088,190,100370,190,100034,190,100417,190,100029,390,100422,190,100016,190,100485,100,99924,100,100503,100,99913,100,100505,100,99905,100,100517,100,99860,100,100537,100,99836,100
2019-06-28 09:50:10.000000000,100364,190,100104,190,100365,190,100088,190,100370,190,100034,190,100417,190,100029,390,100422,190,100016,190,100485,100,99924,100,100503,100,99913,100,100505,100,99905,100,100517,100,99860,100,100537,100,99836,100
2019-06-28 09:50:13.468960905,100364,190,100338,100,100365,190,100104,190,100370,190,100088,190,100417,190,100034,190,100422,190,100029,390,100485,100,100016,190,100503,100,99924,100,100505,100,99913,100,100517,100,99905,100,100537,100,99860,100
2019-06-28 09:50:20.000000000,100364,253,100338,253,100365,249,100104,249,100370,249,100088,249,100417,100,100034,100,100422,100,100029,300,100485,100,100016,100,100503,100,99924,100,100505,100,99913,100,100517,100,99905,100,100537,100,99860,100
2019-06-28 09:50:30.000000000,100364,190,100338,190,100365,190,100104,190,100370,190,100088,190,100417,190,100034,190,100422,190,100029,390,100485,100,100016,100,100503,100,99924,100,100505,100,99913,100,100517,100,99905,100,100537,100,99860,100
2019-06-28 09:50:40.000000000,100364,551,100338,551,100365,100,100104,100,100370,100,100088,100,100417,100,100034,100,100422,100,100029,300,100485,100,100016,100,100503,100,99924,100,100505,100,99913,100,100517,100,99905,100,100537,100,99860,100
2019-06-28 09:50:46.371731702,100364,551,100338,551,100370,100,100111,100,100417,100,100104,100,100422,100,100088,100,100485,100,100034,100,100503,100,100029,300,100505,100,100016,100,100517,100,99924,100,100537,100,99913,100,100572,100,99905,100
2019-06-28 09:50:50.000000000,100364,253,100338,253,100370,249,100111,249,100417,249,100104,249,100422,100,100088,100,100485,100,100034,100,100503,100,100029,300,100505,100,100016,100,100517,100,99924,100,100537,100,99913,100,100572,100,99905,100
2019-06-28 09:50:53.312952860,100364,253,100338,253,100370,249,100111,249,100417,249,100104,349,100422,100,100088,100,100485,100,100034,100,100503,100,100029,300,100505,100,99924,100,100517,100,99913,100,100537,100,99905,100,100572,100,99860,100
2019-06-28 09:51:00.000000000,100364,326,100338,326,100370,326,100111,326,100417,100,100104,200,100422,100,100088,100,100485,100,100034,100,100503,100,100029,300,100505,100,99924,100,100517,100,99913,100,100537,100,99905,100,100572,100,99860,100
2019-06-28 09:51:05.315829448,100342,100,100338,326,100364,326,100111,326,100370,326,100104,200,100417,100,100088,100,100422,100,100034,100,100485,100,100029,300,100503,100,99924,100,100505,100,99913,100,100517,100,99905,100,100537,100,99860,100
2019-06-28 09:51:07.196895808,100342,100,100338,326,100364,326,100111,326,100370,326,100104,300,100417,100,100088,100,100422,100,100034,100,100485,100,100029,300,100503,100,99924,100,100505,100,99913,100,100517,100,99905,100,100537,100,99860,100
2019-06-28 09:51:09.191167242,100342,100,100338,326,100364,326,100207,100,100370,326,100111,326,100417,100,100104,300,100422,100,100088,100,100485,100,100034,100,100503,100,100029,300,100505,100,99924,100,100517,100,99913,100,100537,100,99905,100
2019-06-28 09:51:10.000000000,100342,190,100338,190,100364,190,100207,190,100370,190,100111,190,100417,190,100104,390,100422,190,100088,190,100485,100,100034,100,100503,100,100029,300,100505,100,99924,100,100517,100,99913,100,100537,100,99905,100
2019-06-28 09:51:20.000000000,100342,253,100338,253,100364,249,100207,249,100370,249,100111,249,100417,100,100104,300,100422,100,100088,100,100485,100,100034,100,100503,100,100029,300,100505,100,99924,100,100517,100,99913,100,100537,100,99905,100
2019-06-28 09:51:24.285958994,100342,253,100338,253,100364,249,100207,249,100370,249,100111,249,100417,100,100104,400,100422,100,100088,100,100485,100,100034,100,100503,100,100029,300,100505,100,99924,100,100517,100,99913,100,100537,100,99905,100
2019-06-28 09:51:30.000000000,100342,213,100338,213,100364,213,100207,213,100370,213,100111,213,100417,213,100104,513,100422,100,100088,100,100485,100,100034,100,100503,100,100029,300,100505,100,99924,100,100517,100,99913,100,100537,100,99905,100
2019-06-28 09:51:31.180135626,100342,213,100338,113,100364,213,100207,213,100370,213,100111,213,100417,213,100104,513,100422,100,100088,100,100485,100,100034,100,100503,100,100029,300,100505,100,99924,100,100517,100,99913,100,100537,100,99905,100
2019-06-28 09:51:40.000000000,100342,551,100207,551,100364,100,100111,100,100370,100,100104,400,100417,100,100088,100,100422,100,100034,100,100485,100,100029,300,100503,100,99924,100,100505,100,99913,100,100517,100,99905,100,100537,100,99860,100
2019-06-28 09:51:50.000000000,100342,213,100207,213,100364,213,100111,213,100370,213,100104,513,100417,213,100088,213,100422,100,100034,100,100485,100,100029,300,100503,100,99924,100,100505,100,99913,100,100517,100,99905,100,100537,100,99860,100
2019-06-28 09:52:00.000000000,100342,213,100207,213,100364,213,100111,213,100370,213,100104,513,100417,213,100088,213,100422,100,100034,100,100485,100,100029,300,100503,100,99924,100,100505,100,99913,100,100517,100,99905,100,100537,100,99860,100
2019-06-28 09:52:10.000000000,100342,326,100207,326,100364,326,100111,326,100370,100,100104,400,100417,100,100088,100,100422,100,100034,100,100485,100,100029,300,100503,100,99924,100,100505,100,99913,100,100517,100,99905,100,100537,100,99860,100
2019-06-28 09:52:20.000000000,100342,326,100207,326,100364,326,100111,326,100370,100,100104,400,100417,100,100088,100,100422,100,100034,100,100485,100,100029,300,100503,100,99924,100,100505,100,99913,100,100517,100,99905,100,100537,100,99860,100
2019-06-28 09:52:30.000000000,100342,253,100207,253,100364,249,100111,249,100370,249,100104,549,100417,100,100088,100,100422,100,100034,100,100485,100,100029,300,100503,100,99924,100,100505,100,99913,100,100517,100,99905,100,100537,100,99860,100
2019-06-28 09:52:33.339124212,100268,100,100207,253,100342,253,100111,249,100364,249,100104,549,100370,249,100088,100,100417,100,100034,100,100422,100,100029,300,100485,100,99924,100,100503,100,99913,100,100505,100,99905,100,100517,100,99860,100
2019-06-28 09:52:40.000000000,100268,253,100207,253,100342,249,100111,249,100364,249,100104,549,100370,100,100088,100,100417,100,100034,100,100422,100,100029,300,100485,100,99924,100,100503,100,99913,100,100505,100,99905,100,100517,100,99860,100
2019-06-28 09:52:50.000000000,100268,551,100207,551,100342,100,100111,100,100364,100,100104,400,100370,100,100088,100,100417,100,100034,100,100422,100,100029,300,100485,100,99924,100,100503,100,99913,100,100505,100,99905,100,100517,100,99860,100
2019-06-28 09:53:00.000000000,100268,551,100207,551,100342,100,100111,100,100364,100,100104,400,100370,100,100088,100,100417,100,100034,100,100422,100,100029,300,100485,100,99924,100,100503,100,99913,100,100505,100,99905,100,100517,100,99860,100
2019-06-28 09:53:10.000000000,100268,253,100207,253,100342,249,100111,249,100364,249,100104,549,100370,100,100088,100,100417,100,100034,100,100422,100,100029,300,100485,100,99924,100,100503,100,99913,100,100505,100,99905,100,100517,100,99860,100
2019-06-28 09:53:12.058983917,100268,253,100207,253,100338,100,100111,249,100342,249,100104,549,100364,249,100088,100,100370,100,100034,100,100417,100,100029,300,100422,100,99924,100,100485,100,99913,100,100503,100,99905,100,100505,100,99860,100
2019-06-28 09:53:17.151497734,100268,253,100207,253,100338,200,100111,249,100342,249,100104,549,100364,249,100088,100,100370,100,100034,100,100417,100,100029,300,100422,100,99924,100,100485,100,99913,100,100503,100,99905,100,100505,100,99860,100
2019-06-28 09:53:20.000000000,100268,253,100207,253,100338,349,100111,249,100342,249,100104,549,100364,100,100088,100,100370,100,100034,100,100417,100,100029,300,100422,100,99924,100,100485,100,99913,100,100503,100,99905,100,100505,100,99860,100
2019-06-28 09:53:30.000000000,100268,213,100207,213,100338,313,100111,213,100342,213,100104,513,100364,213,100088,213,100370,100,100034,100,100417,100,100029,300,100422,100,99924,100,100485,100,99913,100,100503,100,99905,100,100505,100,99860,100
2019-06-28 09:53:40.000000000,100268,213,100207,213,100338,313,100111,213,100342,213,100104,513,100364,213,100088,213,100370,100,100034,100,100417,100,100029,300,100422,100,99924,100,100485,100,99913,100,100503,100,99905,100,100505,100,99860,100
2019-06-28 09:53:41.621817042,100268,213,100207,113,100338,313,100111,213,100342,213,100104,513,100364,213,100088,213,100370,100,100034,100,100417,100,100029,300,100422,100,99975,100,100485,100,99924,100,100503,100,99913,100,100505,100,99905,100
2019-06-28 09:53:47.681520807,100268,213,100207,13,100338,313,100111,213,100342,213,100104,513,100364,213,100088,213,100370,100,100034,100,100417,100,100029,300,100422,100,99975,100,100485,100,99924,100,100503,100,99913,100,100505,100,99905,100
2019-06-28 09:53:50.000000000,100268,213,100111,213,100338,313,100104,513,100342,213,100088,213,100364,213,100034,213,100370,100,100029,300,100417,100,99975,100,100422,100,99924,100,100485,100,99913,100,100503,100,99905,100,100505,100,99860,100
2019-06-28 09:54:00.000000000,100268,326,100111,326,100338,426,100104,626,100342,100,100088,100,100364,100,100034,100,100370,100,100029,300,100417,100,99975,100,100422,100,99924,100,100485,100,99913,100,100503,100,99905,100,100505,100,99860,100
2019-06-28 09:54:00.813037763,100267,100,100111,326,100268,326,100104,626,100338,426,100088,100,100342,100,100034,100,100364,100,100029,300,100370,100,99975,100,100417,100,99924,100,100422,100,99913,100,100485,100,99905,100,100503,100,99860,100
2019-06-28 09:54:10.000000000,100267,253,100111,253,100268,249,100104,549,100338,349,100088,249,100342,100,100034,100,100364,100,100029,300,100370,100,99975,100,100417,100,99924,100,100422,100,99913,100,100485,100,99905,100,100503,100,99860,100
2019-06-28 09:54:20.000000000,100267,253,100111,253,100268,249,100104,549,100338,349,100088,249,100342,100,100034,100,100364,100,100029,300,100370,100,99975,100,100417,100,99924,100,100422,100,99913,100,100485,100,99905,100,100503,100,99860,100
2019-06-28 09:54:29.209236617,100267,353,100111,253,100268,249,100104,449,100338,349,100088,249,100342,100,100034,100,100364,100,100029,300,100370,100,99975,100,100417,100,99924,100,100422,100,99913,100,100485,100,99905,100,100503,100,99860,100
2019-06-28 09:54:30.000000000,100267,353,100111,253,100268,249,100104,449,100338,349,100088,249,100342,100,100034,100,100364,100,100029,300,100370,100,99975,100,100417,100,99924,100,100422,100,99913,100,100485,100,99905,100,100503,100,99860,100
2019-06-28 09:54:40.000000000,100267,313,100111,213,100268,213,100104,413,100338,313,100088,213,100342,213,100034,213,100364,100,100029,300,100370,100,99975,100,100417,100,99924,100,100422,100,99913,100,100485,100,99905,100,100503,100,99860,100
2019-06-28 09:54:50.000000000,100267,353,100111,253,100268,249,100104,449,100338,349,100088,249,100342,100,100034,100,100364,100,100029,300,100370,100,99975,100,100417,100,99924,100,100422,100,99913,100,100485,100,99905,100,100503,100,99860,100
2019-06-28 09:54:55.449262001,100267,353,100111,253,100268,249,100104,449,100338,349,100088,249,100342,100,100034,100,100364,100,100029,300,100370,100,99975,100,100417,100,99924,100,100422,100,99913,100,100485,100,99905,100,100503,100,99860,100
2019-06-28 09:54:57.508129274,100267,353,100111,153,100268,249,100104,449,100338,349,100088,249,100342,100,100034,100,100364,100,100029,300,100370,100,99975,100,100417,100,99924,100,100422,100,99913,100,100485,100,99905,100,100503,100,99860,100
2019-06-28 09:55:00.000000000,100267,313,100104,413,100268,213,100088,213,100338,313,100034,213,100342,213,100029,413,100364,100,99975,100,100370,100,99924,100,100417,100,99913,100,100422,100,99905,100,100485,100,99860,100,100503,100,99825,100
2019-06-28 09:55:02.577006825,100267,313,100104,313,100268,213,100088,213,100338,313,100034,213,100342,213,100029,413,100364,100,99975,100,100370,100,99924,100,100417,100,99913,100,100422,100,99905,100,100485,100,99860,100,100503,100,99825,100
2019-06-28 09:55:03.489609346,100267,313,100104,213,100268,213,100088,213,100338,313,100034,213,100342,213,100029,413,100364,100,99975,100,100370,100,99924,100,100417,100,99913,100,100422,100,99905,100,100485,100,99860,100,100503,100,99825,100
2019-06-28 09:55:05.748286285,100267,313,100104,113,100268,213,100088,213,100338,313,100034,213,100342,213,100029,413,100364,100,99975,100,100370,100,99924,100,100417,100,99913,100,100422,100,99905,100,100485,100,99860,100,100503,100,99825,100
2019-06-28 09:55:09.391725443,100267,313,100104,113,100268,213,100088,213,100338,313,100034,213,100342,213,100029,413,100364,100,99975,100,100370,100,99924,100,100417,100,99913,100,100422,100,99905,100,100485,100,99860,100,100503,100,99831,100
2019-06-28 09:55:10.000000000,100267,353,100088,253,100268,249,100034,249,100338,349,100029,449,100342,100,99975,100,100364,100,99924,100,100370,100,99913,100,100417,100,99905,100,100422,100,99860,100,100485,100,99831,100,100503,100,99825,100
2019-06-28 09:55:20.000000000,100267,426,100088,326,100268,326,100034,326,100338,200,100029,300,100342,100,99975,100,100364,100,99924,100,100370,100,99913,100,100417,100,99905,100,100422,100,99860,100,100485,100,99831,100,100503,100,99825,100
2019-06-28 09:55:27.387057033,100267,426,100088,326,100268,326,100034,326,100338,200,100029,300,100342,100,99975,100,100364,100,99924,100,100370,100,99913,100,100417,100,99905,100,100422,100,99860,100,100485,100,99831,100,100503,100,99825,100
2019-06-28 09:55:30.000000000,100267,290,100088,190,100268,190,100034,190,100338,290,100029,390,100342,190,99975,190,100364,190,99924,190,100370,100,99913,100,100417,100,99905,100,100422,100,99860,100,100485,100,99831,100,100503,100,99825,100
2019-06-28 09:55:40.000000000,100267,353,100088,253,100268,249,100034,249,100338,349,100029,449,100342,100,99975,100,100364,100,99924,100,100370,100,99913,100,100417,100,99905,100,100422,100,99860,100,100485,100,99831,100,100503,100,99825,100
2019-06-28 09:55:50.000000000,100267,353,100088,253,100268,249,100034,249,100338,349,100029,449,100342,100,99975,100,100364,100,99924,100,100370,100,99913,100,100417,100,99905,100,100422,100,99860,100,100485,100,99831,100,100503,100,99825,100
2019-06-28 09:56:00.000000000,100267,313,100088,213,100268,213,100034,213,100338,313,100029,413,100342,213,99975,213,100364,100,99924,100,100370,100,99913,100,100417,100,99905,100,100422,100,99860,100,100485,100,99831,100,100503,100,99825,100
2019-06-28 09:56:10.000000000,100267,313,100088,213,100268,213,100034,213,100338,313,100029,413,100342,213,99975,213,100364,100,99924,100,100370,100,99913,100,100417,100,99905,100,100422,100,99860,100,100485,100,99831,100,100503,100,99825,100
2019-06-28 09:56:20.000000000,100267,290,100088,190,100268,190,100034,190,100338,290,100029,390,100342,190,99975,190,100364,190,99924,190,100370,100,99913,100,100417,100,99905,100,100422,100,99860,100,100485,100,99831,100,100503,100,99825,100
2019-06-28 09:56:30.000000000,100267,353,100088,253,100268,249,100034,249,100338,349,100029,449,100342,100,99975,100,100364,100,99924,100,100370,100,99913,100,100417,100,99905,100,100422,100,99860,100,100485,100,99831,100,100503,100,99825,100
2019-06-28 09:56:40.000000000,100267,353,100088,253,100268,249,100034,249,100338,349,100029,449,100342,100,99975,100,100364,100,99924,100,100370,100,99913,100,100417,100,99905,100,100422,100,99860,100,100485,100,99831,100,100503,100,99825,100
2019-06-28 09:56:47.811142902,100267,353,100088,253,100268,249,100034,249,100338,349,100029,449,100342,100,99975,100,100364,100,99924,100,100370,100,99905,100,100417,100,99860,100,100422,100,99831,100,100485,100,99825,100,100503,100,99774,100
2019-06-28 09:56:50.000000000,100267,651,100088,551,100268,100,100034,100,100338,200,100029,300,100342,100,99975,100,100364,100,99924,100,100370,100,99905,100,100417,100,99860,100,100422,100,99831,100,100485,100,99825,100,100503,100,99774,100
2019-06-28 09:57:00.000000000,100267,651,100088,551,100268,100,100034,100,100338,200,100029,300,100342,100,99975,100,100364,100,99924,100,100370,100,99905,100,100417,100,99860,100,100422,100,99831,100,100485,100,99825,100,100503,100,99774,100
2019-06-28 09:57:06.589097236,100267,651,100088,451,100268,100,100034,100,100338,200,100029,300,100342,100,99975,100,100364,100,99924,100,100370,100,99905,100,100417,100,99860,100,100422,100,99831,100,100485,100,99825,100,100505,100,99774,100
2019-06-28 09:57:09.267087907,100267,651,100088,451,100268,100,100034,100,100338,200,100029,300,100342,100,99975,100,100364,100,99924,100,100370,100,99905,100,100417,100,99860,100,100422,100,99831,100,100485,100,99825,100,100505,100,99774,100
2019-06-28 09:57:10.000000000,100267,290,100034,190,100268,190,100029,390,100338,290,99975,190,100342,190,99924,190,100364,190,99905,190,100370,100,99860,100,100417,100,99831,100,100422,100,99825,100,100485,100,99774,100,100505,100,99735,100
2019-06-28 09:57:15.293234271,100267,290,100034,190,100268,190,100029,390,100338,290,99975,190,100342,190,99924,190,100364,190,99905,190,100370,100,99860,100,100417,100,99831,100,100422,100,99825,100,100485,100,99774,100,100505,100,99735,100
2019-06-28 09:57:20.000000000,100267,290,100034,190,100268,190,100029,390,100338,290,99975,190,100342,190,99924,190,100364,190,99905,190,100370,100,99860,100,100417,100,99831,100,100422,100,99825,100,100485,100,99774,100,100505,100,99735,100
2019-06-28 09:57:30.000000000,100267,290,100034,190,100268,190,100029,390,100338,290,99975,190,100342,190,99924,190,100364,190,99905,190,100370,100,99860,100,100417,100,99831,100,100422,100,99825,100,100485,100,99774,100,100505,100,99735,100
2019-06-28 09:57:40.000000000,100267,426,100034,326,100268,326,100029,526,100338,200,99975,100,100342,100,99924,100,100364,100,99905,100,100370,100,99860,100,100417,100,99831,100,100422,100,99825,100,100485,100,99774,100,100505,100,99735,100
2019-06-28 09:57:50.000000000,100267,313,100034,213,100268,213,100029,413,100338,313,99975,213,100342,213,99924,213,100364,100,99905,100,100370,100,99860,100,100417,100,99831,100,100422,100,99825,100,100485,100,99774,100,100505,100,99735,100
2019-06-28 09:58:00.000000000,100267,426,100034,326,100268,326,100029,526,100338,200,99975,100,100342,100,99924,100,100364,100,99905,100,100370,100,99860,100,100417,100,99831,100,100422,100,99825,100,100485,100,99774,100,100505,100,99735,100
2019-06-28 09:58:01.758506232,100267,426,100034,326,100268,326,100029,526,100338,200,99975,100,100342,100,99924,100,100364,100,99905,100,100370,100,99860,100,100417,100,99831,100,100422,100,99825,100,100485,100,99774,100,100505,100,99735,100
2019-06-28 09:58:10.000000000,100267,426,100034,326,100268,326,100029,526,100338,200,99975,100,100342,100,99924,100,100364,100,99905,100,100370,100,99860,100,100417,100,99831,100,100422,100,99825,100,100485,100,99774,100,100505,100,99735,100
2019-06-28 09:58:20.000000000,100267,290,100034,190,100268,190,100029,390,100338,290,99975,190,100342,190,99924,190,100364,190,99905,190,100370,100,99860,100,100417,100,99831,100,100422,100,99825,100,100485,100,99774,100,100505,100,99735,100
2019-06-28 09:58:30.000000000,100267,313,100034,213,100268,213,100029,413,100338,313,99975,213,100342,213,99924,213,100364,100,99905,100,100370,100,99860,100,100417,100,99831,100,100422,100,99825,100,100485,100,99774,100,100505,100,99735,100
2019-06-28 09:58:35.379491204,100267,313,100034,213,100268,213,100029,413,100333,100,99975,213,100338,313,99924,213,100342,213,99905,100,100364,100,99860,100,100370,100,99831,100,100417,100,99825,100,100422,100,99774,100,100485,100,99735,100
2019-06-28 09:58:40.000000000,100267,353,100034,253,100268,249,100029,449,100333,249,99975,249,100338,200,99924,100,100342,100,99905,100,100364,100,99860,100,100370,100,99831,100,100417,100,99825,100,100422,100,99774,100,100485,100,99735,100
2019-06-28 09:58:50.000000000,100267,426,100034,326,100268,326,100029,526,100333,100,99975,100,100338,200,99924,100,100342,100,99905,100,100364,100,99860,100,100370,100,99831,100,100417,100,99825,100,100422,100,99774,100,100485,100,99735,100
2019-06-28 09:58:55.835028887,100220,100,100034,326,100267,426,100029,526,100268,326,99975,100,100338,200,99924,100,100342,100,99905,100,100364,100,99860,100,100370,100,99831,100,100417,100,99825,100,100422,100,99774,100,100485,100,99735,100
2019-06-28 09:59:00.000000000,100220,190,100034,190,100267,290,100029,390,100268,190,99975,190,100338,290,99924,190,100342,190,99905,190,100364,100,99860,100,100370,100,99831,100,100417,100,99825,100,100422,100,99774,100,100485,100,99735,100
2019-06-28 09:59:10.000000000,100220,551,100034,551,100267,200,100029,300,100268,100,99975,100,100338,200,99924,100,100342,100,99905,100,100364,100,99860,100,100370,100,99831,100,100417,100,99825,100,100422,100,99774,100,100485,100,99735,100
2019-06-28 09:59:20.000000000,100220,551,100034,551,100267,200,100029,300,100268,100,99975,100,100338,200,99924,100,100342,100,99905,100,100364,100,99860,100,100370,100,99831,100,100417,100,99825,100,100422,100,99774,100,100485,100,99735,100
2019-06-28 09:59:30.000000000,100220,253,100034,253,100267,349,100029,449,100268,249,99975,249,100338,200,99924,100,100342,100,99905,100,100364,100,99860,100,100370,100,99831,100,100417,100,99825,100,100422,100,99774,100,100485,100,99735,100
2019-06-28 09:59:40.000000000,100220,253,100034,253,100267,349,100029,449,100268,249,99975,249,100338,200,99924,100,100342,100,99905,100,100364,100,99860,100,100370,100,99831,100,100417,100,99825,100,100422,100,99774,100,100485,100,99735,100
2019-06-28 09:59:50.000000000,100220,551,100034,551,100267,200,100029,300,100268,100,99975,100,100338,200,99924,100,100342,100,99905,100,100364,100,99860,100,100370,100,99831,100,100417,100,99825,100,100422,100,99774,100,100485,100,99735,100
2019-06-28 10:00:00.000000000,100220,326,100034,326,100267,426,100029,526,100268,100,99975,100,100338,200,99924,100,100342,100,99905,100,100364,100,99860,100,100370,100,99831,100,100417,100,99825,100,100422,100,99774,100,100485,100,99735,100
2019-06-28 10:00:10.000000000,100220,213,100034,213,100267,313,100029,413,100268,213,99975,213,100338,313,99924,213,100342,100,99905,100,100364,100,99860,100,100370,100,99831,100,100417,100,99825,100,100422,100,99774,100,100485,100,99735,100
2019-06-28 10:00:16.047678007,100220,213,100199,100,100267,313,100034,213,100268,213,100029,413,100338,313,99975,213,100342,100,99924,113,100364,100,99905,100,100370,100,99860,100,100417,100,99831,100,100422,100,99825,100,100485,100,99774,100
2019-06-28 10:00:20.000000000,100220,551,100199,551,100267,200,100034,100,100268,100,100029,300,100338,200,99975,100,100342,100,99905,100,100364,100,99860,100,100370,100,99831,100,100417,100,99825,100,100422,100,99774,100,100485,100,99735,100
2019-06-28 10:00:20.360865818,100220,551,100199,551,100267,200,100034,100,100268,100,100029,300,100337,100,99975,100,100338,200,99905,100,100342,100,99860,100,100364,100,99831,100,100370,100,99825,100,100417,100,99774,100,100422,100,99735,100
2019-06-28 10:00:28.115526409,100220,451,100199,551,100267,200,100034,100,100268,100,100029,300,100337,100,99975,100,100338,200,99905,100,100342,100,99860,100,100364,100,99831,100,100370,100,99774,100,100417,100,99735,100,100422,100,99713,100
2019-06-28 10:00:30.000000000,100267,651,100199,551,100268,100,100034,100,100337,100,100029,300,100338,200,99975,100,100342,100,99905,100,100364,100,99860,100,100370,100,99831,100,100417,100,99774,100,100422,100,99735,100,100485,100,99713,100
2019-06-28 10:00:32.109230478,100267,651,100199,551,100268,100,100034,100,100337,100,100029,300,100338,200,99975,100,100342,100,99905,100,100364,100,99860,100,100370,100,99831,100,100417,100,99774,100,100422,100,99735,100,100471,100,99713,100
2019-06-28 10:00:36.198078807,100267,651,100199,551,100268,100,100034,100,100337,100,100029,300,100338,200,99975,100,100342,100,99905,100,100364,100,99860,100,100370,100,99831,100,100417,100,99774,100,100422,100,99735,100,100471,100,99713,100
2019-06-28 10:00:40.000000000,100267,290,100199,190,100268,190,100034,190,100337,190,100029,390,100338,290,99975,190,100342,190,99905,190,100364,100,99860,100,100370,100,99831,100,100417,100,99774,100,100422,100,99735,100,100471,100,99713,100
2019-06-28 10:00:50.000000000,100267,313,100199,213,100268,213,100034,213,100337,213,100029,413,100338,313,99975,213,100342,100,99905,100,100364,100,99860,100,100370,100,99831,100,100417,100,99774,100,100422,100,99735,100,100471,100,99713,100
2019-06-28 10:01:00.000000000,100267,651,100199,551,100268,100,100034,100,100337,100,100029,300,100338,200,99975,100,100342,100,99905,100,100364,100,99860,100,100370,100,99831,100,100417,100,99774,100,100422,100,99735,100,100471,100,99713,100
2019-06-28 10:01:08.450009053,100267,551,100199,551,100268,100,100034,100,100337,100,100029,300,100338,200,99975,100,100342,100,99905,100,100364,100,99860,100,100370,100,99831,100,100417,100,99774,100,100422,100,99735,100,100471,100,99713,100
2019-06-28 10:01:10.000000000,100267,253,100199,253,100268,249,100034,249,100337,249,100029,449,100338,200,99975,100,100342,100,99905,100,100364,100,99860,100,100370,100,99831,100,100417,100,99774,100,100422,100,99735,100,100471,100,99713,100
2019-06-28 10:01:10.357776658,100267,253,100199,253,100268,249,100034,249,100337,249,100029,449,100338,200,99975,100,100342,100,99905,100,100364,100,99860,100,100370,100,99831,100,100417,100,99774,100,100422,100,99735,100,100471,100,99580,100
2019-06-28 10:01:13.696203095,100267,153,100199,253,100268,249,100034,249,100337,249,100029,449,100338,200,99975,100,100342,100,99905,100,100364,100,99860,100,100370,100,99774,100,100417,100,99735,100,100422,100,99580,100,100471,100,99495,100
2019-06-28 10:01:20.000000000,100268,213,100199,213,100337,213,100034,213,100338,313,100029,413,100342,213,99975,213,100364,100,99905,100,100370,100,99860,100,100417,100,99774,100,100422,100,99735,100,100471,100,99580,100,100485,100,99495,100
2019-06-28 10:01:30.000000000,100268,551,100199,551,100337,100,100034,100,100338,200,100029,300,100342,100,99975,100,100364,100,99905,100,100370,100,99860,100,100417,100,99774,100,100422,100,99735,100,100471,100,99580,100,100485,100,99495,100
2019-06-28 10:01:39.969403450,100268,351,100199,551,100337,100,100034,100,100338,200,100029,300,100342,100,99975,100,100364,100,99905,100,100370,100,99860,100,100417,100,99774,100,100422,100,99735,100,100471,100,99580,100,100485,100,99495,100
2019-06-28 10:01:40.000000000,100337,551,100199,551,100338,200,100034,100,100342,100,100029,300,100364,100,99975,100,100370,100,99905,100,100417,100,99860,100,100422,100,99774,100,100471,100,99735,100,100485,100,99580,100,100505,100,99495,100
2019-06-28 10:01:40.609042532,100337,551,100199,551,100338,200,100034,100,100342,100,100029,300,100364,100,99905,100,100370,100,99860,100,100417,100,99774,100,100422,100,99735,100,100471,100,99580,100,100485,100,99495,100,100505,100,99447,100
2019-06-28 10:01:40.750668081,100337,551,100267,100,100338,200,100199,551,100342,100,100034,100,100364,100,100029,300,100370,100,99905,100,100417,100,99860,100,100422,100,99774,100,100471,100,99735,100,100485,100,99580,100,100505,100,99495,100
2019-06-28 10:01:41.380361639,100337,451,100267,100,100338,200,100199,551,100342,100,100034,100,100364,100,100029,300,100370,100,99905,100,100417,100,99860,100,100422,100,99774,100,100471,100,99735,100,100485,100,99580,100,100505,100,99495,100
2019-06-28 10:01:41.882183960,100337,351,100267,100,100338,200,100199,551,100342,100,100034,100,100364,100,100029,300,100370,100,99905,100,100417,100,99860,100,100471,100,99774,100,100485,100,99735,100,100505,100,99580,100,100523,100,99495,100
2019-06-28 10:01:50.000000000,100338,651,100267,551,100342,100,100199,100,100364,100,100034,100,100370,100,100029,300,100417,100,99905,100,100471,100,99860,100,100485,100,99774,100,100505,100,99735,100,100523,100,99580,100,100537,100,99495,100
2019-06-28 10:01:51.429560569,100338,651,100267,551,100342,100,100199,100,100364,100,100034,100,100370,100,100029,300,100417,100,99905,100,100471,100,99860,100,100485,100,99774,100,100505,100,99735,100,100523,100,99580,100,100537,100,99495,100
2019-06-28 10:02:00.000000000,100338,290,100267,190,100342,190,100199,190,100364,190,100034,190,100370,190,100029,390,100417,190,99905,190,100471,100,99860,100,100485,100,99774,100,100505,100,99735,100,100523,100,99580,100,100537,100,99495,100
2019-06-28 10:02:07.487529125,100338,290,100314,100,100342,190,100267,190,100364,190,100199,190,100370,190,100034,190,100417,190,100029,390,100471,100,99905,190,100485,100,99860,100,100505,100,99774,100,100523,100,99735,100,100537,100,99580,100
2019-06-28 10:02:09.256878681,100338,290,100314,100,100342,190,100267,190,100364,190,100199,190,100370,190,100034,190,100417,190,100029,390,100471,100,99905,190,100485,100,99860,100,100505,100,99774,100,100523,100,99735,100,100537,100,99580,100
2019-06-28 10:02:10.000000000,100338,313,100314,213,100342,213,100267,213,100364,213,100199,213,100370,213,100034,213,100417,100,100029,300,100471,100,99905,100,100485,100,99860,100,100505,100,99774,100,100523,100,99735,100,100537,100,99580,100
2019-06-28 10:02:10.505024659,100338,313,100314,213,100342,213,100267,213,100364,213,100199,213,100370,213,100034,213,100417,100,100029,300,100471,100,99905,100,100485,100,99860,100,100505,100,99774,100,100523,100,99735,100,100537,100,99580,100
2019-06-28 10:02:20.000000000,100338,651,100314,551,100342,100,100267,100,100364,100,100199,100,100370,100,100034,100,100417,100,100029,300,100471,100,99905,100,100485,100,99860,100,100505,100,99774,100,100523,100,99735,100,100537,100,99580,100
2019-06-28 10:02:30.000000000,100338,290,100314,190,100342,190,100267,190,100364,190,100199,190,100370,190,100034,190,100417,190,100029,390,100471,100,99905,100,100485,100,99860,100,100505,100,99774,100,100523,100,99735,100,100537,100,99580,100
2019-06-28 10:02:40.000000000,100338,353,100314,253,100342,249,100267,249,100364,249,100199,249,100370,100,100034,100,100417,100,100029,300,100471,100,99905,100,100485,100,99860,100,100505,100,99774,100,100523,100,99735,100,100537,100,99580,100
2019-06-28 10:02:49.963821802,100337,100,100314,253,100338,353,100267,249,100342,249,100199,249,100364,249,100034,100,100370,100,100029,300,100417,100,99905,100,100471,100,99860,100,100485,100,99774,100,100505,100,99735,100,100523,100,99580,100
2019-06-28 10:02:50.000000000,100337,551,100314,551,100338,200,100267,100,100342,100,100199,100,100364,100,100034,100,100370,100,100029,300,100417,100,99905,100,100471,100,99860,100,100485,100,99774,100,100505,100,99735,100,100523,100,99580,100
2019-06-28 10:02:55.281133199,100337,551,100314,551,100338,200,100267,100,100342,100,100264,100,100364,100,100199,100,100370,100,100034,100,100417,100,100029,300,100471,100,99905,100,100485,100,99860,100,100505,100,99774,100,100523,100,99735,100
2019-06-28 10:02:58.993311724,100337,651,100314,551,100338,200,100267,100,100342,100,100264,100,100364,100,100199,100,100370,100,100034,100,100417,100,100029,300,100471,100,99905,100,100485,100,99860,100,100505,100,99774,100,100523,100,99735,100
2019-06-28 10:03:00.000000000,100337,651,100314,551,100338,200,100267,100,100342,100,100264,100,100364,100,100199,100,100370,100,100034,100,100417,100,100029,300,100471,100,99905,100,100485,100,99860,100,100505,100,99774,100,100523,100,99735,100
2019-06-28 10:03:02.825257770,100337,651,100314,551,100338,200,100267,100,100342,100,100264,100,100364,100,100199,100,100370,100,100029,300,100417,100,99905,100,100471,100,99860,100,100485,100,99774,100,100505,100,99735,100,100523,100,99580,100
2019-06-28 10:03:10.000000000,100337,313,100314,213,100338,313,100267,213,100342,213,100264,213,100364,213,100199,213,100370,100,100029,300,100417,100,99905,100,100471,100,99860,100,100485,100,99774,100,100505,100,99735,100,100523,100,99580,100
2019-06-28 10:03:20.000000000,100337,313,100314,213,100338,313,100267,213,100342,213,100264,213,100364,213,100199,213,100370,100,100029,300,100417,100,99905,100,100471,100,99860,100,100485,100,99774,100,100505,100,99735,100,100523,100,99580,100
2019-06-28 10:03:30.000000000,100337,426,100314,326,100338,426,100267,326,100342,100,100264,100,100364,100,100199,100,100370,100,100029,300,100417,100,99905,100,100471,100,99860,100,100485,100,99774,100,100505,100,99735,100,100523,100,99580,100
2019-06-28 10:03:40.000000000,100337,651,100314,551,100338,200,100267,100,100342,100,100264,100,100364,100,100199,100,100370,100,100029,300,100417,100,99905,100,100471,100,99860,100,100485,100,99774,100,100505,100,99735,100,100523,100,99580,100
2019-06-28 10:03:40.246177953,100337,651,100314,551,100338,200,100267,100,100342,100,100264,100,100364,100,100199,100,100370,100,100029,300,100417,100,100013,100,100471,100,99905,100,100485,100,99774,100,100505,100,99735,100,100523,100,99580,100
2019-06-28 10:03:41.226663773,100337,651,100314,551,100338,200,100267,100,100342,100,100264,100,100364,100,100199,100,100370,100,100029,300,100417,100,100013,100,100471,100,99996,100,100485,100,99905,100,100505,100,99774,100,100523,100,99735,100
2019-06-28 10:03:50.000000000,100337,290,100314,190,100338,290,100267,190,100342,190,100264,190,100364,190,100199,190,100370,190,100029,390,100417,100,100013,100,100471,100,99996,100,100485,100,99905,100,100505,100,99774,100,100523,100,99735,100
2019-06-28 10:04:00.000000000,100337,290,100314,190,100338,290,100267,190,100342,190,100264,190,100364,190,100199,190,100370,190,100029,390,100417,100,100013,100,100471,100,99996,100,100485,100,99905,100,100505,100,99774,100,100523,100,99735,100
2019-06-28 10:04:10.000000000,100337,651,100314,551,100338,200,100267,100,100342,100,100264,100,100364,100,100199,100,100370,100,100029,300,100417,100,100013,100,100471,100,99996,100,100485,100,99905,100,100505,100,99774,100,100523,100,99735,100
2019-06-28 10:04:19.359297658,100337,651,100314,551,100338,200,100267,100,100342,100,100264,100,100364,100,100199,100,100370,100,100029,300,100417,100,100013,100,100471,100,99996,100,100485,100,99980,100,100505,100,99905,100,100523,100,99774,100
2019-06-28 10:04:20.000000000,100337,353,100314,253,100338,349,100267,249,100342,249,100264,249,100364,100,100199,100,100370,100,100029,300,100417,100,100013,100,100471,100,99996,100,100485,100,99980,100,100505,100,99905,100,100523,100,99774,100
2019-06-28 10:04:30.000000000,100337,651,100314,551,100338,200,100267,100,100342,100,100264,100,100364,100,100199,100,100370,100,100029,300,100417,100,100013,100,100471,100,99996,100,100485,100,99980,100,100505,100,99905,100,100523,100,99774,100
2019-06-28 10:04:40.000000000,100337,353,100314,253,100338,349,100267,249,100342,249,100264,249,100364,100,100199,100,100370,100,100029,300,100417,100,100013,100,100471,100,99996,100,100485,100,99980,100,100505,100,99905,100,100523,100,99774,100
2019-06-28 10:04:50.000000000,100337,651,100314,551,100338,200,100267,100,100342,100,100264,100,100364,100,100199,100,100370,100,100029,300,100417,100,100013,100,100471,100,99996,100,100485,100,99980,100,100505,100,99905,100,100523,100,99774,100
2019-06-28 10:04:54.519283010,100337,751,100314,551,100338,200,100267,100,100342,100,100264,100,100364,100,100199,100,100370,100,100029,300,100417,100,100013,100,100471,100,99996,100,100485,100,99980,100,100505,100,99905,100,100523,100,99774,100
2019-06-28 10:05:00.000000000,100337,413,100314,213,100338,313,100267,213,100342,213,100264,213,100364,213,100199,213,100370,100,100029,300,100417,100,100013,100,100471,100,99996,100,100485,100,99980,100,100505,100,99905,100,100523,100,99774,100
2019-06-28 10:05:10.000000000,100337,526,100314,326,100338,426,100267,326,100342,100,100264,100,100364,100,100199,100,100370,100,100029,300,100417,100,100013,100,100471,100,99996,100,100485,100,99980,100,100505,100,99905,100,100523,100,99774,100
2019-06-28 10:05:14.384054486,100337,526,100314,326,100338,426,100267,326,100342,100,100264,100,100364,100,100199,100,100370,100,100029,300,100417,100,100013,100,100471,100,99996,100,100485,100,99980,100,100505,100,99905,100,100523,100,99774,100
2019-06-28 10:05:20.000000000,100337,390,100314,190,100338,290,100267,190,100342,190,100264,190,100364,190,100199,190,100370,190,100029,390,100417,100,100013,100,100471,100,99996,100,100485,100,99980,100,100505,100,99905,100,100523,100,99774,100
2019-06-28 10:05:23.138937122,100337,390,100314,190,100338,290,100267,190,100342,190,100264,190,100364,190,100199,90,100370,190,100029,390,100417,100,100013,100,100471,100,99996,100,100485,100,99980,100,100505,100,99905,100,100523,100,99774,100
2019-06-28 10:05:27.027685029,100337,390,100314,190,100338,290,100267,190,100342,190,100264,190,100364,190,100199,90,100370,190,100029,390,100417,100,100013,100,100471,100,99996,100,100485,100,99980,100,100505,100,99905,100,100523,100,99774,100
2019-06-28 10:05:30.000000000,100337,413,100314,213,100338,313,100267,213,100342,213,100264,213,100364,213,100029,413,100370,100,100013,100,100417,100,99996,100,100471,100,99980,100,100485,100,99905,100,100505,100,99774,100,100523,100,99735,100
2019-06-28 10:05:40.000000000,100337,526,100314,326,100338,426,100267,326,100342,100,100264,100,100364,100,100029,300,100370,100,100013,100,100417,100,99996,100,100471,100,99980,100,100485,100,99905,100,100505,100,99774,100,100523,100,99735,100
2019-06-28 10:05:43.778422277,100337,526,100314,226,100338,426,100267,326,100342,100,100264,100,100364,100,100029,300,100370,100,100013,100,100417,100,99996,100,100471,100,99905,100,100485,100,99774,100,100505,100,99735,100,100523,100,99580,100
2019-06-28 10:05:47.035362262,100337,526,100314,126,100338,426,100267,326,100342,100,100029,300,100364,100,100013,100,100370,100,99996,100,100417,100,99905,100,100471,100,99774,100,100485,100,99735,100,100505,100,99580,100,100523,100,99495,100
2019-06-28 10:05:50.000000000,100337,390,100267,190,100338,290,100029,390,100342,190,100013,190,100364,190,99996,190,100370,190,99905,190,100417,100,99774,100,100471,100,99735,100,100485,100,99580,100,100505,100,99495,100,100523,100,99492,100
2019-06-28 10:05:50.547288333,100314,100,100267,90,100337,390,100029,390,100338,290,100013,190,100342,190,99996,190,100364,190,99905,190,100370,190,99774,100,100417,100,99735,100,100471,100,99580,100,100485,100,99495,100,100505,100,99492,100
2019-06-28 10:06:00.000000000,100314,190,100029,390,100337,390,100013,190,100338,290,99996,190,100342,190,99905,190,100364,190,99774,190,100370,100,99735,100,100417,100,99580,100,100471,100,99495,100,100485,100,99492,100,100505,100,99447,100
2019-06-28 10:06:10.000000000,100314,326,100029,526,100337,526,100013,326,100338,200,99996,100,100342,100,99905,100,100364,100,99774,100,100370,100,99735,100,100417,100,99580,100,100471,100,99495,100,100485,100,99492,100,100505,100,99447,100
2019-06-28 10:06:20.000000000,100314,326,100029,526,100337,526,100013,326,100338,200,99996,100,100342,100,99905,100,100364,100,99774,100,100370,100,99735,100,100417,100,99580,100,100471,100,99495,100,100485,100,99492,100,100505,100,99447,100
2019-06-28 10:06:21.373173250,100314,326,100029,426,100337,526,100013,326,100338,200,99996,100,100342,100,99905,100,100364,100,99774,100,100370,100,99735,100,100417,100,99580,100,100471,100,99495,100,100485,100,99492,100,100505,100,99447,100
2019-06-28 10:06:30.000000000,100314,326,100029,426,100337,526,100013,326,100338,200,99996,100,100342,100,99905,100,100364,100,99774,100,100370,100,99735,100,100417,100,99580,100,100471,100,99495,100,100485,100,99492,100,100505,100,99447,100
2019-06-28 10:06:38.541837494,100314,326,100029,426,100337,526,100013,326,100338,200,99996,100,100342,100,99905,100,100364,100,99806,100,100417,100,99774,100,100471,100,99735,100,100485,100,99580,100,100505,100,99495,100,100523,100,99492,100
2019-06-28 10:06:40.000000000,100314,190,100029,290,100337,390,100013,190,100338,290,99996,190,100342,190,99905,190,100364,190,99806,190,100417,100,99774,100,100471,100,99735,100,100485,100,99580,100,100505,100,99495,100,100523,100,99492,100
2019-06-28 10:06:50.000000000,100314,253,100029,353,100337,449,100013,249,100338,349,99996,249,100342,100,99905,100,100364,100,99806,100,100417,100,99774,100,100471,100,99735,100,100485,100,99580,100,100505,100,99495,100,100523,100,99492,100
2019-06-28 10:07:00.000000000,100314,213,100029,313,100337,413,100013,213,100338,313,99996,213,100342,213,99905,213,100364,100,99806,100,100417,100,99774,100,100471,100,99735,100,100485,100,99580,100,100505,100,99495,100,100523,100,99492,100
2019-06-28 10:07:08.158576028,100314,213,100029,313,100337,413,100013,113,100338,313,99996,213,100342,213,99905,213,100364,100,99806,100,100417,100,99774,100,100471,100,99735,100,100485,100,99707,100,100505,100,99580,100,100523,100,99495,100
2019-06-28 10:07:08.977010304,100085,100,100029,313,100314,213,100013,113,100337,413,99996,213,100338,313,99905,213,100342,213,99806,100,100364,100,99774,100,100417,100,99735,100,100471,100,99707,100,100485,100,99580,100,100505,100,99495,100
2019-06-28 10:07:10.000000000,100085,326,100029,426,100314,326,99996,326,100337,300,99905,100,100338,200,99806,100,100342,100,99774,100,100364,100,99735,100,100417,100,99707,100,100471,100,99580,100,100485,100,99495,100,100505,100,99492,100
2019-06-28 10:07:20.000000000,100085,551,100029,651,100314,100,99996,100,100337,300,99905,100,100338,200,99806,100,100342,100,99774,100,100364,100,99735,100,100417,100,99707,100,100471,100,99580,100,100485,100,99495,100,100505,100,99492,100
2019-06-28 10:07:30.000000000,100085,551,100029,651,100314,100,99996,100,100337,300,99905,100,100338,200,99806,100,100342,100,99774,100,100364,100,99735,100,100417,100,99707,100,100471,100,99580,100,100485,100,99495,100,100505,100,99492,100
2019-06-28 10:07:40.000000000,100085,190,100029,290,100314,190,99996,190,100337,390,99905,190,100338,290,99806,190,100342,190,99774,190,100364,100,99735,100,100417,100,99707,100,100471,100,99580,100,100485,100,99495,100,100505,100,99492,100
2019-06-28 10:07:50.000000000,100085,551,100029,651,100314,100,99996,100,100337,300,99905,100,100338,200,99806,100,100342,100,99774,100,100364,100,99735,100,100417,100,99707,100,100471,100,99580,100,100485,100,99495,100,100505,100,99492,100
2019-06-28 10:08:00.000000000,100085,551,100029,651,100314,100,99996,100,100337,300,99905,100,100338,200,99806,100,100342,100,99774,100,100364,100,99735,100,100417,100,99707,100,100471,100,99580,100,100485,100,99495,100,100505,100,99492,100
2019-06-28 10:08:10.000000000,100085,326,100029,426,100314,326,99996,326,100337,300,99905,100,100338,200,99806,100,100342,100,99774,100,100364,100,99735,100,100417,100,99707,100,100471,100,99580,100,100485,100,99495,100,100505,100,99492,100
2019-06-28 10:08:10.592873362,100085,326,100030,100,100314,326,100029,426,100337,300,99996,326,100338,200,99905,100,100342,100,99806,100,100364,100,99774,100,100417,100,99735,100,100471,100,99707,100,100485,100,99580,100,100505,100,99495,100
2019-06-28 10:08:20.000000000,100085,326,100030,326,100314,326,100029,426,100337,300,99996,100,100338,200,99905,100,100342,100,99806,100,100364,100,99774,100,100417,100,99735,100,100471,100,99707,100,100485,100,99580,100,100505,100,99495,100
