,ask_price_1,ask_size_1,bid_price_1,bid_size_1,ask_price_2,ask_size_2,bid_price_2,bid_size_2,ask_price_3,ask_size_3,bid_price_3,bid_size_3,ask_price_4,ask_size_4,bid_price_4,bid_size_4,ask_price_5,ask_size_5,bid_price_5,bid_size_5,ask_price_6,ask_size_6,bid_price_6,bid_size_6,ask_price_7,ask_size_7,bid_price_7,bid_size_7,ask_price_8,ask_size_8,bid_price_8,bid_size_8,ask_price_9,ask_size_9,bid_price_9,bid_size_9,ask_price_10,ask_size_10,bid_price_10,bid_size_10
2019-06-28 09:30:00.000000002,100002,100,,,,,,,,,,,,,,,,,,,,,,,,,,,,,,,,,,,,,,
2019-06-28 09:30:00.000000004,99936,100,,,100002,100,,,,,,,,,,,,,,,,,,,,,,,,,,,,,,,,,,
2019-06-28 09:30:00.000000006,99936,100,,,100002,100,,,100110,100,,,100158,100,,,,,,,,,,,,,,,,,,,,,,,,,,
2019-06-28 09:30:00.000000012,99936,100,99931,100,100002,100,,,100110,100,,,100158,100,,,,,,,,,,,,,,,,,,,,,,,,,,
2019-06-28 09:30:00.000000016,99936,100,99931,100,100002,100,,,100092,100,,,100110,100,,,100158,100,,,,,,,,,,,,,,,,,,,,,,
2019-06-28 09:30:00.000000017,100002,100,99931,100,100090,100,,,100092,100,,,100110,100,,,100158,100,,,,,,,,,,,,,,,,,,,,,,
2019-06-28 09:30:00.000000020,100002,100,99931,100,100060,100,,,100088,100,,,100090,100,,,100092,100,,,100110,100,,,100158,100,,,,,,,,,,,,,,
2019-06-28 09:30:00.000000021,100002,100,99931,100,100060,100,99885,100,100088,100,99843,100,100090,100,,,100092,100,,,100110,100,,,100158,100,,,,,,,,,,,,,,
2019-06-28 09:30:00.000000023,100002,100,99931,100,100060,100,99885,100,100082,100,99843,100,100088,100,,,100090,100,,,100092,100,,,100110,100,,,100158,100,,,,,,,,,,
2019-06-28 09:30:00.000000024,100002,100,99931,100,100059,100,99885,100,100060,100,99843,100,100082,100,,,100088,100,,,100090,100,,,100092,100,,,100110,100,,,100158,100,,,,,,
2019-06-28 09:30:00.000000025,100002,100,99931,100,100059,100,99885,100,100060,100,99843,100,100082,100,,,100088,100,,,100090,100,,,100092,100,,,100109,100,,,100110,100,,,100158,100,,
2019-06-28 09:30:00.000000027,100002,100,99931,100,100059,100,99885,100,100060,100,99852,100,100082,100,99843,100,100088,100,,,100090,100,,,100092,100,,,100109,100,,,100110,100,,,100158,100,,
2019-06-28 09:30:00.000000030,100002,100,99931,100,100059,100,99929,100,100060,100,99885,100,100082,100,99852,100,100088,100,99843,100,100090,100,,,100092,100,,,100109,100,,,100110,100,,,100158,100,,
2019-06-28 09:30:00.000000031,99994,100,99931,100,100002,100,99929,100,100059,100,99885,100,100060,100,99852,100,100082,100,99843,100,100088,100,,,100090,100,,,100092,100,,,100109,100,,,100110,100,,
2019-06-28 09:30:00.000000032,99994,100,99931,100,100002,100,99929,100,100037,100,99885,100,100059,100,99852,100,100060,100,99843,100,100082,100,,,100088,100,,,100090,100,,,100092,100,,,100109,100,,
2019-06-28 09:30:00.000000035,100002,100,99931,100,100037,100,99929,100,100059,100,99885,100,100060,100,99852,100,100082,100,99843,100,100088,100,,,100090,100,,,100092,100,,,100109,100,,,100110,100,,
2019-06-28 09:30:00.000000038,100037,100,99931,100,100059,100,99929,100,100060,100,99885,100,100082,100,99852,100,100088,100,99843,100,100090,100,,,100092,100,,,100109,100,,,100110,100,,,100158,100,,
2019-06-28 09:30:00.000000042,100034,100,99931,100,100037,100,99929,100,100059,100,99885,100,100060,100,99852,100,100082,100,99843,100,100088,100,,,100090,100,,,100092,100,,,100109,100,,,100110,100,,
2019-06-28 09:30:00.000000046,100002,100,99931,100,100034,100,99929,100,100037,100,99885,100,100059,100,99852,100,100060,100,99843,100,100082,100,,,100088,100,,,100090,100,,,100092,100,,,100109,100,,
2019-06-28 09:30:00.000000047,100002,100,99994,100,100034,100,99931,100,100037,100,99929,100,100059,100,99885,100,100060,100,99852,100,100082,100,99843,100,100088,100,,,100090,100,,,100092,100,,,100109,100,,
2019-06-28 09:30:00.000000049,100034,100,99994,100,100037,100,99931,100,100059,100,99929,100,100060,100,99885,100,100082,100,99852,100,100088,100,99843,100,100090,100,,,100092,100,,,100109,100,,,100110,100,,
2019-06-28 09:30:00.000000052,100034,100,99931,100,100037,100,99929,100,100059,100,99885,100,100060,100,99852,100,100082,100,99843,100,100088,100,,,100090,100,,,100092,100,,,100109,100,,,100110,100,,
2019-06-28 09:30:00.000000053,100034,100,99931,100,100037,100,99929,100,100059,100,99885,100,100060,100,99852,100,100082,100,99843,100,100088,100,99834,100,100090,100,,,100092,100,,,100109,100,,,100110,100,,
2019-06-28 09:30:00.000000054,100014,100,99959,100,100034,100,99931,100,100037,100,99929,100,100059,100,99885,100,100060,100,99852,100,100082,100,99843,100,100088,100,99834,100,100090,100,,,100092,100,,,100109,100,,
2019-06-28 09:30:00.000000055,100014,100,99959,100,100034,100,99931,100,100037,100,99929,100,100059,100,99885,100,100060,100,99852,100,100082,100,99843,100,100088,100,99834,100,100090,100,,,100092,100,,,100109,100,,
2019-06-28 09:30:00.000000057,100014,100,99959,100,100034,100,99931,100,100037,100,99929,100,100059,100,99885,100,100060,100,99852,100,100071,100,99843,100,100082,100,99834,100,100088,100,,,100090,100,,,100092,100,,
2019-06-28 09:30:00.000000062,100002,100,99959,100,100014,100,99931,100,100034,100,99929,100,100037,100,99885,100,100049,100,99852,100,100059,100,99843,100,100060,100,99834,100,100071,100,,,100082,100,,,100088,100,,
2019-06-28 09:30:00.000000064,100002,100,99959,100,100014,100,99931,100,100034,100,99929,100,100037,100,99885,100,100049,100,99852,100,100059,100,99843,100,100060,100,99834,100,100071,100,,,100082,100,,,100083,100,,
2019-06-28 09:30:00.000000065,100002,100,99959,100,100014,100,99931,100,100034,100,99929,100,100037,100,99915,100,100049,100,99898,100,100059,100,99885,100,100060,100,99852,100,100071,100,99843,100,100082,100,99834,100,100083,100,,
2019-06-28 09:30:00.000000066,100002,100,99959,100,100014,100,99957,100,100034,100,99931,100,100037,100,99929,100,100049,100,99915,100,100059,100,99898,100,100060,100,99885,100,100071,100,99852,100,100082,100,99843,100,100083,100,99834,100
2019-06-28 09:30:00.000000067,100002,100,99994,100,100014,100,99959,100,100034,100,99957,100,100037,100,99931,100,100049,100,99929,100,100059,100,99915,100,100060,100,99898,100,100071,100,99885,100,100082,100,99852,100,100083,100,99843,100
2019-06-28 09:30:00.000000068,100002,100,99959,100,100014,100,99957,100,100034,100,99931,100,100037,100,99929,100,100049,100,99915,100,100059,100,99898,100,100060,100,99885,100,100071,100,99852,100,100082,100,99843,100,100083,100,99834,100
2019-06-28 09:30:00.000000070,100002,100,99959,100,100009,100,99957,100,100014,100,99931,100,100034,100,99929,100,100037,100,99915,100,100049,100,99898,100,100059,100,99885,100,100060,100,99852,100,100071,100,99843,100,100082,100,99834,100
2019-06-28 09:30:00.000000071,100002,100,99964,100,100009,100,99959,100,100014,100,99957,100,100034,100,99931,100,100037,100,99929,100,100049,100,99915,100,100059,100,99898,100,100060,100,99885,100,100071,100,99852,100,100082,100,99843,100
2019-06-28 09:30:00.000000072,100002,100,99964,100,100009,100,99959,100,100014,100,99957,100,100019,100,99931,100,100034,100,99929,100,100037,100,99915,100,100049,100,99898,100,100059,100,99885,100,100060,100,99852,100,100071,100,99843,100
2019-06-28 09:30:00.000000073,99994,100,99964,100,100002,100,99959,100,100009,100,99957,100,100014,100,99931,100,100019,100,99929,100,100034,100,99915,100,100037,100,99905,100,100049,100,99898,100,100059,100,99885,100,100060,100,99852,100
2019-06-28 09:30:00.000000075,99994,100,99964,100,100002,100,99959,100,100009,100,99957,100,100014,100,99931,100,100019,100,99929,100,100033,100,99915,100,100034,100,99905,100,100037,100,99898,100,100049,100,99885,100,100059,100,99876,100
2019-06-28 09:30:00.000000079,99994,200,99964,100,100002,100,99959,100,100009,100,99957,100,100014,100,99931,100,100019,100,99929,100,100033,100,99915,100,100034,100,99905,100,100037,100,99898,100,100049,100,99885,100,100059,100,99876,100
2019-06-28 09:30:00.000000080,99994,100,99964,100,100002,100,99959,100,100009,100,99957,100,100014,100,99931,100,100019,100,99929,100,100033,100,99915,100,100034,100,99905,100,100037,100,99898,100,100049,100,99885,100,100059,100,99876,100
2019-06-28 09:30:00.000000081,99994,100,99964,100,100002,100,99959,100,100009,100,99957,100,100014,100,99931,100,100019,100,99929,100,100033,100,99915,100,100034,100,99905,100,100037,100,99898,100,100049,100,99885,100,100059,100,99876,100
2019-06-28 09:30:00.000000083,99994,100,99964,100,100002,100,99959,100,100009,100,99957,100,100014,100,99931,100,100019,100,99929,100,100033,100,99920,100,100034,100,99915,100,100037,100,99905,100,100049,100,99898,100,100059,100,99885,100
2019-06-28 09:30:00.000000084,100002,100,99964,100,100009,100,99959,100,100014,100,99957,100,100019,100,99931,100,100033,100,99929,100,100034,100,99920,100,100037,100,99915,100,100049,100,99905,100,100059,100,99898,100,100060,100,99885,100
2019-06-28 09:30:00.000000085,100002,100,99964,100,100009,100,99959,100,100014,100,99957,100,100019,100,99931,100,100033,100,99929,100,100034,100,99920,100,100037,100,99915,100,100049,100,99905,100,100059,100,99898,100,100060,100,99885,100
2019-06-28 09:30:00.000000086,100002,100,99978,100,100009,100,99964,100,100014,100,99959,100,100019,100,99957,100,100033,100,99931,100,100034,100,99929,100,100037,100,99920,100,100049,100,99915,100,100059,100,99905,100,100060,100,99898,100
2019-06-28 09:30:00.000000088,100002,100,99978,100,100009,100,99964,100,100014,100,99959,100,100019,100,99957,100,100033,100,99931,100,100034,100,99929,100,100037,100,99920,100,100049,100,99915,100,100059,100,99905,100,100060,100,99898,100
2019-06-28 09:30:00.000000089,100002,100,99978,100,100009,100,99966,100,100014,100,99964,100,100019,100,99959,100,100033,100,99957,100,100034,100,99931,100,100037,100,99929,100,100049,100,99920,100,100059,100,99915,100,100060,100,99905,100
2019-06-28 09:30:00.000000092,100002,100,99978,100,100009,100,99966,100,100014,100,99964,100,100019,100,99959,100,100033,100,99957,100,100034,100,99931,100,100037,100,99929,100,100049,100,99920,100,100059,100,99915,100,100060,200,99905,100
2019-06-28 09:30:00.000000093,100002,100,99978,100,100009,100,99966,100,100014,100,99964,100,100019,100,99959,100,100033,100,99957,100,100034,100,99950,100,100037,100,99931,100,100049,100,99929,100,100059,100,99920,100,100060,200,99915,100
2019-06-28 09:30:00.000000094,100002,100,99978,100,100009,100,99966,100,100014,100,99964,100,100019,100,99959,100,100033,100,99957,100,100034,100,99954,100,100037,100,99950,100,100049,100,99931,100,100059,100,99929,100,100060,200,99920,100
2019-06-28 09:30:00.000000095,100002,100,99978,100,100009,100,99966,100,100014,100,99964,100,100019,100,99959,100,100033,100,99957,100,100034,100,99954,100,100037,100,99950,100,100049,100,99931,100,100059,100,99929,100,100060,200,99920,100
2019-06-28 09:30:00.000000096,100002,100,99978,100,100009,100,99966,100,100014,100,99964,100,100019,100,99959,100,100033,100,99957,100,100034,100,99954,100,100037,100,99950,100,100049,100,99931,100,100059,100,99929,100,100060,200,99920,100
2019-06-28 09:30:10.000000000,100002,210,99978,210,100009,210,99966,210,100014,210,99964,210,100019,210,99959,210,100033,100,99957,100,100034,100,99954,100,100037,100,99950,100,100049,100,99931,100,100059,100,99929,100,100060,200,99920,100
2019-06-28 09:30:20.000000000,100002,188,99978,188,100009,188,99966,188,100014,188,99964,188,100019,188,99959,188,100033,188,99957,188,100034,100,99954,100,100037,100,99950,100,100049,100,99931,100,100059,100,99929,100,100060,200,99920,100
2019-06-28 09:30:30.000000000,100002,210,99978,210,100009,210,99966,210,100014,210,99964,210,100019,210,99959,210,100033,100,99957,100,100034,100,99954,100,100037,100,99950,100,100049,100,99931,100,100059,100,99929,100,100060,200,99920,100
2019-06-28 09:30:30.723755950,100002,210,99978,210,100009,210,99966,210,100014,210,99964,210,100019,210,99959,210,100033,100,99957,100,100034,100,99954,100,100037,100,99950,100,100049,100,99931,100,100059,100,99929,100,100060,200,99920,100
2019-06-28 09:30:40.000000000,100002,188,99978,188,100009,188,99966,188,100014,188,99964,188,100019,188,99959,188,100033,188,99957,188,100034,100,99954,100,100037,100,99950,100,100049,100,99931,100,100059,100,99929,100,100060,200,99920,100
2019-06-28 09:30:50.000000000,100002,188,99978,188,100009,188,99966,188,100014,188,99964,188,100019,188,99959,188,100033,188,99957,188,100034,100,99954,100,100037,100,99950,100,100049,100,99931,100,100059,100,99929,100,100060,200,99920,100
2019-06-28 09:30:50.127030266,100002,188,99978,88,100009,188,99966,188,100014,188,99964,188,100019,188,99959,188,100033,188,99957,188,100034,100,99954,100,100037,100,99950,100,100049,100,99931,100,100059,100,99929,100,100060,200,99920,100
2019-06-28 09:30:55.057616190,100002,188,99978,88,100009,188,99966,188,100014,188,99964,188,100019,188,99959,188,100033,188,99957,188,100034,100,99954,100,100037,100,99950,100,100049,100,99931,100,100059,100,99929,100,100060,200,99920,100
2019-06-28 09:30:55.169589260,100002,188,99978,88,100009,188,99966,88,100014,188,99964,188,100019,188,99959,188,100033,188,99957,188,100034,100,99954,100,100037,100,99950,100,100049,100,99931,100,100059,100,99929,100,100060,200,99920,100
2019-06-28 09:31:00.000000000,100002,319,99964,319,100009,319,99959,319,100014,100,99957,100,100019,100,99954,100,100033,100,99950,100,100034,100,99931,100,100037,100,99929,100,100049,100,99920,100,100059,100,99915,100,100060,200,99905,100
2019-06-28 09:31:06.021669194,100002,319,99964,319,100009,319,99959,319,100014,100,99957,100,100019,100,99954,100,100033,100,99950,100,100034,100,99931,100,100037,100,99929,100,100049,100,99920,100,100059,100,99915,100,100060,200,99905,100
2019-06-28 09:31:10.000000000,100002,319,99964,319,100009,319,99959,319,100014,100,99957,100,100019,100,99954,100,100033,100,99950,100,100034,100,99931,100,100037,100,99929,100,100049,100,99920,100,100059,100,99915,100,100060,200,99905,100
2019-06-28 09:31:20.000000000,100002,188,99964,188,100009,188,99959,188,100014,188,99957,188,100019,188,99954,188,100033,188,99950,188,100034,100,99931,100,100037,100,99929,100,100049,100,99920,100,100059,100,99915,100,100060,200,99905,100
2019-06-28 09:31:21.563870792,100002,188,99964,188,100009,188,99959,188,100014,188,99957,188,100019,188,99954,188,100033,188,99950,188,100037,100,99931,100,100049,100,99929,100,100059,100,99920,100,100060,200,99915,100,100062,100,99905,100
2019-06-28 09:31:30.000000000,100002,319,99964,319,100009,319,99959,319,100014,100,99957,100,100019,100,99954,100,100033,100,99950,100,100037,100,99931,100,100049,100,99929,100,100059,100,99920,100,100060,200,99915,100,100062,100,99905,100
2019-06-28 09:31:40.000000000,100002,249,99964,249,100009,245,99959,245,100014,245,99957,245,100019,100,99954,100,100033,100,99950,100,100037,100,99931,100,100049,100,99929,100,100059,100,99920,100,100060,200,99915,100,100062,100,99905,100
2019-06-28 09:31:50.000000000,100002,319,99964,319,100009,319,99959,319,100014,100,99957,100,100019,100,99954,100,100033,100,99950,100,100037,100,99931,100,100049,100,99929,100,100059,100,99920,100,100060,200,99915,100,100062,100,99905,100
2019-06-28 09:31:55.078849706,100002,319,99994,100,100009,319,99964,319,100014,100,99959,319,100019,100,99957,100,100033,100,99954,100,100037,100,99950,100,100049,100,99931,100,100059,100,99929,100,100060,200,99920,100,100062,100,99915,100
2019-06-28 09:32:00.000000000,100002,249,99994,249,100009,245,99964,245,100014,245,99959,245,100019,100,99957,100,100033,100,99954,100,100037,100,99950,100,100049,100,99931,100,100059,100,99929,100,100060,200,99920,100,100062,100,99915,100
2019-06-28 09:32:10.000000000,100002,188,99994,188,100009,188,99964,188,100014,188,99959,188,100019,188,99957,188,100033,188,99954,188,100037,100,99950,100,100049,100,99931,100,100059,100,99929,100,100060,200,99920,100,100062,100,99915,100
2019-06-28 09:32:15.812771686,100002,188,99994,188,100005,100,99964,188,100009,188,99959,188,100014,188,99957,188,100019,188,99954,188,100033,188,99950,100,100037,100,99931,100,100049,100,99929,100,100059,100,99920,100,100060,200,99915,100
2019-06-28 09:32:20.000000000,100002,210,99994,210,100005,210,99964,210,100009,210,99959,210,100014,210,99957,210,100019,100,99954,100,100033,100,99950,100,100037,100,99931,100,100049,100,99929,100,100059,100,99920,100,100060,200,99915,100
2019-06-28 09:32:23.467390567,100002,210,99994,210,100005,210,99964,210,100009,210,99959,210,100014,210,99957,210,100033,100,99954,100,100037,100,99950,100,100049,100,99931,100,100059,100,99929,100,100060,200,99920,100,100062,100,99915,100
2019-06-28 09:32:23.725974998,100002,210,99994,10,100005,210,99964,210,100009,210,99959,210,100014,210,99957,210,100033,100,99954,100,100037,100,99950,100,100049,100,99931,100,100059,100,99929,100,100060,200,99920,100,100062,100,99915,100
2019-06-28 09:32:30.000000000,100002,538,99964,538,100005,100,99959,100,100009,100,99957,100,100014,100,99954,100,100033,100,99950,100,100037,100,99931,100,100049,100,99929,100,100059,100,99920,100,100060,200,99915,100,100062,100,99905,100
2019-06-28 09:32:32.495728729,100002,538,99964,538,100005,100,99959,100,100009,100,99957,100,100010,100,99954,100,100014,100,99950,100,100033,100,99931,100,100037,100,99929,100,100049,100,99920,100,100059,100,99915,100,100060,200,99905,100
2019-06-28 09:32:38.036545102,100002,538,99964,538,100005,100,99959,100,100009,100,99957,100,100010,100,99954,100,100014,100,99950,100,100033,100,99931,100,100037,100,99929,100,100049,100,99920,100,100059,100,99915,100,100060,200,99905,100
2019-06-28 09:32:40.000000000,100002,249,99964,249,100005,245,99959,245,100009,245,99957,245,100010,100,99954,100,100014,100,99950,100,100033,100,99931,100,100037,100,99929,100,100049,100,99920,100,100059,100,99915,100,100060,200,99905,100
2019-06-28 09:32:50.000000000,100002,210,99964,210,100005,210,99959,210,100009,210,99957,210,100010,210,99954,210,100014,100,99950,100,100033,100,99931,100,100037,100,99929,100,100049,100,99920,100,100059,100,99915,100,100060,200,99905,100
2019-06-28 09:33:00.000000000,100002,249,99964,249,100005,245,99959,245,100009,245,99957,245,100010,100,99954,100,100014,100,99950,100,100033,100,99931,100,100037,100,99929,100,100049,100,99920,100,100059,100,99915,100,100060,200,99905,100
2019-06-28 09:33:10.000000000,100002,188,99964,188,100005,188,99959,188,100009,188,99957,188,100010,188,99954,188,100014,188,99950,188,100033,100,99931,100,100037,100,99929,100,100049,100,99920,100,100059,100,99915,100,100060,200,99905,100
2019-06-28 09:33:10.548669752,100002,188,99964,188,100005,188,99959,188,100009,188,99957,188,100010,188,99954,188,100014,188,99950,188,100033,100,99931,100,100037,100,99929,100,100049,100,99920,100,100059,100,99915,100,100060,200,99905,100
2019-06-28 09:33:20.000000000,100002,210,99964,210,100005,210,99959,210,100009,210,99957,210,100010,210,99954,210,100014,100,99950,100,100033,100,99931,100,100037,100,99929,100,100049,100,99920,100,100059,100,99915,100,100060,200,99905,100
2019-06-28 09:33:25.567154944,100002,110,99964,210,100005,210,99959,210,100009,210,99957,210,100010,210,99954,210,100014,100,99950,100,100033,100,99931,100,100037,100,99929,100,100049,100,99920,100,100059,100,99915,100,100060,200,99905,100
2019-06-28 09:33:30.000000000,100005,319,99964,319,100009,319,99959,319,100010,100,99957,100,100014,100,99954,100,100033,100,99950,100,100037,100,99931,100,100049,100,99929,100,100059,100,99920,100,100060,200,99915,100,100062,100,99905,100
2019-06-28 09:33:40.000000000,100005,188,99964,188,100009,188,99959,188,100010,188,99957,188,100014,188,99954,188,100033,188,99950,188,100037,100,99931,100,100049,100,99929,100,100059,100,99920,100,100060,200,99915,100,100062,100,99905,100
2019-06-28 09:33:48.052583972,100005,188,99964,188,100009,188,99959,188,100010,188,99957,188,100014,188,99954,188,100033,188,99950,188,100037,100,99931,100,100049,100,99929,100,100059,100,99920,100,100060,200,99915,100,100062,100,99905,100
2019-06-28 09:33:50.000000000,100005,249,99964,249,100009,245,99959,245,100010,245,99957,245,100014,100,99954,100,100033,100,99950,100,100037,100,99931,100,100049,100,99929,100,100059,100,99920,100,100060,200,99915,100,100062,100,99905,100
2019-06-28 09:34:00.000000000,100005,188,99964,188,100009,188,99959,188,100010,188,99957,188,100014,188,99954,188,100033,188,99950,188,100037,100,99931,100,100049,100,99929,100,100059,100,99920,100,100060,200,99915,100,100062,100,99905,100
2019-06-28 09:34:10.000000000,100005,538,99964,538,100009,100,99959,100,100010,100,99957,100,100014,100,99954,100,100033,100,99950,100,100037,100,99931,100,100049,100,99929,100,100059,100,99920,100,100060,200,99915,100,100062,100,99905,100
2019-06-28 09:34:19.082949064,100005,538,99964,538,100009,100,99959,100,100010,100,99957,100,100014,100,99954,100,100033,100,99950,100,100037,100,99931,100,100049,100,99929,100,100059,100,99920,100,100060,200,99915,100,100062,100,99905,100
2019-06-28 09:34:20.000000000,100005,249,99964,249,100009,245,99959,245,100010,245,99957,245,100014,100,99954,100,100033,100,99950,100,100037,100,99931,100,100049,100,99929,100,100059,100,99920,100,100060,200,99915,100,100062,100,99905,100
2019-06-28 09:34:30.000000000,100005,538,99964,538,100009,100,99959,100,100010,100,99957,100,100014,100,99954,100,100033,100,99950,100,100037,100,99931,100,100049,100,99929,100,100059,100,99920,100,100060,200,99915,100,100062,100,99905,100
2019-06-28 09:34:31.980272080,100005,438,99964,538,100009,100,99959,100,100010,100,99957,100,100014,100,99954,100,100033,100,99950,100,100037,100,99931,100,100049,100,99929,100,100059,100,99920,100,100060,200,99915,100,100062,100,99905,100
2019-06-28 09:34:36.528643919,100005,438,100002,100,100009,100,99964,538,100010,100,99959,100,100014,100,99957,100,100033,100,99954,100,100037,100,99950,100,100049,100,99931,100,100059,100,99929,100,100060,200,99920,100,100062,100,99915,100
2019-06-28 09:34:40.000000000,100009,210,100002,210,100010,210,99964,210,100014,210,99959,210,100033,210,99957,210,100037,100,99954,100,100049,100,99950,100,100059,100,99931,100,100060,200,99929,100,100062,100,99920,100,100071,100,99915,100
2019-06-28 09:34:40.531872689,100009,210,100002,210,100010,210,99964,210,100014,210,99959,210,100033,210,99957,210,100037,100,99954,100,100049,100,99950,100,100059,100,99931,100,100060,200,99929,100,100062,100,99920,100,100071,100,99915,100
2019-06-28 09:34:41.877738218,100009,210,100002,210,100010,210,99964,210,100014,210,99959,210,100033,210,99957,210,100037,100,99954,100,100049,100,99950,100,100059,100,99931,100,100060,200,99929,100,100062,100,99920,100,100082,100,99915,100
2019-06-28 09:34:50.000000000,100009,319,100002,319,100010,319,99964,319,100014,100,99959,100,100033,100,99957,100,100037,100,99954,100,100049,100,99950,100,100059,100,99931,100,100060,200,99929,100,100062,100,99920,100,100082,100,99915,100
2019-06-28 09:35:00.000000000,100009,249,100002,249,100010,245,99964,245,100014,245,99959,245,100033,100,99957,100,100037,100,99954,100,100049,100,99950,100,100059,100,99931,100,100060,200,99929,100,100062,100,99920,100,100082,100,99915,100
2019-06-28 09:35:10.000000000,100009,188,100002,188,100010,188,99964,188,100014,188,99959,188,100033,188,99957,188,100037,188,99954,188,100049,100,99950,100,100059,100,99931,100,100060,200,99929,100,100062,100,99920,100,100082,100,99915,100
2019-06-28 09:35:20.000000000,100009,319,100002,319,100010,319,99964,319,100014,100,99959,100,100033,100,99957,100,100037,100,99954,100,100049,100,99950,100,100059,100,99931,100,100060,200,99929,100,100062,100,99920,100,100082,100,99915,100
2019-06-28 09:35:30.000000000,100009,188,100002,188,100010,188,99964,188,100014,188,99959,188,100033,188,99957,188,100037,188,99954,188,100049,100,99950,100,100059,100,99931,100,100060,200,99929,100,100062,100,99920,100,100082,100,99915,100
2019-06-28 09:35:36.010166868,100009,88,100002,188,100010,188,99964,188,100014,188,99959,188,100033,188,99957,188,100037,188,99954,188,100049,100,99950,100,100059,100,99931,100,100060,200,99929,100,100062,100,99920,100,100082,100,99915,100
2019-06-28 09:35:39.057734673,100009,88,100002,188,100010,188,99964,188,100014,188,99959,188,100033,188,99957,188,100037,188,99954,188,100049,100,99950,100,100059,100,99931,100,100060,200,99929,100,100062,100,99920,100,100082,100,99915,100
2019-06-28 09:35:40.000000000,100010,188,100002,188,100014,188,99964,188,100033,188,99959,188,100037,188,99957,188,100049,188,99954,188,100059,100,99950,100,100060,200,99931,100,100062,100,99929,100,100082,100,99920,100,100083,100,99915,100
2019-06-28 09:35:43.149615202,100010,188,100002,188,100014,188,99964,188,100033,188,99959,188,100037,188,99957,188,100049,188,99954,188,100059,100,99950,100,100060,200,99931,100,100062,100,99929,100,100082,100,99920,100,100083,100,99915,100
2019-06-28 09:35:47.881876281,100010,88,100002,188,100014,188,99964,188,100033,188,99959,188,100037,188,99957,188,100049,188,99954,188,100059,100,99950,100,100060,200,99931,100,100062,100,99929,100,100082,100,99920,100,100083,100,99915,100
2019-06-28 09:35:50.000000000,100014,249,100002,249,100033,245,99964,245,100037,245,99959,245,100049,100,99957,100,100059,100,99954,100,100060,200,99950,100,100062,100,99931,100,100082,100,99929,100,100083,100,99920,100,100092,100,99915,100
2019-06-28 09:35:54.586221768,100014,149,100002,249,100033,245,99964,245,100037,245,99959,245,100049,100,99957,100,100059,100,99954,100,100060,200,99950,100,100062,100,99931,100,100082,100,99929,100,100083,100,99920,100,100092,100,99915,100
2019-06-28 09:36:00.000000000,100033,319,100002,319,100037,319,99964,319,100049,100,99959,100,100059,100,99957,100,100060,200,99954,100,100062,100,99950,100,100082,100,99931,100,100083,100,99929,100,100092,100,99920,100,100109,100,99915,100
2019-06-28 09:36:08.615357514,100033,319,100002,319,100037,319,99964,319,100049,100,99959,100,100059,100,99957,100,100060,100,99954,100,100062,100,99950,100,100082,100,99931,100,100083,100,99929,100,100092,100,99920,100,100109,100,99915,100
2019-06-28 09:36:10.000000000,100033,249,100002,249,100037,245,99964,245,100049,245,99959,245,100059,100,99957,100,100060,100,99954,100,100062,100,99950,100,100082,100,99931,100,100083,100,99929,100,100092,100,99920,100,100109,100,99915,100
2019-06-28 09:36:16.998346893,100033,149,100002,249,100037,245,99964,245,100049,245,99959,245,100059,100,99957,100,100060,100,99954,100,100062,100,99950,100,100082,100,99931,100,100092,100,99929,100,100109,100,99920,100,100110,100,99915,100
2019-06-28 09:36:20.000000000,100037,249,100002,249,100049,245,99964,245,100059,245,99959,245,100060,100,99957,100,100062,100,99954,100,100082,100,99950,100,100092,100,99931,100,100109,100,99929,100,100110,100,99920,100,100112,100,99915,100
2019-06-28 09:36:25.523575702,100037,149,100002,249,100049,245,99964,245,100059,245,99959,245,100060,100,99957,100,100062,100,99954,100,100082,100,99950,100,100092,100,99931,100,100109,100,99929,100,100110,100,99920,100,100112,100,99915,100
2019-06-28 09:36:30.000000000,100049,188,100002,188,100059,188,99964,188,100060,188,99959,188,100062,188,99957,188,100082,188,99954,188,100092,100,99950,100,100109,100,99931,100,100110,100,99929,100,100112,100,99920,100,100128,100,99915,100
2019-06-28 09:36:40.000000000,100049,538,100002,538,100059,100,99964,100,100060,100,99959,100,100062,100,99957,100,100082,100,99954,100,100092,100,99950,100,100109,100,99931,100,100110,100,99929,100,100112,100,99920,100,100128,100,99915,100
2019-06-28 09:36:50.000000000,100049,538,100002,538,100059,100,99964,100,100060,100,99959,100,100062,100,99957,100,100082,100,99954,100,100092,100,99950,100,100109,100,99931,100,100110,100,99929,100,100112,100,99920,100,100128,100,99915,100
2019-06-28 09:37:00.000000000,100049,538,100002,538,100059,100,99964,100,100060,100,99959,100,100062,100,99957,100,100082,100,99954,100,100092,100,99950,100,100109,100,99931,100,100110,100,99929,100,100112,100,99920,100,100128,100,99915,100
2019-06-28 09:37:09.926079038,100049,538,100002,538,100059,100,99964,100,100060,100,99959,100,100062,100,99957,100,100082,100,99954,100,100092,100,99950,100,100109,100,99931,100,100110,100,99929,100,100112,100,99920,100,100128,100,99915,100
2019-06-28 09:37:10.000000000,100049,538,100002,538,100059,100,99964,100,100060,100,99959,100,100062,100,99957,100,100082,100,99954,100,100092,100,99950,100,100109,100,99931,100,100110,100,99929,100,100112,100,99920,100,100128,100,99915,100
2019-06-28 09:37:20.000000000,100049,538,100002,538,100059,100,99964,100,100060,100,99959,100,100062,100,99957,100,100082,100,99954,100,100092,100,99950,100,100109,100,99931,100,100110,100,99929,100,100112,100,99920,100,100128,100,99915,100
2019-06-28 09:37:30.000000000,100049,319,100002,319,100059,319,99964,319,100060,100,99959,100,100062,100,99957,100,100082,100,99954,100,100092,100,99950,100,100109,100,99931,100,100110,100,99929,100,100112,100,99920,100,100128,100,99915,100
2019-06-28 09:37:35.579599002,100049,319,100002,319,100059,319,99964,319,100060,100,99959,100,100062,100,99957,100,100082,100,99954,100,100092,100,99950,100,100109,100,99931,100,100110,100,99929,100,100112,100,99915,100,100128,100,99905,100
2019-06-28 09:37:40.000000000,100049,319,100002,319,100059,319,99964,319,100060,100,99959,100,100062,100,99957,100,100082,100,99954,100,100092,100,99950,100,100109,100,99931,100,100110,100,99929,100,100112,100,99915,100,100128,100,99905,100
2019-06-28 09:37:50.000000000,100049,210,100002,210,100059,210,99964,210,100060,210,99959,210,100062,210,99957,210,100082,100,99954,100,100092,100,99950,100,100109,100,99931,100,100110,100,99929,100,100112,100,99915,100,100128,100,99905,100
2019-06-28 09:37:53.154501545,100049,210,100002,210,100059,210,99964,210,100060,210,99959,210,100062,210,99957,210,100082,100,99954,100,100092,100,99950,100,100109,100,99931,100,100110,100,99929,100,100112,100,99915,100,100128,100,99905,100
2019-06-28 09:38:00.000000000,100049,319,100002,319,100059,319,99964,319,100060,100,99959,100,100062,100,99957,100,100082,100,99954,100,100092,100,99950,100,100109,100,99931,100,100110,100,99929,100,100112,100,99915,100,100128,100,99905,100
2019-06-28 09:38:02.226334335,100049,319,100002,319,100059,319,99964,319,100060,100,99959,100,100062,100,99957,100,100082,100,99954,100,100092,100,99950,100,100109,100,99931,100,100110,100,99929,100,100112,100,99915,100,100128,100,99905,100
2019-06-28 09:38:10.000000000,100049,210,100002,210,100059,210,99964,210,100060,210,99959,210,100062,210,99957,210,100082,100,99954,100,100092,100,99950,100,100109,100,99931,100,100110,100,99929,100,100112,100,99915,100,100128,100,99905,100
2019-06-28 09:38:17.709383982,100049,210,100033,100,100059,210,100002,210,100060,210,99964,210,100062,210,99959,210,100082,100,99957,210,100092,100,99954,100,100109,100,99950,100,100110,100,99931,100,100112,100,99929,100,100128,100,99915,100
2019-06-28 09:38:18.447142476,100049,210,100033,200,100059,210,100002,210,100060,210,99964,210,100062,210,99959,210,100082,100,99957,210,100092,100,99954,100,100109,100,99950,100,100110,100,99931,100,100112,100,99929,100,100128,100,99915,100
2019-06-28 09:38:20.000000000,100049,188,100033,288,100059,188,100002,188,100060,188,99964,188,100062,188,99959,188,100082,188,99957,188,100092,100,99954,100,100109,100,99950,100,100110,100,99931,100,100112,100,99929,100,100128,100,99915,100
2019-06-28 09:38:30.000000000,100049,210,100033,310,100059,210,100002,210,100060,210,99964,210,100062,210,99959,210,100082,100,99957,100,100092,100,99954,100,100109,100,99950,100,100110,100,99931,100,100112,100,99929,100,100128,100,99915,100
2019-06-28 09:38:33.475460235,100049,110,100033,310,100059,210,100002,210,100060,210,99964,210,100062,210,99959,210,100082,100,99957,100,100092,100,99954,100,100109,100,99950,100,100110,100,99931,100,100112,100,99929,100,100128,100,99905,100
2019-06-28 09:38:40.000000000,100059,210,100033,310,100060,210,100002,210,100062,210,99964,210,100082,210,99959,210,100092,100,99957,100,100109,100,99954,100,100110,100,99950,100,100112,100,99931,100,100128,100,99929,100,100138,100,99905,100
2019-06-28 09:38:50.000000000,100059,210,100033,310,100060,210,100002,210,100062,210,99964,210,100082,210,99959,210,100092,100,99957,100,100109,100,99954,100,100110,100,99950,100,100112,100,99931,100,100128,100,99929,100,100138,100,99905,100
2019-06-28 09:38:53.464790647,100059,110,100033,310,100060,210,100002,210,100062,210,99964,210,100082,210,99959,210,100092,100,99957,100,100109,100,99954,100,100110,100,99950,100,100112,100,99931,100,100138,100,99929,100,100146,100,99905,100
2019-06-28 09:39:00.000000000,100060,210,100033,310,100062,210,100002,210,100082,210,99964,210,100092,210,99959,210,100109,100,99957,100,100110,100,99954,100,100112,100,99950,100,100138,100,99931,100,100146,100,99929,100,100364,100,99905,100
2019-06-28 09:39:10.000000000,100060,538,100033,638,100062,100,100002,100,100082,100,99964,100,100092,100,99959,100,100109,100,99957,100,100110,100,99954,100,100112,100,99950,100,100138,100,99931,100,100146,100,99929,100,100364,100,99905,100
2019-06-28 09:39:20.000000000,100060,249,100033,349,100062,245,100002,245,100082,245,99964,245,100092,100,99959,100,100109,100,99957,100,100110,100,99954,100,100112,100,99950,100,100138,100,99931,100,100146,100,99929,100,100364,100,99905,100
2019-06-28 09:39:23.688068284,100060,249,100049,100,100062,245,100033,349,100082,245,100002,245,100092,100,99964,245,100109,100,99959,100,100110,100,99957,100,100112,100,99954,100,100138,100,99950,100,100146,100,99931,100,100364,100,99929,100
2019-06-28 09:39:30.000000000,100060,319,100049,319,100062,319,100033,419,100082,100,100002,100,100092,100,99964,100,100109,100,99959,100,100110,100,99957,100,100112,100,99954,100,100138,100,99950,100,100146,100,99931,100,100364,100,99929,100
2019-06-28 09:39:30.877117971,100060,219,100049,319,100062,319,100033,419,100082,100,100002,100,100092,100,99964,100,100109,100,99959,100,100110,100,99957,100,100112,100,99954,100,100138,100,99950,100,100146,100,99931,100,100364,100,99929,100
2019-06-28 09:39:40.000000000,100062,249,100049,249,100082,245,100033,345,100092,245,100002,245,100109,100,99964,100,100110,100,99959,100,100112,100,99957,100,100138,100,99954,100,100146,100,99950,100,100364,100,99931,100,100390,100,99929,100
2019-06-28 09:39:50.000000000,100062,210,100049,210,100082,210,100033,310,100092,210,100002,210,100109,210,99964,210,100110,100,99959,100,100112,100,99957,100,100138,100,99954,100,100146,100,99950,100,100364,100,99931,100,100390,100,99929,100
2019-06-28 09:39:56.168194594,100062,210,100049,210,100082,210,100033,310,100092,210,100002,210,100109,210,99964,210,100110,100,99959,100,100112,100,99957,100,100138,100,99954,100,100146,100,99950,100,100364,100,99931,100,100390,100,99929,100
2019-06-28 09:40:00.000000000,100062,538,100049,538,100082,100,100033,200,100092,100,100002,100,100109,100,99964,100,100110,100,99959,100,100112,100,99957,100,100138,100,99954,100,100146,100,99950,100,100364,100,99931,100,100390,100,99929,100
2019-06-28 09:40:00.569983113,100062,538,100049,538,100082,100,100033,200,100092,100,100002,100,100109,100,99964,100,100110,100,99957,100,100112,100,99954,100,100138,100,99950,100,100146,100,99931,100,100364,100,99929,100,100390,100,99905,100
2019-06-28 09:40:10.000000000,100062,538,100049,538,100082,100,100033,200,100092,100,100002,100,100109,100,99964,100,100110,100,99957,100,100112,100,99954,100,100138,100,99950,100,100146,100,99931,100,100364,100,99929,100,100390,100,99905,100
2019-06-28 09:40:20.000000000,100062,210,100049,210,100082,210,100033,310,100092,210,100002,210,100109,210,99964,210,100110,100,99957,100,100112,100,99954,100,100138,100,99950,100,100146,100,99931,100,100364,100,99929,100,100390,100,99905,100
2019-06-28 09:40:28.066694613,100062,110,100049,210,100082,210,100033,310,100092,210,100002,210,100109,210,99964,210,100110,100,99957,100,100112,100,99954,100,100138,100,99950,100,100364,100,99931,100,100390,100,99929,100,100453,100,99905,100
2019-06-28 09:40:30.000000000,100082,538,100049,538,100092,100,100033,200,100109,100,100002,100,100110,100,99964,100,100112,100,99957,100,100138,100,99954,100,100364,100,99950,100,100390,100,99931,100,100453,100,99929,100,100466,100,99905,100
2019-06-28 09:40:37.382520861,100082,438,100049,538,100092,100,100033,200,100109,100,100002,100,100110,100,99964,100,100112,100,99957,100,100138,100,99954,100,100364,100,99950,100,100390,100,99931,100,100453,100,99929,100,100466,100,99905,100
2019-06-28 09:40:39.007703309,100082,438,100062,100,100092,100,100049,538,100109,100,100033,200,100112,100,100002,100,100138,100,99964,100,100364,100,99957,100,100390,100,99954,100,100453,100,99950,100,100466,100,99931,100,100576,100,99929,100
2019-06-28 09:40:40.000000000,100092,538,100062,538,100109,100,100049,100,100112,100,100033,200,100138,100,100002,100,100364,100,99964,100,100390,100,99957,100,100453,100,99954,100,100466,100,99950,100,100576,100,99931,100,100733,100,99929,100
2019-06-28 09:40:45.589347819,100092,538,100062,638,100109,100,100033,200,100112,100,100002,100,100138,100,99964,100,100364,100,99957,100,100390,100,99954,100,100453,100,99950,100,100466,100,99931,100,100576,100,99929,100,100733,100,99905,100
2019-06-28 09:40:46.558127812,100092,438,100062,638,100109,100,100033,200,100112,100,100002,100,100138,100,99964,100,100364,100,99957,100,100390,100,99954,100,100453,100,99950,100,100466,100,99931,100,100576,100,99929,100,100733,100,99905,100
2019-06-28 09:40:50.000000000,100109,319,100062,419,100112,319,100033,419,100138,100,100002,100,100364,100,99964,100,100390,100,99957,100,100453,100,99954,100,100466,100,99950,100,100576,100,99931,100,100733,100,99929,100,100907,100,99905,100
2019-06-28 09:41:00.000000000,100109,319,100062,419,100112,319,100033,419,100138,100,100002,100,100364,100,99964,100,100390,100,99957,100,100453,100,99954,100,100466,100,99950,100,100576,100,99931,100,100733,100,99929,100,100907,100,99905,100
2019-06-28 09:41:06.176210883,100109,319,100062,419,100112,319,100033,419,100138,100,100002,100,100364,100,99964,100,100390,100,99957,100,100453,100,99954,100,100466,100,99950,100,100576,100,99931,100,100733,100,99929,100,100907,100,99905,100
2019-06-28 09:41:09.036267942,100109,319,100062,419,100112,319,100033,419,100138,100,100002,100,100364,100,99964,100,100390,100,99957,100,100453,100,99954,100,100466,100,99950,100,100576,100,99931,100,100733,100,99929,100,100907,100,99905,100
2019-06-28 09:41:10.000000000,100109,249,100062,349,100112,245,100033,345,100138,245,100002,245,100364,100,99964,100,100390,100,99957,100,100453,100,99954,100,100466,100,99950,100,100576,100,99931,100,100733,100,99929,100,100907,100,99905,100
2019-06-28 09:41:11.864526956,100109,149,100062,349,100112,245,100033,345,100138,245,100002,245,100364,100,99964,100,100390,100,99957,100,100453,100,99954,100,100466,100,99950,100,100576,100,99931,100,100733,100,99929,100,100907,100,99905,100
2019-06-28 09:41:13.621562256,100109,149,100062,349,100112,245,100033,345,100138,245,100002,245,100364,100,99964,100,100390,100,99957,100,100453,100,99954,100,100466,100,99950,100,100576,100,99931,100,100733,100,99929,100,100907,100,99905,100
2019-06-28 09:41:17.565562353,100109,49,100062,349,100112,245,100033,345,100138,245,100002,245,100364,100,99964,100,100390,100,99957,100,100453,100,99954,100,100466,100,99950,100,100576,100,99931,100,100733,100,99929,100,100907,100,99905,100
2019-06-28 09:41:20.000000000,100112,188,100062,288,100138,188,100033,288,100364,188,100002,188,100390,188,99964,188,100453,188,99957,188,100466,100,99954,100,100576,100,99950,100,100733,100,99931,100,100907,100,99929,100,100911,100,99905,100
2019-06-28 09:41:27.676520371,100112,188,100062,288,100138,188,100033,288,100364,188,100002,188,100390,188,99964,188,100453,188,99957,188,100466,100,99954,100,100576,100,99950,100,100733,100,99931,100,100907,100,99929,100,100911,100,99905,100
2019-06-28 09:41:30.000000000,100112,249,100062,349,100138,245,100033,345,100364,245,100002,245,100390,100,99964,100,100453,100,99957,100,100466,100,99954,100,100576,100,99950,100,100733,100,99931,100,100907,100,99929,100,100911,100,99905,100
2019-06-28 09:41:40.000000000,100112,538,100062,638,100138,100,100033,200,100364,100,100002,100,100390,100,99964,100,100453,100,99957,100,100466,100,99954,100,100576,100,99950,100,100733,100,99931,100,100907,100,99929,100,100911,100,99905,100
2019-06-28 09:41:50.000000000,100112,319,100062,419,100138,319,100033,419,100364,100,100002,100,100390,100,99964,100,100453,100,99957,100,100466,100,99954,100,100576,100,99950,100,100733,100,99931,100,100907,100,99929,100,100911,100,99905,100
2019-06-28 09:42:00.000000000,100112,188,100062,288,100138,188,100033,288,100364,188,100002,188,100390,188,99964,188,100453,188,99957,188,100466,100,99954,100,100576,100,99950,100,100733,100,99931,100,100907,100,99929,100,100911,100,99905,100
2019-06-28 09:42:10.000000000,100112,319,100062,419,100138,319,100033,419,100364,100,100002,100,100390,100,99964,100,100453,100,99957,100,100466,100,99954,100,100576,100,99950,100,100733,100,99931,100,100907,100,99929,100,100911,100,99905,100
2019-06-28 09:42:15.362904052,100112,319,100062,419,100138,319,100033,419,100364,100,100002,100,100390,100,99964,100,100453,100,99957,100,100466,100,99954,100,100576,100,99950,100,100733,100,99931,100,100826,100,99929,100,100907,100,99905,100
2019-06-28 09:42:15.849558690,100112,219,100062,419,100138,319,100033,419,100364,100,100002,100,100390,100,99964,100,100453,100,99957,100,100466,100,99954,100,100576,100,99950,100,100733,100,99931,100,100826,100,99929,100,100907,100,99905,100
2019-06-28 09:42:20.000000000,100138,188,100062,288,100364,188,100033,288,100390,188,100002,188,100453,188,99964,188,100466,188,99957,188,100576,100,99954,100,100733,100,99950,100,100826,100,99931,100,100907,100,99929,100,100911,100,99905,100
2019-06-28 09:42:30.000000000,100138,188,100062,288,100364,188,100033,288,100390,188,100002,188,100453,188,99964,188,100466,188,99957,188,100576,100,99954,100,100733,100,99950,100,100826,100,99931,100,100907,100,99929,100,100911,100,99905,100
2019-06-28 09:42:40.000000000,100138,319,100062,419,100364,319,100033,419,100390,100,100002,100,100453,100,99964,100,100466,100,99957,100,100576,100,99954,100,100733,100,99950,100,100826,100,99931,100,100907,100,99929,100,100911,100,99905,100
2019-06-28 09:42:42.793706290,100138,319,100109,100,100364,319,100062,419,100390,100,100033,419,100453,100,100002,100,100466,100,99964,100,100576,100,99957,100,100733,100,99954,100,100826,100,99950,100,100907,100,99931,100,100911,100,99929,100
2019-06-28 09:42:50.000000000,100138,249,100109,249,100364,245,100062,345,100390,245,100033,345,100453,100,100002,100,100466,100,99964,100,100576,100,99957,100,100733,100,99954,100,100826,100,99950,100,100907,100,99931,100,100911,100,99929,100
2019-06-28 09:42:50.327901921,100138,249,100109,249,100364,245,100062,345,100390,245,100033,345,100453,100,100002,100,100466,100,99964,100,100576,100,99957,100,100733,100,99954,100,100783,100,99950,100,100826,100,99931,100,100907,100,99929,100
2019-06-28 09:42:53.392737295,100138,249,100109,249,100364,245,100062,345,100390,245,100033,345,100453,100,100002,100,100466,100,99964,100,100576,100,99957,100,100733,100,99954,100,100783,100,99950,100,100810,100,99931,100,100826,100,99929,100
2019-06-28 09:43:00.000000000,100138,319,100109,319,100364,319,100062,419,100390,100,100033,200,100453,100,100002,100,100466,100,99964,100,100576,100,99957,100,100733,100,99954,100,100783,100,99950,100,100810,100,99931,100,100826,100,99929,100
2019-06-28 09:43:10.000000000,100138,210,100109,210,100364,210,100062,310,100390,210,100033,310,100453,210,100002,210,100466,100,99964,100,100576,100,99957,100,100733,100,99954,100,100783,100,99950,100,100810,100,99931,100,100826,100,99929,100
2019-06-28 09:43:13.065496416,100138,110,100109,210,100364,210,100062,310,100390,210,100033,310,100453,210,100002,210,100466,100,99964,100,100576,100,99954,100,100733,100,99950,100,100783,100,99931,100,100810,100,99929,100,100826,100,99905,100
2019-06-28 09:43:20.000000000,100364,538,100109,538,100390,100,100062,200,100453,100,100033,200,100466,100,100002,100,100576,100,99964,100,100733,100,99954,100,100783,100,99950,100,100810,100,99931,100,100826,100,99929,100,100907,100,99905,100
2019-06-28 09:43:30.000000000,100364,210,100109,210,100390,210,100062,310,100453,210,100033,310,100466,210,100002,210,100576,100,99964,100,100733,100,99954,100,100783,100,99950,100,100810,100,99931,100,100826,100,99929,100,100907,100,99905,100
2019-06-28 09:43:40.000000000,100364,210,100109,210,100390,210,100062,310,100453,210,100033,310,100466,210,100002,210,100576,100,99964,100,100733,100,99954,100,100783,100,99950,100,100810,100,99931,100,100826,100,99929,100,100907,100,99905,100
2019-06-28 09:43:45.266074649,100364,110,100109,210,100390,210,100062,310,100453,210,100033,310,100466,210,100002,210,100576,100,99964,100,100733,100,99954,100,100783,100,99950,100,100826,100,99931,100,100907,100,99929,100,100911,100,99905,100
2019-06-28 09:43:50.000000000,100390,538,100109,538,100453,100,100062,200,100466,100,100033,200,100576,100,100002,100,100733,100,99964,100,100783,100,99954,100,100826,100,99950,100,100907,100,99931,100,100911,100,99929,100,100913,100,99905,100
2019-06-28 09:44:00.000000000,100390,210,100109,210,100453,210,100062,310,100466,210,100033,310,100576,210,100002,210,100733,100,99964,100,100783,100,99954,100,100826,100,99950,100,100907,100,99931,100,100911,100,99929,100,100913,100,99905,100
2019-06-28 09:44:10.000000000,100390,249,100109,249,100453,245,100062,345,100466,245,100033,345,100576,100,100002,100,100733,100,99964,100,100783,100,99954,100,100826,100,99950,100,100907,100,99931,100,100911,100,99929,100,100913,100,99905,100
2019-06-28 09:44:14.924020097,100390,149,100109,249,100453,245,100062,345,100466,245,100033,345,100733,100,100002,100,100783,100,99964,100,100826,100,99954,100,100907,100,99950,100,100911,100,99931,100,100913,100,99929,100,101041,100,99905,100
2019-06-28 09:44:20.000000000,100453,210,100109,210,100466,210,100062,310,100733,210,100033,310,100783,210,100002,210,100826,100,99964,100,100907,100,99954,100,100911,100,99950,100,100913,100,99931,100,101041,100,99929,100,101062,100,99905,100
2019-06-28 09:44:30.000000000,100453,188,100109,188,100466,188,100062,288,100733,188,100033,288,100783,188,100002,188,100826,188,99964,188,100907,100,99954,100,100911,100,99950,100,100913,100,99931,100,101041,100,99929,100,101062,100,99905,100
2019-06-28 09:44:31.707044236,100453,188,100109,188,100466,188,100062,288,100526,100,100033,288,100733,188,100002,188,100783,188,99964,188,100826,188,99954,100,100907,100,99950,100,100911,100,99931,100,100913,100,99929,100,101062,100,99905,100
2019-06-28 09:44:33.480841372,100453,188,100364,100,100466,188,100109,188,100526,100,100062,288,100733,188,100033,288,100783,188,100002,88,100826,188,99964,188,100907,100,99954,100,100911,100,99950,100,100913,100,99931,100,101062,100,99929,100
2019-06-28 09:44:33.548086420,100453,188,100364,200,100466,188,100109,188,100526,100,100062,288,100733,188,100033,288,100783,188,100002,88,100826,188,99964,188,100907,100,99954,100,100911,100,99950,100,100913,100,99931,100,101062,100,99929,100
2019-06-28 09:44:40.000000000,100453,210,100364,310,100466,210,100109,210,100526,210,100062,310,100733,210,100033,310,100783,100,99964,100,100826,100,99954,100,100907,100,99950,100,100911,100,99931,100,100913,100,99929,100,101062,100,99905,100
2019-06-28 09:44:47.189788548,100453,210,100364,310,100463,100,100109,210,100466,210,100062,310,100526,210,100033,310,100733,210,99954,100,100783,100,99950,100,100826,100,99931,100,100907,100,99929,100,100911,100,99905,100,100913,100,99898,100
2019-06-28 09:44:50.000000000,100453,249,100364,349,100463,245,100109,245,100466,245,100062,345,100526,100,100033,200,100733,100,99954,100,100783,100,99950,100,100826,100,99931,100,100907,100,99929,100,100911,100,99905,100,100913,100,99898,100
2019-06-28 09:45:00.000000000,100453,319,100364,419,100463,319,100109,319,100466,100,100062,200,100526,100,100033,200,100733,100,99954,100,100783,100,99950,100,100826,100,99931,100,100907,100,99929,100,100911,100,99905,100,100913,100,99898,100
2019-06-28 09:45:10.000000000,100453,188,100364,288,100463,188,100109,188,100466,188,100062,288,100526,188,100033,288,100733,188,99954,188,100783,100,99950,100,100826,100,99931,100,100907,100,99929,100,100911,100,99905,100,100913,100,99898,100
2019-06-28 09:45:20.000000000,100453,188,100364,288,100463,188,100109,188,100466,188,100062,288,100526,188,100033,288,100733,188,99954,188,100783,100,99950,100,100826,100,99931,100,100907,100,99929,100,100911,100,99905,100,100913,100,99898,100
2019-06-28 09:45:20.597160436,100453,88,100364,288,100463,188,100109,188,100466,188,100062,288,100526,188,100033,288,100733,188,99954,188,100783,100,99950,100,100826,100,99931,100,100907,100,99929,100,100911,100,99905,100,100913,100,99898,100
2019-06-28 09:45:22.818011311,100453,88,100364,288,100463,188,100109,188,100466,188,100062,288,100526,188,100033,288,100547,100,99954,188,100733,188,99950,100,100826,100,99931,100,100907,100,99929,100,100911,100,99905,100,100913,100,99898,100
2019-06-28 09:45:30.000000000,100463,249,100364,349,100466,245,100109,245,100526,245,100062,345,100547,100,100033,200,100733,100,99954,100,100826,100,99950,100,100907,100,99931,100,100911,100,99929,100,100913,100,99905,100,101062,100,99898,100
2019-06-28 09:45:40.000000000,100463,249,100364,349,100466,245,100109,245,100526,245,100062,345,100547,100,100033,200,100733,100,99954,100,100826,100,99950,100,100907,100,99931,100,100911,100,99929,100,100913,100,99905,100,101062,100,99898,100
2019-06-28 09:45:48.774279636,100463,249,100364,349,100466,245,100109,245,100526,245,100062,345,100547,100,100033,200,100733,100,99954,100,100826,100,99950,100,100907,100,99931,100,100911,100,99929,100,100913,100,99905,100,101217,100,99898,100
2019-06-28 09:45:50.000000000,100463,319,100364,419,100466,319,100109,319,100526,100,100062,200,100547,100,100033,200,100733,100,99954,100,100826,100,99950,100,100907,100,99931,100,100911,100,99929,100,100913,100,99905,100,101217,100,99898,100
2019-06-28 09:45:56.811369348,100463,319,100364,319,100466,319,100109,319,100526,100,100062,200,100547,100,100033,200,100733,100,99954,100,100826,100,99950,100,100907,100,99931,100,100911,100,99929,100,100913,100,99905,100,101217,100,99681,100
2019-06-28 09:46:00.000000000,100463,210,100364,210,100466,210,100109,210,100526,210,100062,310,100547,210,100033,310,100733,100,99954,100,100826,100,99950,100,100907,100,99931,100,100911,100,99929,100,100913,100,99905,100,101217,100,99681,100
2019-06-28 09:46:10.000000000,100463,249,100364,249,100466,245,100109,245,100526,245,100062,345,100547,100,100033,200,100733,100,99954,100,100826,100,99950,100,100907,100,99931,100,100911,100,99929,100,100913,100,99905,100,101217,100,99681,100
2019-06-28 09:46:16.753844529,100463,249,100364,149,100466,245,100109,245,100526,245,100062,345,100547,100,100033,200,100733,100,99954,100,100826,100,99950,100,100907,100,99931,100,100911,100,99929,100,100913,100,99905,100,101217,100,99681,100
2019-06-28 09:46:20.000000000,100463,249,100109,249,100466,245,100062,345,100526,245,100033,345,100547,100,99954,100,100733,100,99950,100,100826,100,99931,100,100907,100,99929,100,100911,100,99905,100,100913,100,99681,100,101217,100,99535,100
2019-06-28 09:46:30.000000000,100463,538,100109,538,100466,100,100062,200,100526,100,100033,200,100547,100,99954,100,100733,100,99950,100,100826,100,99931,100,100907,100,99929,100,100911,100,99905,100,100913,100,99681,100,101217,100,99535,100
2019-06-28 09:46:40.000000000,100463,188,100109,188,100466,188,100062,288,100526,188,100033,288,100547,188,99954,188,100733,188,99950,188,100826,100,99931,100,100907,100,99929,100,100911,100,99905,100,100913,100,99681,100,101217,100,99535,100
2019-06-28 09:46:40.890293246,100463,188,100109,88,100466,188,100062,288,100526,188,100033,288,100547,188,99954,188,100733,188,99950,188,100826,100,99931,100,100907,100,99929,100,100911,100,99905,100,100913,100,99681,100,101217,100,99535,100
2019-06-28 09:46:41.387862577,100109,12,100062,288,100463,188,100033,288,100466,188,99954,188,100526,188,99950,188,100547,188,99931,100,100733,188,99929,100,100826,100,99905,100,100907,100,99681,100,100911,100,99535,100,100913,100,,
2019-06-28 09:46:44.276992687,100109,112,100062,288,100463,188,100033,288,100466,188,99954,188,100526,188,99950,188,100547,188,99931,100,100733,188,99929,100,100826,100,99905,100,100907,100,99681,100,100911,100,99535,100,100913,100,,
2019-06-28 09:46:44.295997830,100109,112,100062,188,100463,188,100033,288,100466,188,99954,188,100526,188,99950,188,100547,188,99931,100,100733,188,99929,100,100826,100,99905,100,100907,100,99681,100,100911,100,99535,100,100913,100,,
2019-06-28 09:46:50.000000000,100109,261,100062,249,100463,245,100033,345,100466,245,99954,245,100526,100,99950,100,100547,100,99931,100,100733,100,99929,100,100826,100,99905,100,100907,100,99681,100,100911,100,99535,100,100913,100,,
2019-06-28 09:46:52.456810855,100108,100,100062,249,100109,261,100033,345,100463,245,99954,245,100466,245,99950,100,100526,100,99931,100,100547,100,99929,100,100733,100,99905,100,100826,100,99681,100,100907,100,99535,100,100911,100,,
2019-06-28 09:47:00.000000000,100108,188,100062,188,100109,200,100033,288,100463,188,99954,188,100466,188,99950,188,100526,188,99931,188,100547,100,99929,100,100733,100,99905,100,100826,100,99681,100,100907,100,99535,100,100911,100,,
2019-06-28 09:47:10.000000000,100108,538,100062,538,100109,112,100033,200,100463,100,99954,100,100466,100,99950,100,100526,100,99931,100,100547,100,99929,100,100733,100,99905,100,100826,100,99681,100,100907,100,99535,100,100911,100,,
2019-06-28 09:47:20.000000000,100108,538,100062,538,100109,112,100033,200,100463,100,99954,100,100466,100,99950,100,100526,100,99931,100,100547,100,99929,100,100733,100,99905,100,100826,100,99681,100,100907,100,99535,100,100911,100,,
2019-06-28 09:47:29.651741021,100108,538,100062,438,100109,112,100033,200,100463,100,99954,100,100466,100,99950,100,100526,100,99931,100,100547,100,99929,100,100733,100,99905,100,100826,100,99681,100,100907,100,99535,100,100911,100,,
2019-06-28 09:47:30.000000000,100108,210,100033,310,100109,222,99954,210,100463,210,99950,210,100466,210,99931,210,100526,100,99929,100,100547,100,99905,100,100733,100,99681,100,100826,100,99535,100,100907,100,,,100911,100,,
2019-06-28 09:47:33.079323805,100062,100,100033,310,100108,210,99954,210,100109,222,99950,210,100463,210,99931,210,100466,210,99929,100,100526,100,99905,100,100547,100,99681,100,100733,100,99535,100,100826,100,,,100907,100,,
2019-06-28 09:47:35.562081102,100062,100,100033,210,100108,210,99954,210,100109,222,99950,210,100463,210,99931,210,100466,210,99929,100,100526,100,99905,100,100547,100,99681,100,100733,100,99535,100,100826,100,,,100907,100,,
2019-06-28 09:47:40.000000000,100062,319,100033,319,100108,319,99954,319,100109,112,99950,100,100463,100,99931,100,100466,100,99929,100,100526,100,99905,100,100547,100,99681,100,100733,100,99535,100,100826,100,,,100907,100,,
2019-06-28 09:47:50.000000000,100062,319,100033,319,100108,319,99954,319,100109,112,99950,100,100463,100,99931,100,100466,100,99929,100,100526,100,99905,100,100547,100,99681,100,100733,100,99535,100,100826,100,,,100907,100,,
2019-06-28 09:47:57.762187313,100062,319,100033,319,100108,319,99954,319,100109,112,99950,100,100463,100,99931,100,100466,100,99929,100,100526,100,99905,100,100547,100,99681,100,100826,100,99535,100,100907,100,99237,100,100911,100,,
2019-06-28 09:48:00.000000000,100062,188,100033,188,100108,188,99954,188,100109,200,99950,188,100463,188,99931,188,100466,188,99929,188,100526,100,99905,100,100547,100,99681,100,100826,100,99535,100,100907,100,99237,100,100911,100,,
2019-06-28 09:48:07.161108434,100061,100,100033,188,100062,188,99954,188,100108,188,99950,188,100109,200,99931,188,100463,188,99929,188,100466,188,99905,100,100526,100,99681,100,100547,100,99535,100,100826,100,99237,100,100907,100,,
2019-06-28 09:48:10.000000000,100061,188,100033,188,100062,188,99954,188,100108,188,99950,188,100109,200,99931,188,100463,188,99929,188,100466,100,99905,100,100526,100,99681,100,100547,100,99535,100,100826,100,99237,100,100907,100,,
2019-06-28 09:48:20.000000000,100061,210,100033,210,100062,210,99954,210,100108,210,99950,210,100109,222,99931,210,100463,100,99929,100,100466,100,99905,100,100526,100,99681,100,100547,100,99535,100,100826,100,99237,100,100907,100,,
2019-06-28 09:48:30.000000000,100061,319,100033,319,100062,319,99954,319,100108,100,99950,100,100109,112,99931,100,100463,100,99929,100,100466,100,99905,100,100526,100,99681,100,100547,100,99535,100,100826,100,99237,100,100907,100,,
2019-06-28 09:48:40.000000000,100061,249,100033,249,100062,245,99954,245,100108,245,99950,245,100109,112,99931,100,100463,100,99929,100,100466,100,99905,100,100526,100,99681,100,100547,100,99535,100,100826,100,99237,100,100907,100,,
2019-06-28 09:48:50.000000000,100061,319,100033,319,100062,319,99954,319,100108,100,99950,100,100109,112,99931,100,100463,100,99929,100,100466,100,99905,100,100526,100,99681,100,100547,100,99535,100,100826,100,99237,100,100907,100,,
2019-06-28 09:48:54.117984486,100061,319,100033,219,100062,319,99954,319,100108,100,99950,100,100109,112,99931,100,100463,100,99929,100,100466,100,99905,100,100526,100,99681,100,100547,100,99535,100,100826,100,99237,100,100907,100,,
2019-06-28 09:48:55.712733072,100061,319,100033,219,100062,319,99954,319,100108,100,99950,100,100109,12,99931,100,100463,100,99929,100,100466,100,99905,100,100526,100,99681,100,100547,100,99535,100,100826,100,99237,100,100907,100,,
2019-06-28 09:49:00.000000000,100061,319,99954,319,100062,319,99950,319,100108,100,99931,100,100109,12,99929,100,100463,100,99905,100,100466,100,99681,100,100526,100,99535,100,100547,100,99237,100,100826,100,,,100907,100,,
2019-06-28 09:49:10.000000000,100061,249,99954,249,100062,245,99950,245,100108,245,99931,245,100109,12,99929,100,100463,100,99905,100,100466,100,99681,100,100526,100,99535,100,100547,100,99237,100,100826,100,,,100907,100,,
2019-06-28 09:49:20.000000000,100061,210,99954,210,100062,210,99950,210,100108,210,99931,210,100109,122,99929,210,100463,100,99905,100,100466,100,99681,100,100526,100,99535,100,100547,100,99237,100,100826,100,,,100907,100,,
2019-06-28 09:49:30.000000000,100061,188,99954,188,100062,188,99950,188,100108,188,99931,188,100109,100,99929,188,100463,188,99905,188,100466,100,99681,100,100526,100,99535,100,100547,100,99237,100,100826,100,,,100907,100,,
2019-06-28 09:49:34.900691284,100061,188,99954,188,100062,188,99950,188,100108,188,99931,188,100109,100,99929,188,100463,188,99905,188,100466,100,99681,100,100526,100,99535,100,100547,100,99492,100,100826,100,,,100907,100,,
2019-06-28 09:49:37.745826381,100061,188,99954,188,100062,188,99950,188,100108,188,99931,188,100109,100,99929,188,100463,188,99905,188,100466,100,99681,100,100526,100,99535,100,100547,100,99492,100,100826,100,99213,100,100907,100,,
2019-06-28 09:49:40.000000000,100061,188,99954,188,100062,188,99950,188,100108,188,99931,188,100109,100,99929,188,100463,188,99905,188,100466,100,99681,100,100526,100,99535,100,100547,100,99492,100,100826,100,99213,100,100907,100,,
2019-06-28 09:49:44.712216282,100061,188,99954,188,100062,188,99950,188,100108,188,99931,188,100109,100,99929,188,100463,188,99905,188,100466,100,99681,100,100526,100,99535,100,100547,100,99492,100,100826,100,99287,100,100907,100,99213,100
2019-06-28 09:49:50.000000000,100061,319,99954,319,100062,319,99950,319,100108,100,99931,100,100109,12,99929,100,100463,100,99905,100,100466,100,99681,100,100526,100,99535,100,100547,100,99492,100,100826,100,99287,100,100907,100,99213,100
2019-06-28 09:50:00.000000000,100061,210,99954,210,100062,210,99950,210,100108,210,99931,210,100109,122,99929,210,100463,100,99905,100,100466,100,99681,100,100526,100,99535,100,100547,100,99492,100,100826,100,99287,100,100907,100,99213,100
2019-06-28 09:50:10.000000000,100061,319,99954,319,100062,319,99950,319,100108,100,99931,100,100109,12,99929,100,100463,100,99905,100,100466,100,99681,100,100526,100,99535,100,100547,100,99492,100,100826,100,99287,100,100907,100,99213,100
2019-06-28 09:50:14.260839299,100061,319,99954,119,100062,319,99950,319,100108,100,99931,100,100109,12,99929,100,100463,100,99905,100,100466,100,99681,100,100526,100,99535,100,100547,100,99492,100,100826,100,99287,100,100907,100,99213,100
2019-06-28 09:50:20.000000000,100061,188,99950,188,100062,188,99931,188,100108,188,99929,188,100109,100,99905,188,100463,188,99681,188,100466,100,99535,100,100526,100,99492,100,100547,100,99287,100,100826,100,99213,100,100907,100,,
2019-06-28 09:50:30.000000000,100061,249,99950,249,100062,245,99931,245,100108,245,99929,245,100109,12,99905,100,100463,100,99681,100,100466,100,99535,100,100526,100,99492,100,100547,100,99287,100,100826,100,99213,100,100907,100,,
2019-06-28 09:50:40.000000000,100061,210,99950,210,100062,210,99931,210,100108,210,99929,210,100109,122,99905,210,100463,100,99681,100,100466,100,99535,100,100526,100,99492,100,100547,100,99287,100,100826,100,99213,100,100907,100,,
2019-06-28 09:50:47.562419225,100061,210,99950,110,100062,210,99931,210,100108,210,99929,210,100109,122,99905,210,100463,100,99681,100,100466,100,99535,100,100526,100,99492,100,100547,100,99287,100,100907,100,99213,100,100911,100,,
2019-06-28 09:50:50.000000000,100061,249,99931,249,100062,245,99929,245,100108,245,99905,245,100109,12,99681,100,100463,100,99535,100,100466,100,99492,100,100526,100,99287,100,100547,100,99213,100,100907,100,,,100911,100,,
2019-06-28 09:50:56.991139721,100061,249,99931,149,100062,245,99929,245,100108,245,99905,245,100109,12,99681,100,100463,100,99535,100,100466,100,99492,100,100526,100,99287,100,100547,100,99213,100,100907,100,,,100911,100,,
2019-06-28 09:51:00.000000000,100061,188,99929,188,100062,188,99905,188,100108,188,99681,188,100109,100,99535,188,100463,188,99492,188,100466,100,99287,100,100526,100,99213,100,100547,100,,,100907,100,,,100911,100,,
2019-06-28 09:51:10.000000000,100061,249,99929,249,100062,245,99905,245,100108,245,99681,245,100109,12,99535,100,100463,100,99492,100,100466,100,99287,100,100526,100,99213,100,100547,100,,,100907,100,,,100911,100,,
2019-06-28 09:51:20.000000000,100061,319,99929,319,100062,319,99905,319,100108,100,99681,100,100109,12,99535,100,100463,100,99492,100,100466,100,99287,100,100526,100,99213,100,100547,100,,,100907,100,,,100911,100,,
2019-06-28 09:51:30.000000000,100061,538,99929,538,100062,100,99905,100,100108,100,99681,100,100109,12,99535,100,100463,100,99492,100,100466,100,99287,100,100526,100,99213,100,100547,100,,,100907,100,,,100911,100,,
2019-06-28 09:51:40.000000000,100061,188,99929,188,100062,188,99905,188,100108,188,99681,188,100109,100,99535,188,100463,188,99492,188,100466,100,99287,100,100526,100,99213,100,100547,100,,,100907,100,,,100911,100,,
2019-06-28 09:51:50.000000000,100061,210,99929,210,100062,210,99905,210,100108,210,99681,210,100109,122,99535,210,100463,100,99492,100,100466,100,99287,100,100526,100,99213,100,100547,100,,,100907,100,,,100911,100,,
2019-06-28 09:52:00.000000000,100061,210,99929,210,100062,210,99905,210,100108,210,99681,210,100109,122,99535,210,100463,100,99492,100,100466,100,99287,100,100526,100,99213,100,100547,100,,,100907,100,,,100911,100,,
2019-06-28 09:52:10.000000000,100061,188,99929,188,100062,188,99905,188,100108,188,99681,188,100109,100,99535,188,100463,188,99492,188,100466,100,99287,100,100526,100,99213,100,100547,100,,,100907,100,,,100911,100,,
2019-06-28 09:52:20.000000000,100061,319,99929,319,100062,319,99905,319,100108,100,99681,100,100109,12,99535,100,100463,100,99492,100,100466,100,99287,100,100526,100,99213,100,100547,100,,,100907,100,,,100911,100,,
2019-06-28 09:52:30.000000000,100061,319,99929,319,100062,319,99905,319,100108,100,99681,100,100109,12,99535,100,100463,100,99492,100,100466,100,99287,100,100526,100,99213,100,100547,100,,,100907,100,,,100911,100,,
2019-06-28 09:52:30.635858729,100061,319,99929,219,100062,319,99905,319,100108,100,99681,100,100109,12,99535,100,100463,100,99492,100,100466,100,99287,100,100526,100,,,100547,100,,,100907,100,,,100911,100,,
2019-06-28 09:52:35.524353034,99931,100,99929,219,100061,319,99905,319,100062,319,99681,100,100108,100,99535,100,100109,12,99492,100,100463,100,99287,100,100466,100,,,100526,100,,,100547,100,,,100907,100,,
2019-06-28 09:52:40.000000000,99931,188,99905,188,100061,188,99681,188,100062,188,99535,188,100108,188,99492,188,100109,100,99287,188,100463,100,,,100466,100,,,100526,100,,,100547,100,,,100907,100,,
2019-06-28 09:52:50.000000000,99931,188,99905,188,100061,188,99681,188,100062,188,99535,188,100108,188,99492,188,100109,100,99287,188,100463,100,,,100466,100,,,100526,100,,,100547,100,,,100907,100,,
2019-06-28 09:52:55.012839557,99931,188,99905,88,100061,188,99681,188,100062,188,99535,188,100108,188,99492,188,100109,100,99287,188,100463,100,,,100466,100,,,100526,100,,,100907,100,,,100911,100,,
2019-06-28 09:53:00.000000000,99931,210,99681,210,100061,210,99535,210,100062,210,99492,210,100108,210,99287,210,100109,12,,,100463,100,,,100466,100,,,100526,100,,,100907,100,,,100911,100,,
2019-06-28 09:53:10.000000000,99931,319,99681,319,100061,319,99535,319,100062,100,99492,100,100108,100,99287,100,100109,12,,,100463,100,,,100466,100,,,100526,100,,,100907,100,,,100911,100,,
2019-06-28 09:53:11.400104310,99931,319,99681,319,100061,319,99535,319,100062,100,99492,100,100108,100,99287,100,100109,12,98879,100,100463,100,,,100466,100,,,100526,100,,,100907,100,,,100911,100,,
2019-06-28 09:53:20.000000000,99931,188,99681,188,100061,188,99535,188,100062,188,99492,188,100108,188,99287,188,100109,100,98879,188,100463,100,,,100466,100,,,100526,100,,,100907,100,,,100911,100,,
2019-06-28 09:53:30.000000000,99931,319,99681,319,100061,319,99535,319,100062,100,99492,100,100108,100,99287,100,100109,12,98879,100,100463,100,,,100466,100,,,100526,100,,,100907,100,,,100911,100,,
2019-06-28 09:53:40.000000000,99931,188,99681,188,100061,188,99535,188,100062,188,99492,188,100108,188,99287,188,100109,100,98879,188,100463,100,,,100466,100,,,100526,100,,,100907,100,,,100911,100,,
2019-06-28 09:53:50.000000000,99931,538,99681,538,100061,100,99535,100,100062,100,99492,100,100108,100,99287,100,100109,12,98879,100,100463,100,,,100466,100,,,100526,100,,,100907,100,,,100911,100,,
2019-06-28 09:54:00.000000000,99931,319,99681,319,100061,319,99535,319,100062,100,99492,100,100108,100,99287,100,100109,12,98879,100,100463,100,,,100466,100,,,100526,100,,,100907,100,,,100911,100,,
2019-06-28 09:54:10.000000000,99931,210,99681,210,100061,210,99535,210,100062,210,99492,210,100108,210,99287,210,100109,12,98879,100,100463,100,,,100466,100,,,100526,100,,,100907,100,,,100911,100,,
2019-06-28 09:54:17.291786000,99929,100,99681,210,99931,210,99535,210,100061,210,99492,210,100062,110,99287,210,100108,210,98879,100,100109,12,,,100463,100,,,100466,100,,,100526,100,,,100907,100,,
2019-06-28 09:54:20.000000000,99929,188,99681,188,99931,188,99535,188,100061,188,99492,188,100108,188,99287,188,100109,100,98879,188,100463,100,,,100466,100,,,100526,100,,,100907,100,,,100911,100,,
2019-06-28 09:54:30.000000000,99929,538,99681,538,99931,100,99535,100,100061,100,99492,100,100108,100,99287,100,100109,12,98879,100,100463,100,,,100466,100,,,100526,100,,,100907,100,,,100911,100,,
2019-06-28 09:54:39.523601793,99929,538,99681,438,99931,100,99535,100,100061,100,99492,100,100108,100,99287,100,100109,12,98879,100,100463,100,,,100466,100,,,100526,100,,,100907,100,,,100911,100,,
2019-06-28 09:54:40.000000000,99929,188,99535,188,99931,188,99492,188,100061,188,99287,188,100108,188,98879,188,100109,100,98878,88,100463,100,,,100466,100,,,100526,100,,,100907,100,,,100911,100,,
2019-06-28 09:54:50.000000000,99929,319,99535,319,99931,319,99492,319,100061,100,99287,100,100108,100,98879,100,100109,12,,,100463,100,,,100466,100,,,100526,100,,,100907,100,,,100911,100,,
2019-06-28 09:55:00.000000000,99929,188,99535,188,99931,188,99492,188,100061,188,99287,188,100108,188,98879,188,100109,100,98878,88,100463,100,,,100466,100,,,100526,100,,,100907,100,,,100911,100,,
2019-06-28 09:55:04.337798345,99929,188,99543,100,99931,188,99535,188,100061,188,99492,188,100108,188,99287,188,100109,100,98879,188,100463,100,98878,88,100466,100,,,100526,100,,,100907,100,,,101217,100,,
2019-06-28 09:55:10.000000000,99929,538,99543,538,99931,100,99535,100,100061,100,99492,100,100108,100,99287,100,100109,12,98879,100,100463,100,,,100466,100,,,100526,100,,,100907,100,,,101217,100,,
2019-06-28 09:55:11.435873578,99929,538,99543,538,99931,100,99535,100,100061,100,99492,100,100108,100,99463,100,100109,12,99287,100,100463,100,98879,100,100466,100,,,100526,100,,,100907,100,,,101217,100,,
2019-06-28 09:55:15.145625696,99929,538,99543,538,99931,100,99535,100,100061,100,99500,100,100108,100,99492,100,100109,12,99463,100,100463,100,99287,100,100466,100,98879,100,100526,100,,,100907,100,,,101217,100,,
2019-06-28 09:55:20.000000000,99929,249,99543,249,99931,245,99535,245,100061,245,99500,245,100108,100,99492,100,100109,12,99463,100,100463,100,99287,100,100466,100,98879,100,100526,100,,,100907,100,,,101217,100,,
2019-06-28 09:55:30.000000000,99929,319,99543,319,99931,319,99535,319,100061,100,99500,100,100108,100,99492,100,100109,12,99463,100,100463,100,99287,100,100466,100,98879,100,100526,100,,,100907,100,,,101217,100,,
2019-06-28 09:55:40.000000000,99929,188,99543,188,99931,188,99535,188,100061,188,99500,188,100108,188,99492,188,100109,100,99463,188,100463,100,99287,100,100466,100,98879,100,100526,100,,,100907,100,,,101217,100,,
2019-06-28 09:55:50.000000000,99929,249,99543,249,99931,245,99535,245,100061,245,99500,245,100108,100,99492,100,100109,12,99463,100,100463,100,99287,100,100466,100,98879,100,100526,100,,,100907,100,,,101217,100,,
2019-06-28 09:56:00.000000000,99929,538,99543,538,99931,100,99535,100,100061,100,99500,100,100108,100,99492,100,100109,12,99463,100,100463,100,99287,100,100466,100,98879,100,100526,100,,,100907,100,,,101217,100,,
2019-06-28 09:56:05.428599851,99929,538,99682,100,99931,100,99543,538,100061,100,99535,100,100108,100,99500,100,100109,12,99492,100,100463,100,99463,100,100466,100,99287,100,100526,100,98879,100,100907,100,,,101217,100,,
2019-06-28 09:56:10.000000000,99929,538,99682,538,99931,100,99543,100,100061,100,99535,100,100108,100,99500,100,100109,12,99492,100,100463,100,99463,100,100466,100,99287,100,100526,100,98879,100,100907,100,,,101217,100,,
2019-06-28 09:56:20.000000000,99929,188,99682,188,99931,188,99543,188,100061,188,99535,188,100108,188,99500,188,100109,100,99492,188,100463,100,99463,100,100466,100,99287,100,100526,100,98879,100,100907,100,,,101217,100,,
2019-06-28 09:56:20.115835631,99929,188,99682,188,99931,188,99543,188,100061,188,99535,188,100108,188,99500,188,100109,100,99492,188,100463,100,99463,100,100466,100,99336,100,100526,100,99287,100,100907,100,98879,100,101217,100,,
2019-06-28 09:56:24.050410637,99929,188,99682,188,99931,188,99543,188,100061,188,99535,188,100108,188,99529,100,100109,100,99500,188,100463,100,99492,188,100466,100,99463,100,100526,100,99336,100,100907,100,99287,100,101217,100,98879,100
2019-06-28 09:56:30.000000000,99929,538,99682,538,99931,100,99543,100,100061,100,99535,100,100108,100,99529,100,100109,12,99500,100,100463,100,99492,100,100466,100,99463,100,100526,100,99336,100,100907,100,99287,100,101217,100,98879,100
2019-06-28 09:56:36.422204192,99929,538,99784,100,99931,100,99682,538,100061,100,99543,100,100108,100,99535,100,100109,12,99529,100,100463,100,99500,100,100466,100,99492,100,100907,100,99463,100,101217,100,99336,100,101732,100,99287,100
2019-06-28 09:56:40.000000000,99929,319,99784,319,99931,319,99682,319,100061,100,99543,100,100108,100,99535,100,100109,12,99529,100,100463,100,99500,100,100466,100,99492,100,100907,100,99463,100,101217,100,99336,100,101732,100,99287,100
2019-06-28 09:56:50.000000000,99929,249,99784,249,99931,245,99682,245,100061,245,99543,245,100108,100,99535,100,100109,12,99529,100,100463,100,99500,100,100466,100,99492,100,100907,100,99463,100,101217,100,99336,100,101732,100,99287,100
2019-06-28 09:56:50.010938513,99843,100,99784,149,99929,249,99682,245,99931,245,99543,245,100061,245,99535,100,100108,100,99529,100,100109,12,99500,100,100463,100,99492,100,100466,100,99463,100,100907,100,99336,100,101217,100,99287,100
2019-06-28 09:56:52.586329838,99843,100,99784,149,99929,249,99682,345,99931,245,99543,245,100061,245,99535,100,100109,12,99529,100,100463,100,99500,100,100466,100,99492,100,100907,100,99463,100,101217,100,99336,100,101732,100,99287,100
2019-06-28 09:57:00.000000000,99843,538,99682,638,99929,100,99543,100,99931,100,99535,100,100061,100,99529,100,100109,12,99500,100,100463,100,99492,100,100466,100,99463,100,100907,100,99336,100,101217,100,99287,100,101732,100,98879,100
2019-06-28 09:57:05.887911920,99843,538,99682,638,99929,100,99543,100,99931,100,99535,100,99985,100,99529,100,100061,100,99500,100,100109,12,99492,100,100463,100,99463,100,100466,100,99336,100,100907,100,99287,100,101217,100,98879,100
2019-06-28 09:57:10.000000000,99843,249,99682,349,99929,245,99543,245,99931,245,99535,245,99985,100,99529,100,100061,100,99500,100,100109,12,99492,100,100463,100,99463,100,100466,100,99336,100,100907,100,99287,100,101217,100,98879,100
2019-06-28 09:57:15.506092389,99748,100,99682,349,99843,249,99543,245,99929,245,99535,245,99931,245,99529,100,99985,100,99500,100,100061,100,99492,100,100109,12,99463,100,100463,100,99336,100,100466,100,99287,100,100907,100,98879,100
2019-06-28 09:57:16.447923553,99748,100,99682,349,99843,249,99543,245,99905,100,99535,245,99929,245,99529,100,99931,245,99500,100,99985,100,99492,100,100061,100,99463,100,100109,12,99336,100,100463,100,99287,100,100466,100,98879,100
2019-06-28 09:57:17.539554506,99711,100,99682,349,99748,100,99543,245,99843,249,99535,245,99905,100,99529,100,99929,245,99500,100,99931,245,99492,100,99985,100,99463,100,100061,100,99336,100,100109,12,99287,100,100463,100,98879,100
2019-06-28 09:57:20.000000000,99711,188,99682,288,99748,188,99543,188,99843,188,99535,188,99905,188,99529,188,99929,188,99500,188,99931,100,99492,100,99985,100,99463,100,100061,100,99336,100,100109,12,99287,100,100463,100,98879,100
2019-06-28 09:57:30.000000000,99711,210,99682,310,99748,210,99543,210,99843,210,99535,210,99905,210,99529,210,99929,100,99500,100,99931,100,99492,100,99985,100,99463,100,100061,100,99336,100,100109,12,99287,100,100463,100,98879,100
2019-06-28 09:57:40.000000000,99711,319,99682,419,99748,319,99543,319,99843,100,99535,100,99905,100,99529,100,99929,100,99500,100,99931,100,99492,100,99985,100,99463,100,100061,100,99336,100,100109,12,99287,100,100463,100,98879,100
2019-06-28 09:57:50.000000000,99711,538,99682,638,99748,100,99543,100,99843,100,99535,100,99905,100,99529,100,99929,100,99500,100,99931,100,99492,100,99985,100,99463,100,100061,100,99336,100,100109,12,99287,100,100463,100,98879,100
2019-06-28 09:58:00.000000000,99711,538,99682,638,99748,100,99543,100,99843,100,99535,100,99905,100,99529,100,99929,100,99500,100,99931,100,99492,100,99985,100,99463,100,100061,100,99336,100,100109,12,99287,100,100463,100,98879,100
2019-06-28 09:58:10.000000000,99711,249,99682,349,99748,245,99543,245,99843,245,99535,245,99905,100,99529,100,99929,100,99500,100,99931,100,99492,100,99985,100,99463,100,100061,100,99336,100,100109,12,99287,100,100463,100,98879,100
2019-06-28 09:58:16.718091454,99711,249,99682,349,99748,245,99543,245,99843,245,99535,245,99905,100,99529,100,99929,100,99500,100,99931,100,99492,100,99985,100,99463,100,100061,100,99336,100,100109,12,99287,100,100463,100,98905,100
2019-06-28 09:58:20.000000000,99711,188,99682,288,99748,188,99543,188,99843,188,99535,188,99905,188,99529,188,99929,188,99500,188,99931,100,99492,100,99985,100,99463,100,100061,100,99336,100,100109,12,99287,100,100463,100,98905,100
2019-06-28 09:58:30.000000000,99711,319,99682,419,99748,319,99543,319,99843,100,99535,100,99905,100,99529,100,99929,100,99500,100,99931,100,99492,100,99985,100,99463,100,100061,100,99336,100,100109,12,99287,100,100463,100,98905,100
2019-06-28 09:58:30.172503707,99711,319,99682,419,99748,319,99543,319,99843,100,99535,100,99905,100,99529,100,99929,100,99492,100,99931,100,99463,100,99985,100,99336,100,100061,100,99287,100,100109,12,99045,100,100463,100,98905,100
2019-06-28 09:58:40.000000000,99711,210,99682,310,99748,210,99543,210,99843,210,99535,210,99905,210,99529,210,99929,100,99492,100,99931,100,99463,100,99985,100,99336,100,100061,100,99287,100,100109,12,99045,100,100463,100,98905,100
2019-06-28 09:58:50.000000000,99711,538,99682,638,99748,100,99543,100,99843,100,99535,100,99905,100,99529,100,99929,100,99492,100,99931,100,99463,100,99985,100,99336,100,100061,100,99287,100,100109,12,99045,100,100463,100,98905,100
2019-06-28 09:59:00.000000000,99711,249,99682,349,99748,245,99543,245,99843,245,99535,245,99905,100,99529,100,99929,100,99492,100,99931,100,99463,100,99985,100,99336,100,100061,100,99287,100,100109,12,99045,100,100463,100,98905,100
2019-06-28 09:59:10.000000000,99711,210,99682,310,99748,210,99543,210,99843,210,99535,210,99905,210,99529,210,99929,100,99492,100,99931,100,99463,100,99985,100,99336,100,100061,100,99287,100,100109,12,99045,100,100463,100,98905,100
2019-06-28 09:59:20.000000000,99711,188,99682,288,99748,188,99543,188,99843,188,99535,188,99905,188,99529,188,99929,188,99492,188,99931,100,99463,100,99985,100,99336,100,100061,100,99287,100,100109,12,99045,100,100463,100,98905,100
2019-06-28 09:59:30.000000000,99711,319,99682,419,99748,319,99543,319,99843,100,99535,100,99905,100,99529,100,99929,100,99492,100,99931,100,99463,100,99985,100,99336,100,100061,100,99287,100,100109,12,99045,100,100463,100,98905,100
2019-06-28 09:59:33.358307042,99711,319,99682,419,99748,319,99543,319,99843,100,99535,100,99905,100,99529,100,99929,100,99492,100,99931,100,99463,100,99985,100,99359,100,100061,100,99336,100,100109,12,99287,100,100463,100,99045,100
2019-06-28 09:59:33.380186278,99711,319,99682,419,99748,319,99543,319,99843,100,99535,100,99905,100,99529,100,99929,100,99492,100,99931,100,99463,100,99985,100,99359,100,100061,100,99336,100,100109,12,99287,100,100463,100,99284,100
2019-06-28 09:59:40.000000000,99711,249,99682,349,99748,245,99543,245,99843,245,99535,245,99905,100,99529,100,99929,100,99492,100,99931,100,99463,100,99985,100,99359,100,100061,100,99336,100,100109,12,99287,100,100463,100,99284,100
2019-06-28 09:59:50.000000000,99711,188,99682,288,99748,188,99543,188,99843,188,99535,188,99905,188,99529,188,99929,188,99492,188,99931,100,99463,100,99985,100,99359,100,100061,100,99336,100,100109,12,99287,100,100463,100,99284,100
2019-06-28 10:00:00.000000000,99711,319,99682,419,99748,319,99543,319,99843,100,99535,100,99905,100,99529,100,99929,100,99492,100,99931,100,99463,100,99985,100,99359,100,100061,100,99336,100,100109,12,99287,100,100463,100,99284,100
2019-06-28 10:00:10.000000000,99711,249,99682,349,99748,245,99543,245,99843,245,99535,245,99905,100,99529,100,99929,100,99492,100,99931,100,99463,100,99985,100,99359,100,100061,100,99336,100,100109,12,99287,100,100463,100,99284,100
2019-06-28 10:00:20.000000000,99711,538,99682,638,99748,100,99543,100,99843,100,99535,100,99905,100,99529,100,99929,100,99492,100,99931,100,99463,100,99985,100,99359,100,100061,100,99336,100,100109,12,99287,100,100463,100,99284,100
2019-06-28 10:00:29.293920834,99711,438,99682,638,99748,100,99543,100,99843,100,99535,100,99905,100,99529,100,99931,100,99492,100,99985,100,99463,100,100061,100,99359,100,100109,12,99336,100,100463,100,99287,100,100466,100,99284,100
2019-06-28 10:00:30.000000000,99748,538,99682,638,99843,100,99543,100,99905,100,99535,100,99931,100,99529,100,99985,100,99492,100,100061,100,99463,100,100109,12,99359,100,100463,100,99336,100,100466,100,99287,100,100907,100,99284,100
2019-06-28 10:00:40.000000000,99748,319,99682,419,99843,319,99543,319,99905,100,99535,100,99931,100,99529,100,99985,100,99492,100,100061,100,99463,100,100109,12,99359,100,100463,100,99336,100,100466,100,99287,100,100907,100,99284,100
2019-06-28 10:00:41.933223862,99748,319,99711,100,99843,319,99682,419,99905,100,99543,319,99931,100,99535,100,99985,100,99529,100,100061,100,99492,100,100109,12,99463,100,100463,100,99359,100,100466,100,99336,100,100907,100,99287,100
2019-06-28 10:00:43.728107197,99748,219,99711,100,99843,319,99682,419,99905,100,99543,319,99931,100,99535,100,99985,100,99529,100,100061,100,99492,100,100109,12,99463,100,100463,100,99359,100,100466,100,99336,100,100907,100,99287,100
2019-06-28 10:00:50.000000000,99843,210,99711,210,99905,210,99682,310,99931,210,99543,210,99985,210,99535,210,100061,100,99529,100,100109,12,99492,100,100463,100,99463,100,100466,100,99359,100,100907,100,99336,100,101217,100,99287,100
2019-06-28 10:01:00.000000000,99843,249,99711,249,99905,245,99682,345,99931,245,99543,245,99985,100,99535,100,100061,100,99529,100,100109,12,99492,100,100463,100,99463,100,100466,100,99359,100,100907,100,99336,100,101217,100,99287,100
2019-06-28 10:01:10.000000000,99843,249,99711,249,99905,245,99682,345,99931,245,99543,245,99985,100,99535,100,100061,100,99529,100,100109,12,99492,100,100463,100,99463,100,100466,100,99359,100,100907,100,99336,100,101217,100,99287,100
2019-06-28 10:01:20.000000000,99843,188,99711,188,99905,188,99682,288,99931,188,99543,188,99985,188,99535,188,100061,188,99529,188,100109,12,99492,100,100463,100,99463,100,100466,100,99359,100,100907,100,99336,100,101217,100,99287,100
2019-06-28 10:01:20.078101532,99843,188,99711,188,99905,188,99682,288,99931,188,99543,188,99945,100,99535,88,99985,188,99529,188,100061,188,99492,100,100109,12,99463,100,100463,100,99359,100,100466,100,99336,100,100907,100,99287,100
2019-06-28 10:01:30.000000000,99843,188,99711,188,99905,188,99682,288,99931,188,99543,188,99945,188,99529,188,99985,188,99492,188,100061,100,99463,100,100109,12,99359,100,100463,100,99336,100,100466,100,99287,100,100907,100,99284,100
2019-06-28 10:01:36.418548381,99843,188,99711,188,99905,188,99689,100,99931,188,99682,288,99945,188,99543,188,99985,188,99529,188,100061,100,99492,188,100109,12,99463,100,100463,100,99359,100,100466,100,99336,100,100907,100,99287,100
2019-06-28 10:01:36.542425773,99843,188,99830,100,99905,188,99711,188,99931,188,99689,100,99945,188,99682,288,99985,188,99543,188,100061,100,99529,188,100109,12,99492,188,100463,100,99463,100,100466,100,99359,100,100907,100,99336,100
2019-06-28 10:01:40.000000000,99843,249,99830,249,99905,245,99711,245,99931,245,99689,245,99945,100,99682,200,99985,100,99543,100,100061,100,99529,100,100109,12,99492,100,100463,100,99463,100,100466,100,99359,100,100907,100,99336,100
2019-06-28 10:01:50.000000000,99843,210,99830,210,99905,210,99711,210,99931,210,99689,210,99945,210,99682,310,99985,100,99543,100,100061,100,99529,100,100109,12,99492,100,100463,100,99463,100,100466,100,99359,100,100907,100,99336,100
2019-06-28 10:01:52.206931668,99843,210,99830,210,99905,210,99712,100,99931,210,99711,210,99945,210,99689,210,99985,100,99682,310,100061,100,99543,100,100109,12,99529,100,100463,100,99492,100,100466,100,99463,100,100907,100,99359,100
2019-06-28 10:02:00.000000000,99843,538,99830,538,99905,100,99712,100,99931,100,99711,100,99945,100,99689,100,99985,100,99682,200,100061,100,99543,100,100109,12,99529,100,100463,100,99492,100,100466,100,99463,100,100907,100,99359,100
2019-06-28 10:02:07.088748234,99843,438,99830,538,99905,100,99712,100,99931,100,99711,100,99945,100,99689,100,99985,100,99682,200,100061,100,99543,100,100109,12,99529,100,100463,100,99492,100,100466,100,99463,100,100907,100,99359,100
2019-06-28 10:02:10.000000000,99905,188,99830,188,99931,188,99712,188,99945,188,99711,188,99985,188,99689,188,100061,188,99682,288,100109,12,99543,100,100463,100,99529,100,100466,100,99492,100,100907,100,99463,100,101217,100,99359,100
2019-06-28 10:02:11.826671765,99905,88,99830,188,99931,188,99712,188,99945,188,99711,188,99985,188,99689,188,100061,188,99682,288,100109,12,99543,100,100463,100,99529,100,100466,100,99492,100,100907,100,99463,100,101217,100,99359,100
2019-06-28 10:02:20.000000000,99931,319,99830,319,99945,319,99712,319,99985,100,99711,100,100061,100,99689,100,100109,12,99682,200,100463,100,99543,100,100466,100,99529,100,100907,100,99492,100,101217,100,99463,100,101732,100,99359,100
2019-06-28 10:02:30.000000000,99931,210,99830,210,99945,210,99712,210,99985,210,99711,210,100061,210,99689,210,100109,12,99682,200,100463,100,99543,100,100466,100,99529,100,100907,100,99492,100,101217,100,99463,100,101732,100,99359,100
2019-06-28 10:02:40.000000000,99931,210,99830,210,99945,210,99712,210,99985,210,99711,210,100061,210,99689,210,100109,12,99682,200,100463,100,99543,100,100466,100,99529,100,100907,100,99492,100,101217,100,99463,100,101732,100,99359,100
2019-06-28 10:02:43.120273304,99931,210,99830,210,99945,210,99712,210,99985,210,99711,210,100061,210,99689,210,100109,12,99682,200,100397,100,99543,100,100463,100,99529,100,100466,100,99492,100,100907,100,99463,100,101217,100,99359,100
2019-06-28 10:02:50.000000000,99931,319,99830,319,99945,319,99712,319,99985,100,99711,100,100061,100,99689,100,100109,12,99682,200,100397,100,99543,100,100463,100,99529,100,100466,100,99492,100,100907,100,99463,100,101217,100,99359,100
2019-06-28 10:03:00.000000000,99931,319,99830,319,99945,319,99712,319,99985,100,99711,100,100061,100,99689,100,100109,12,99682,200,100397,100,99543,100,100463,100,99529,100,100466,100,99492,100,100907,100,99463,100,101217,100,99359,100
2019-06-28 10:03:10.000000000,99931,538,99830,538,99945,100,99712,100,99985,100,99711,100,100061,100,99689,100,100109,12,99682,200,100397,100,99543,100,100463,100,99529,100,100466,100,99492,100,100907,100,99463,100,101217,100,99359,100
2019-06-28 10:03:19.993931480,99931,538,99830,538,99945,100,99712,100,99985,100,99711,100,100061,100,99689,100,100109,12,99682,200,100397,100,99543,100,100463,100,99529,100,100466,100,99492,100,100544,100,99463,100,100907,100,99359,100
2019-06-28 10:03:20.000000000,99931,319,99830,319,99945,319,99712,319,99985,100,99711,100,100061,100,99689,100,100109,12,99682,200,100397,100,99543,100,100463,100,99529,100,100466,100,99492,100,100544,100,99463,100,100907,100,99359,100
2019-06-28 10:03:30.000000000,99931,210,99830,210,99945,210,99712,210,99985,210,99711,210,100061,210,99689,210,100109,12,99682,200,100397,100,99543,100,100463,100,99529,100,100466,100,99492,100,100544,100,99463,100,100907,100,99359,100
2019-06-28 10:03:36.424858047,99931,210,99830,210,99945,210,99712,210,99985,210,99711,210,100061,210,99689,210,100109,12,99682,200,100397,100,99543,100,100463,100,99529,100,100466,100,99492,100,100479,100,99463,100,100544,100,99359,100
2019-06-28 10:03:40.000000000,99931,210,99830,210,99945,210,99712,210,99985,210,99711,210,100061,210,99689,210,100109,12,99682,200,100397,100,99543,100,100463,100,99529,100,100466,100,99492,100,100479,100,99463,100,100544,100,99359,100
2019-06-28 10:03:50.000000000,99931,319,99830,319,99945,319,99712,319,99985,100,99711,100,100061,100,99689,100,100109,12,99682,200,100397,100,99543,100,100463,100,99529,100,100466,100,99492,100,100479,100,99463,100,100544,100,99359,100
2019-06-28 10:03:52.544560999,99931,319,99830,319,99945,319,99712,319,99985,100,99711,100,100061,100,99689,100,100109,12,99682,200,100397,100,99543,100,100463,100,99529,100,100479,100,99492,100,100513,100,99463,100,100544,100,99359,100
2019-06-28 10:03:56.602175274,99931,219,99830,319,99945,319,99712,319,99985,100,99711,100,100061,100,99689,100,100397,100,99682,200,100463,100,99543,100,100479,100,99529,100,100513,100,99492,100,100544,100,99463,100,100907,100,99359,100
2019-06-28 10:03:59.143958070,99931,119,99830,219,99945,319,99712,319,99985,100,99711,100,100061,100,99689,100,100397,100,99682,200,100463,100,99543,100,100479,100,99529,100,100513,100,99492,100,100544,100,99463,100,100907,100,99359,100
2019-06-28 10:04:00.000000000,99945,319,99712,319,99985,319,99711,319,100061,100,99689,100,100397,100,99682,200,100463,100,99543,100,100479,100,99529,100,100513,100,99492,100,100544,100,99463,100,100907,100,99359,100,101217,100,99336,100
2019-06-28 10:04:01.450214402,99945,219,99712,319,99985,319,99711,319,100061,100,99689,100,100397,100,99682,200,100479,100,99543,100,100513,100,99529,100,100544,100,99492,100,100907,100,99463,100,101217,100,99359,100,101732,100,99336,100
2019-06-28 10:04:04.014542653,99945,119,99712,319,99985,319,99711,319,100061,100,99689,100,100397,100,99682,200,100479,100,99543,100,100513,100,99529,100,100544,100,99492,100,100907,100,99463,100,101217,100,99359,100,101732,100,99336,100
2019-06-28 10:04:05.228386628,99945,19,99712,319,99985,319,99711,319,100061,100,99689,100,100397,100,99682,200,100479,100,99543,100,100513,100,99529,100,100544,100,99492,100,100907,100,99463,100,101217,100,99359,100,101732,100,99336,100
2019-06-28 10:04:10.000000000,99985,249,99712,249,100061,245,99711,245,100397,245,99689,245,100479,100,99682,200,100513,100,99543,100,100544,100,99529,100,100907,100,99492,100,101217,100,99463,100,101732,100,99359,100,,,99336,100
2019-06-28 10:04:14.773625089,99985,249,99945,100,100061,245,99712,249,100397,245,99711,245,100479,100,99689,245,100513,100,99682,200,100544,100,99543,100,100907,100,99529,100,101217,100,99492,100,101732,100,99463,100,,,99359,100
2019-06-28 10:04:20.000000000,99985,538,99945,538,100061,100,99712,100,100397,100,99711,100,100479,100,99689,100,100513,100,99682,200,100544,100,99543,100,100907,100,99529,100,101217,100,99492,100,101732,100,99463,100,,,99359,100
2019-06-28 10:04:22.503891536,99985,438,99945,538,100061,100,99712,100,100397,100,99711,100,100479,100,99689,100,100513,100,99682,200,100544,100,99543,100,100907,100,99529,100,101217,100,99492,100,101732,100,99463,100,,,99336,100
2019-06-28 10:04:30.000000000,100061,188,99945,188,100397,188,99712,188,100479,188,99711,188,100513,188,99689,188,100544,188,99682,288,100907,100,99543,100,101217,100,99529,100,101732,100,99492,100,,,99463,100,,,99336,100
2019-06-28 10:04:40.000000000,100061,319,99945,319,100397,319,99712,319,100479,100,99711,100,100513,100,99689,100,100544,100,99682,200,100907,100,99543,100,101217,100,99529,100,101732,100,99492,100,,,99463,100,,,99336,100
2019-06-28 10:04:50.000000000,100061,249,99945,249,100397,245,99712,245,100479,245,99711,245,100513,100,99689,100,100544,100,99682,200,100907,100,99543,100,101217,100,99529,100,101732,100,99492,100,,,99463,100,,,99336,100
2019-06-28 10:05:00.000000000,100061,188,99945,188,100397,188,99712,188,100479,188,99711,188,100513,188,99689,188,100544,188,99682,288,100907,100,99543,100,101217,100,99529,100,101732,100,99492,100,,,99463,100,,,99336,100
2019-06-28 10:05:10.000000000,100061,538,99945,538,100397,100,99712,100,100479,100,99711,100,100513,100,99689,100,100544,100,99682,200,100907,100,99543,100,101217,100,99529,100,101732,100,99492,100,,,99463,100,,,99336,100
2019-06-28 10:05:10.347895253,100061,438,99945,538,100397,100,99712,100,100479,100,99711,100,100513,100,99689,100,100544,100,99682,200,100907,100,99529,100,101217,100,99492,100,101732,100,99463,100,,,99336,100,,,99287,100
2019-06-28 10:05:10.794292908,100061,438,99985,100,100397,100,99945,538,100479,100,99712,100,100513,100,99711,100,100544,100,99689,100,100907,100,99682,200,101217,100,99529,100,101732,100,99492,100,,,99463,100,,,99336,100
2019-06-28 10:05:20.000000000,100397,538,99985,538,100479,100,99945,100,100513,100,99712,100,100544,100,99711,100,100907,100,99689,100,101217,100,99682,200,101732,100,99529,100,,,99492,100,,,99463,100,,,99336,100
2019-06-28 10:05:22.805448832,100397,538,99985,638,100479,100,99945,100,100513,100,99712,100,100544,100,99711,100,100907,100,99689,100,101217,100,99682,200,101732,100,99529,100,,,99492,100,,,99463,100,,,99336,100
2019-06-28 10:05:30.000000000,100397,538,99985,638,100479,100,99945,100,100513,100,99712,100,100544,100,99711,100,100907,100,99689,100,101217,100,99682,200,101732,100,99529,100,,,99492,100,,,99463,100,,,99336,100
2019-06-28 10:05:39.223179057,100397,538,99985,638,100479,100,99945,100,100513,100,99712,100,100544,100,99711,100,100613,100,99689,100,100907,100,99682,200,101217,100,99529,100,101732,100,99492,100,,,99463,100,,,99336,100
2019-06-28 10:05:40.000000000,100397,188,99985,288,100479,188,99945,188,100513,188,99712,188,100544,188,99711,188,100613,188,99689,188,100907,100,99682,200,101217,100,99529,100,101732,100,99492,100,,,99463,100,,,99336,100
2019-06-28 10:05:50.000000000,100397,538,99985,638,100479,100,99945,100,100513,100,99712,100,100544,100,99711,100,100613,100,99689,100,100907,100,99682,200,101217,100,99529,100,101732,100,99492,100,,,99463,100,,,99336,100
2019-06-28 10:05:50.601338947,100397,538,99985,638,100479,100,99945,100,100513,100,99712,100,100544,100,99711,100,100613,100,99689,100,100713,100,99682,200,100907,100,99529,100,101217,100,99492,100,101732,100,99463,100,,,99336,100
2019-06-28 10:06:00.000000000,100397,249,99985,349,100479,245,99945,245,100513,245,99712,245,100544,100,99711,100,100613,100,99689,100,100713,100,99682,200,100907,100,99529,100,101217,100,99492,100,101732,100,99463,100,,,99336,100
2019-06-28 10:06:10.000000000,100397,538,99985,638,100479,100,99945,100,100513,100,99712,100,100544,100,99711,100,100613,100,99689,100,100713,100,99682,200,100907,100,99529,100,101217,100,99492,100,101732,100,99463,100,,,99336,100
2019-06-28 10:06:20.000000000,100397,319,99985,419,100479,319,99945,319,100513,100,99712,100,100544,100,99711,100,100613,100,99689,100,100713,100,99682,200,100907,100,99529,100,101217,100,99492,100,101732,100,99463,100,,,99336,100
2019-06-28 10:06:30.000000000,100397,188,99985,288,100479,188,99945,188,100513,188,99712,188,100544,188,99711,188,100613,188,99689,188,100713,100,99682,200,100907,100,99529,100,101217,100,99492,100,101732,100,99463,100,,,99336,100
2019-06-28 10:06:40.000000000,100397,319,99985,419,100479,319,99945,319,100513,100,99712,100,100544,100,99711,100,100613,100,99689,100,100713,100,99682,200,100907,100,99529,100,101217,100,99492,100,101732,100,99463,100,,,99336,100
2019-06-28 10:06:41.031375135,100397,319,99985,419,100479,319,99945,319,100513,100,99712,100,100544,100,99711,100,100613,100,99682,200,100713,100,99529,100,100907,100,99492,100,100996,100,99463,100,101217,100,99336,100,101732,100,99287,100
2019-06-28 10:06:49.943340042,100397,219,99985,419,100479,319,99945,319,100544,100,99712,100,100613,100,99711,100,100713,100,99682,200,100907,100,99529,100,100996,100,99492,100,101217,100,99463,100,101732,100,99336,100,,,99287,100
2019-06-28 10:06:50.000000000,100479,188,99985,288,100544,188,99945,188,100613,188,99712,188,100713,188,99711,188,100907,188,99682,288,100996,100,99529,100,101217,100,99492,100,101732,100,99463,100,,,99336,100,,,99287,100
2019-06-28 10:07:00.000000000,100479,210,99985,310,100544,210,99945,210,100613,210,99712,210,100713,210,99711,210,100907,100,99682,200,100996,100,99529,100,101217,100,99492,100,101732,100,99463,100,,,99336,100,,,99287,100
2019-06-28 10:07:01.305345089,100479,210,99985,310,100544,210,99945,210,100613,210,99712,210,100713,110,99711,210,100907,100,99682,200,100996,100,99529,100,101217,100,99492,100,101233,100,99463,100,101732,100,99336,100,,,99287,100
2019-06-28 10:07:10.000000000,100479,188,99985,288,100544,188,99945,188,100613,188,99712,188,100907,188,99711,188,100996,188,99682,288,101217,100,99529,100,101233,100,99492,100,101732,100,99463,100,,,99336,100,,,99287,100
2019-06-28 10:07:20.000000000,100479,319,99985,419,100544,319,99945,319,100613,100,99712,100,100907,100,99711,100,100996,100,99682,200,101217,100,99529,100,101233,100,99492,100,101732,100,99463,100,,,99336,100,,,99287,100
2019-06-28 10:07:27.060771714,100479,319,100061,100,100544,319,99985,419,100613,100,99945,319,100907,100,99712,100,100996,100,99711,100,101217,100,99682,200,101233,100,99529,100,101732,100,99492,100,,,99463,100,,,99336,100
2019-06-28 10:07:30.000000000,100479,538,100061,538,100544,100,99985,200,100613,100,99945,100,100907,100,99712,100,100996,100,99711,100,101217,100,99682,200,101233,100,99529,100,101732,100,99492,100,,,99463,100,,,99336,100
2019-06-28 10:07:30.306041629,100479,438,100061,538,100544,100,99985,200,100613,100,99945,100,100848,100,99712,100,100907,100,99711,100,100996,100,99682,200,101217,100,99529,100,101233,100,99492,100,101732,100,99463,100,,,99336,100
2019-06-28 10:07:30.670658946,100479,338,100061,538,100544,100,99985,200,100613,100,99945,100,100848,100,99712,100,100907,100,99711,100,100996,100,99682,200,101217,100,99529,100,101233,100,99492,100,101732,100,99463,100,,,99336,100
2019-06-28 10:07:40.000000000,100544,538,100061,538,100613,100,99985,200,100848,100,99945,100,100907,100,99712,100,100996,100,99711,100,101217,100,99682,200,101233,100,99529,100,101732,100,99492,100,,,99463,100,,,99336,100
2019-06-28 10:07:45.518913267,100544,538,100397,100,100613,100,100061,538,100848,100,99985,100,100907,100,99945,100,100996,100,99712,100,101217,100,99711,100,101233,100,99682,200,101732,100,99529,100,,,99492,100,,,99463,100
2019-06-28 10:07:45.807752106,100544,538,100397,200,100613,100,100061,538,100848,100,99985,100,100907,100,99945,100,100996,100,99712,100,101217,100,99711,100,101233,100,99682,200,101732,100,99529,100,,,99492,100,,,99463,100
2019-06-28 10:07:50.000000000,100544,210,100397,310,100613,210,100061,210,100848,210,99985,210,100907,210,99945,210,100996,100,99712,100,101217,100,99711,100,101233,100,99682,200,101732,100,99529,100,,,99492,100,,,99463,100
2019-06-28 10:08:00.000000000,100544,319,100397,419,100613,319,100061,319,100848,100,99985,100,100907,100,99945,100,100996,100,99712,100,101217,100,99711,100,101233,100,99682,200,101732,100,99529,100,,,99492,100,,,99463,100
2019-06-28 10:08:10.000000000,100544,319,100397,419,100613,319,100061,319,100848,100,99985,100,100907,100,99945,100,100996,100,99712,100,101217,100,99711,100,101233,100,99682,200,101732,100,99529,100,,,99492,100,,,99463,100
2019-06-28 10:08:20.000000000,100544,210,100397,310,100613,210,100061,210,100848,210,99985,210,100907,210,99945,210,100996,100,99712,100,101217,100,99711,100,101233,100,99682,200,101732,100,99529,100,,,99492,100,,,99463,100
2019-06-28 10:08:30.000000000,100544,319,100397,419,100613,319,100061,319,100848,100,99985,100,100907,100,99945,100,100996,100,99712,100,101217,100,99711,100,101233,100,99682,200,101732,100,99529,100,,,99492,100,,,99463,100
2019-06-28 10:08:40.000000000,100544,538,100397,638,100613,100,100061,100,100848,100,99985,100,100907,100,99945,100,100996,100,99712,100,101217,100,99711,100,101233,100,99682,200,101732,100,99529,100,,,99492,100,,,99463,100
2019-06-28 10:08:45.389162767,100544,438,100397,638,100613,100,100061,100,100848,100,99985,100,100907,100,99945,100,100996,100,99712,100,101217,100,99711,100,101233,100,99682,200,101732,100,99529,100,,,99492,100,,,99463,100
2019-06-28 10:08:50.000000000,100613,249,100397,349,100848,245,100061,245,100907,245,99985,245,100996,100,99945,100,101217,100,99712,100,101233,100,99711,100,101732,100,99682,200,,,99529,100,,,99492,100,,,99463,100
2019-06-28 10:08:59.185739719,100613,249,100397,349,100848,245,100061,245,100867,100,99985,245,100907,245,99945,100,100996,100,99712,100,101217,100,99711,100,101233,100,99682,200,101732,100,99529,100,,,99492,100,,,99463,100
2019-06-28 10:09:00.000000000,100613,210,100397,310,100848,210,100061,210,100867,210,99985,210,100907,210,99945,210,100996,100,99712,100,101217,100,99711,100,101233,100,99682,200,101732,100,99529,100,,,99492,100,,,99463,100
2019-06-28 10:09:10.000000000,100613,188,100397,288,100848,188,100061,188,100867,188,99985,188,100907,188,99945,188,100996,188,99712,188,101217,100,99711,100,101233,100,99682,200,101732,100,99529,100,,,99492,100,,,99463,100
2019-06-28 10:09:20.000000000,100613,538,100397,638,100848,100,100061,100,100867,100,99985,100,100907,100,99945,100,100996,100,99712,100,101217,100,99711,100,101233,100,99682,200,101732,100,99529,100,,,99492,100,,,99463,100
2019-06-28 10:09:28.668335096,100613,438,100397,638,100848,100,100061,100,100867,100,99985,100,100907,100,99945,100,100996,100,99712,100,101217,100,99711,100,101233,100,99682,200,101732,100,99529,100,,,99492,100,,,99463,100
2019-06-28 10:09:30.000000000,100848,188,100397,288,100867,188,100061,188,100907,188,99985,188,100996,188,99945,188,101217,188,99712,188,101233,100,99711,100,101732,100,99682,200,,,99529,100,,,99492,100,,,99463,100
