,ask_price_1,ask_size_1,bid_price_1,bid_size_1,ask_price_2,ask_size_2,bid_price_2,bid_size_2,ask_price_3,ask_size_3,bid_price_3,bid_size_3,ask_price_4,ask_size_4,bid_price_4,bid_size_4,ask_price_5,ask_size_5,bid_price_5,bid_size_5,ask_price_6,ask_size_6,bid_price_6,bid_size_6,ask_price_7,ask_size_7,bid_price_7,bid_size_7,ask_price_8,ask_size_8,bid_price_8,bid_size_8,ask_price_9,ask_size_9,bid_price_9,bid_size_9,ask_price_10,ask_size_10,bid_price_10,bid_size_10
2019-06-28 09:30:00.000000001,100031,100,,,,,,,,,,,,,,,,,,,,,,,,,,,,,,,,,,,,,,
2019-06-28 09:30:00.000000002,99997,100,,,100031,100,,,100038,100,,,100140,100,,,,,,,,,,,,,,,,,,,,,,,,,,
2019-06-28 09:30:00.000000003,99997,100,99977,100,100031,100,,,100038,100,,,100140,100,,,,,,,,,,,,,,,,,,,,,,,,,,
2019-06-28 09:30:00.000000004,99997,100,99977,100,100031,100,,,100038,100,,,100053,100,,,100064,100,,,100140,100,,,,,,,,,,,,,,,,,,
2019-06-28 09:30:00.000000005,100031,100,99977,100,100038,100,,,100053,100,,,100064,100,,,100099,100,,,100140,100,,,,,,,,,,,,,,,,,,
2019-06-28 09:30:00.000000006,100031,100,99977,100,100038,100,99926,100,100053,100,99914,100,100064,100,,,100099,100,,,100140,100,,,,,,,,,,,,,,,,,,
2019-06-28 09:30:00.000000009,100031,100,99977,100,100038,100,99926,100,100053,100,99914,100,100064,100,99900,100,100099,100,,,100140,100,,,,,,,,,,,,,,,,,,
2019-06-28 09:30:00.000000010,100031,100,99977,100,100038,100,99965,100,100043,100,99926,100,100053,100,99914,100,100064,100,99900,100,100099,100,,,100140,100,,,,,,,,,,,,,,
2019-06-28 09:30:00.000000011,100009,100,99977,100,100031,100,99965,100,100038,100,99926,100,100043,100,99914,100,100053,100,99900,100,100064,100,99899,100,100099,100,,,100140,100,,,,,,,,,,
2019-06-28 09:30:00.000000013,100009,100,99977,100,100031,100,99970,100,100038,100,99965,100,100043,100,99928,100,100053,100,99926,100,100064,100,99914,100,100085,100,99900,100,100099,100,99899,100,100140,100,,,,,,
2019-06-28 09:30:00.000000017,100009,100,99977,100,100031,100,99970,100,100038,100,99965,100,100043,100,99928,100,100053,100,99926,100,100064,100,99914,100,100085,100,99900,100,100099,100,99899,100,100114,100,,,100140,100,,
2019-06-28 09:30:00.000000019,100009,100,99977,100,100031,100,99970,100,100038,100,99965,100,100043,100,99928,100,100053,100,99926,100,100064,100,99914,100,100085,100,99900,100,100099,100,99899,100,100114,100,99898,100,100140,100,,
2019-06-28 09:30:00.000000023,100009,100,99977,100,100031,100,99970,100,100038,100,99965,100,100043,100,99928,100,100053,100,99926,100,100064,100,99914,100,100085,100,99900,100,100099,100,99899,100,100114,100,99898,100,100140,100,99829,100
2019-06-28 09:30:00.000000025,100009,100,99977,100,100031,100,99971,100,100038,100,99970,100,100043,100,99965,100,100053,100,99928,100,100064,100,99926,100,100085,100,99914,100,100099,100,99900,100,100114,100,99899,100,100140,100,99898,100
2019-06-28 09:30:00.000000026,100009,100,99977,100,100027,100,99971,100,100031,100,99970,100,100038,100,99965,100,100043,100,99928,100,100053,100,99926,100,100064,100,99914,100,100085,100,99900,100,100099,100,99899,100,100114,100,99898,100
2019-06-28 09:30:00.000000027,100009,100,99977,100,100027,100,99971,100,100031,100,99970,100,100038,100,99965,100,100043,100,99928,100,100053,100,99926,100,100064,100,99914,100,100085,100,99900,100,100099,100,99899,100,100114,100,99898,100
2019-06-28 09:30:00.000000028,100009,100,99977,100,100027,100,99971,100,100031,100,99970,100,100038,100,99965,100,100043,100,99928,100,100053,100,99926,100,100064,100,99914,100,100085,100,99900,100,100099,100,99899,100,100110,100,99898,100
2019-06-28 09:30:00.000000032,100027,100,99977,100,100031,100,99971,100,100038,100,99970,100,100043,100,99965,100,100053,100,99928,100,100064,100,99926,100,100085,100,99914,100,100099,100,99900,100,100110,100,99899,100,100114,100,99898,100
2019-06-28 09:30:00.000000033,100027,100,100021,100,100031,100,99977,100,100038,100,99971,100,100043,100,99970,100,100053,100,99965,100,100064,100,99928,100,100085,100,99926,100,100099,100,99914,100,100110,100,99900,100,100114,100,99899,100
2019-06-28 09:30:00.000000038,100027,100,100021,100,100031,100,99977,100,100038,100,99971,100,100043,100,99970,100,100053,100,99965,100,100064,100,99928,100,100085,100,99926,100,100099,100,99922,100,100110,100,99914,100,100114,100,99900,100
2019-06-28 09:30:00.000000041,100027,100,100021,100,100028,100,99977,100,100031,100,99971,100,100038,100,99970,200,100043,100,99965,100,100053,100,99928,100,100064,100,99926,100,100085,100,99922,100,100099,100,99914,100,100110,100,99900,100
2019-06-28 09:30:00.000000042,100027,100,100021,100,100028,100,99977,100,100031,100,99971,100,100038,100,99970,200,100043,100,99965,100,100053,100,99928,100,100064,100,99926,100,100085,100,99922,100,100099,100,99914,100,100110,100,99900,100
2019-06-28 09:30:00.000000043,100027,100,100021,100,100028,100,99977,100,100031,100,99976,100,100038,100,99971,100,100043,100,99970,200,100053,100,99965,100,100064,100,99928,100,100085,100,99926,100,100099,100,99922,100,100110,100,99914,100
2019-06-28 09:30:00.000000050,100027,100,100021,100,100028,100,99977,100,100031,100,99976,100,100038,100,99971,100,100041,100,99970,200,100043,100,99965,100,100053,100,99928,100,100064,100,99926,100,100085,100,99922,100,100099,100,99914,100
2019-06-28 09:30:00.000000052,100027,100,100021,100,100028,100,99997,100,100031,100,99977,100,100038,100,99976,100,100041,100,99971,100,100043,100,99970,200,100053,100,99965,100,100064,100,99928,100,100085,100,99926,100,100099,100,99922,100
2019-06-28 09:30:00.000000054,100027,100,99997,100,100028,100,99977,100,100031,100,99976,100,100038,100,99971,100,100041,100,99970,200,100043,100,99965,100,100053,100,99928,100,100064,100,99926,100,100085,100,99922,100,100099,100,99914,100
2019-06-28 09:30:00.000000056,100027,100,99997,100,100028,100,99977,100,100031,100,99976,100,100038,100,99971,100,100041,100,99970,200,100043,100,99965,100,100053,100,99954,100,100064,100,99928,100,100085,100,99926,100,100099,100,99922,100
2019-06-28 09:30:00.000000058,100027,100,99997,100,100028,100,99977,100,100031,100,99976,100,100038,100,99971,100,100041,100,99970,200,100043,100,99965,100,100053,100,99954,100,100064,100,99939,100,100085,100,99928,100,100099,100,99926,100
2019-06-28 09:30:00.000000060,100027,100,99997,100,100028,100,99977,100,100031,100,99976,100,100038,100,99971,100,100041,100,99970,200,100043,100,99965,100,100053,100,99954,100,100064,100,99939,100,100085,100,99928,100,100099,100,99926,100
2019-06-28 09:30:00.000000062,100027,100,99997,100,100028,100,99977,100,100031,100,99976,100,100038,100,99971,100,100041,100,99970,200,100043,100,99965,100,100044,100,99954,100,100053,100,99939,100,100064,100,99928,100,100085,100,99926,100
2019-06-28 09:30:00.000000064,100027,100,99997,100,100028,100,99977,100,100031,100,99976,100,100038,100,99971,100,100041,100,99970,200,100043,100,99965,100,100044,100,99954,100,100053,100,99939,100,100064,100,99928,100,100085,100,99926,100
2019-06-28 09:30:00.000000068,100027,100,100022,100,100028,100,99997,100,100031,100,99977,100,100038,100,99976,100,100041,100,99971,100,100043,100,99970,200,100044,100,99965,100,100053,100,99954,100,100064,100,99939,100,100085,100,99928,100
2019-06-28 09:30:00.000000070,100027,100,100022,100,100028,100,99997,100,100031,100,99977,100,100038,100,99976,100,100041,100,99971,100,100043,100,99970,200,100044,100,99965,100,100053,100,99954,100,100064,100,99939,100,100085,100,99928,100
2019-06-28 09:30:00.000000071,100027,100,100022,100,100028,100,99997,100,100031,100,99977,100,100038,100,99976,100,100041,100,99971,100,100043,100,99970,200,100044,100,99965,100,100053,100,99954,100,100064,100,99939,100,100085,100,99928,100
2019-06-28 09:30:00.000000072,100027,100,99997,100,100028,100,99977,100,100031,100,99976,100,100038,200,99971,100,100041,100,99970,200,100043,100,99965,100,100044,100,99954,100,100053,100,99939,100,100064,100,99928,100,100085,100,99926,100
2019-06-28 09:30:00.000000082,100027,100,99997,100,100028,100,99977,100,100031,100,99976,100,100038,200,99971,100,100041,100,99970,200,100043,100,99965,100,100044,100,99954,100,100053,100,99939,100,100064,100,99928,100,100085,100,99926,100
2019-06-28 09:30:00.000000083,100027,100,99997,100,100028,100,99977,100,100031,100,99976,100,100038,200,99971,100,100041,100,99970,200,100043,100,99965,200,100044,100,99954,100,100053,100,99939,100,100064,100,99928,100,100085,100,99926,100
2019-06-28 09:30:00.000000085,100028,100,99997,100,100031,100,99977,100,100038,200,99976,100,100041,100,99971,100,100043,100,99970,200,100044,100,99965,200,100053,100,99954,100,100064,100,99939,100,100085,100,99928,100,100099,100,99926,100
2019-06-28 09:30:00.000000086,100028,100,99997,100,100031,100,99977,100,100038,200,99976,100,100041,100,99971,100,100043,100,99970,200,100044,100,99965,200,100053,100,99954,100,100064,100,99939,100,100085,100,99928,100,100099,100,99926,100
2019-06-28 09:30:00.000000087,100028,100,99997,100,100031,100,99977,100,100038,200,99976,100,100041,100,99971,100,100043,100,99970,200,100044,100,99965,200,100053,100,99954,100,100064,100,99939,100,100085,100,99928,100,100099,100,99926,100
2019-06-28 09:30:00.000000091,100026,100,99997,100,100028,100,99977,100,100031,100,99976,100,100038,200,99971,100,100041,100,99970,200,100043,100,99965,200,100044,100,99954,100,100053,100,99939,100,100064,100,99928,100,100085,100,99926,100
2019-06-28 09:30:00.000000093,100026,100,99997,100,100028,100,99977,100,100031,100,99976,100,100038,200,99971,100,100041,100,99970,200,100043,100,99965,200,100044,100,99954,100,100053,100,99939,100,100058,100,99928,100,100064,100,99926,100
2019-06-28 09:30:00.000000095,100026,100,99997,100,100028,100,99977,100,100031,100,99976,100,100038,200,99971,100,100041,100,99970,200,100043,100,99965,200,100044,100,99954,100,100053,100,99939,100,100058,100,99928,100,100064,100,99926,100
2019-06-28 09:30:00.000000096,100026,100,99997,100,100027,100,99977,100,100028,100,99976,100,100031,100,99971,100,100038,200,99970,200,100041,100,99965,200,100043,100,99954,100,100044,100,99939,100,100053,100,99928,100,100058,100,99926,100
2019-06-28 09:30:00.000000097,100026,100,100022,100,100027,100,99997,100,100028,100,99977,100,100031,100,99976,100,100038,200,99971,100,100041,100,99970,200,100043,100,99965,200,100044,100,99954,100,100053,100,99939,100,100058,100,99928,100
2019-06-28 09:30:10.000000000,100026,538,100022,538,100027,100,99997,100,100028,100,99977,100,100031,100,99976,100,100038,200,99971,100,100041,100,99970,200,100043,100,99965,200,100044,100,99954,100,100053,100,99939,100,100058,100,99928,100
2019-06-28 09:30:20.000000000,100026,319,100022,319,100027,319,99997,319,100028,100,99977,100,100031,100,99976,100,100038,200,99971,100,100041,100,99970,200,100043,100,99965,200,100044,100,99954,100,100053,100,99939,100,100058,100,99928,100
2019-06-28 09:30:26.539017538,100026,319,100022,319,100027,319,99997,319,100028,100,99977,100,100031,100,99976,100,100038,100,99971,100,100041,100,99970,200,100043,100,99965,200,100044,100,99954,100,100053,100,99939,100,100058,100,99928,100
2019-06-28 09:30:30.000000000,100026,249,100022,249,100027,245,99997,245,100028,245,99977,245,100031,100,99976,100,100038,100,99971,100,100041,100,99970,200,100043,100,99965,200,100044,100,99954,100,100053,100,99939,100,100058,100,99928,100
2019-06-28 09:30:30.152957936,100026,249,100022,149,100027,245,99997,245,100028,245,99977,245,100031,100,99976,100,100038,100,99971,100,100041,100,99970,200,100043,100,99965,200,100044,100,99939,100,100053,100,99928,100,100058,100,99926,100
2019-06-28 09:30:36.022787491,100026,249,100022,149,100027,245,99997,245,100028,245,99977,245,100031,100,99976,100,100038,100,99971,100,100041,100,99970,200,100044,100,99965,200,100053,100,99951,100,100058,100,99939,100,100064,100,99928,100
2019-06-28 09:30:40.000000000,100026,210,99997,210,100027,210,99977,210,100028,210,99976,210,100031,210,99971,210,100038,100,99970,200,100041,100,99965,200,100044,100,99951,100,100053,100,99939,100,100058,100,99928,100,100064,100,99926,100
2019-06-28 09:30:50.000000000,100026,319,99997,319,100027,319,99977,319,100028,100,99976,100,100031,100,99971,100,100038,100,99970,200,100041,100,99965,200,100044,100,99951,100,100053,100,99939,100,100058,100,99928,100,100064,100,99926,100
2019-06-28 09:31:00.000000000,100026,249,99997,249,100027,245,99977,245,100028,245,99976,245,100031,100,99971,100,100038,100,99970,200,100041,100,99965,200,100044,100,99951,100,100053,100,99939,100,100058,100,99928,100,100064,100,99926,100
2019-06-28 09:31:10.000000000,100026,249,99997,249,100027,245,99977,245,100028,245,99976,245,100031,100,99971,100,100038,100,99970,200,100041,100,99965,200,100044,100,99951,100,100053,100,99939,100,100058,100,99928,100,100064,100,99926,100
2019-06-28 09:31:15.751388325,100026,49,99997,249,100027,245,99977,245,100028,245,99976,245,100031,100,99971,100,100038,100,99970,200,100041,100,99965,200,100044,100,99951,100,100053,100,99939,100,100058,100,99928,100,100064,100,99926,100
2019-06-28 09:31:16.620300997,100027,245,100026,51,100028,245,99997,249,100031,100,99977,245,100038,100,99976,245,100041,100,99971,100,100044,100,99970,200,100053,100,99965,200,100058,100,99951,100,100064,100,99939,100,100085,100,99928,100
2019-06-28 09:31:20.000000000,100027,210,100026,161,100028,210,99997,210,100031,210,99977,210,100038,210,99976,210,100041,100,99971,100,100044,100,99970,200,100053,100,99965,200,100058,100,99951,100,100064,100,99939,100,100085,100,99928,100
2019-06-28 09:31:30.000000000,100027,538,100026,489,100028,100,99997,100,100031,100,99977,100,100038,100,99976,100,100041,100,99971,100,100044,100,99970,200,100053,100,99965,200,100058,100,99951,100,100064,100,99939,100,100085,100,99928,100
2019-06-28 09:31:34.102821552,100027,538,100026,489,100028,100,99997,100,100031,100,99977,100,100038,100,99976,100,100041,100,99971,100,100044,100,99970,200,100053,100,99965,200,100058,100,99951,100,100064,100,99939,100,100085,100,99928,100
2019-06-28 09:31:40.000000000,100027,319,100026,270,100028,319,99997,319,100031,100,99977,100,100038,100,99976,100,100041,100,99971,100,100044,100,99970,200,100053,100,99965,200,100058,100,99951,100,100064,100,99939,100,100085,100,99928,100
2019-06-28 09:31:50.000000000,100027,210,100026,161,100028,210,99997,210,100031,210,99977,210,100038,210,99976,210,100041,100,99971,100,100044,100,99970,200,100053,100,99965,200,100058,100,99951,100,100064,100,99939,100,100085,100,99928,100
2019-06-28 09:31:50.186131845,100027,210,100026,61,100028,210,99997,210,100031,210,99977,210,100038,210,99976,210,100041,100,99971,100,100044,100,99970,200,100053,100,99965,200,100058,100,99951,100,100064,100,99939,100,100085,100,99928,100
2019-06-28 09:31:52.448472526,100027,210,100026,61,100028,210,99997,210,100031,210,99977,210,100038,210,99976,210,100041,100,99971,100,100044,100,99970,200,100053,100,99965,200,100058,100,99951,100,100064,100,99939,100,100085,100,99928,100
2019-06-28 09:31:52.585159270,100027,210,100026,61,100028,210,99997,210,100031,210,99977,210,100038,210,99976,210,100041,100,99971,100,100044,100,99970,200,100053,100,99965,200,100058,100,99951,100,100064,100,99939,100,100085,100,99928,100
2019-06-28 09:32:00.000000000,100027,538,99997,538,100028,100,99977,100,100031,100,99976,100,100038,100,99971,100,100041,100,99970,200,100044,100,99965,200,100053,100,99951,100,100058,100,99939,100,100064,100,99928,100,100085,100,99926,100
2019-06-28 09:32:10.000000000,100027,319,99997,319,100028,319,99977,319,100031,100,99976,100,100038,100,99971,100,100041,100,99970,200,100044,100,99965,200,100053,100,99951,100,100058,100,99939,100,100064,100,99928,100,100085,100,99926,100
2019-06-28 09:32:12.651502821,100027,319,99997,219,100028,319,99977,319,100031,100,99976,100,100038,100,99971,100,100041,100,99970,200,100044,100,99965,200,100053,100,99951,100,100058,100,99939,100,100064,100,99928,100,100085,100,99926,100
2019-06-28 09:32:20.000000000,100027,319,99977,319,100028,319,99976,319,100031,100,99971,100,100038,100,99970,200,100041,100,99965,200,100044,100,99951,100,100053,100,99939,100,100058,100,99928,100,100064,100,99926,100,100085,100,99921,100
2019-06-28 09:32:28.058454808,100027,319,99977,319,100028,319,99976,319,100031,100,99971,100,100038,100,99970,200,100041,100,99965,200,100044,100,99951,100,100053,100,99939,100,100058,100,99928,100,100064,100,99926,100,100085,100,99921,100
2019-06-28 09:32:30.000000000,100027,188,99977,188,100028,188,99976,188,100031,188,99971,188,100038,188,99970,288,100041,188,99965,288,100044,100,99951,100,100053,100,99939,100,100058,100,99928,100,100064,100,99926,100,100085,100,99921,100
2019-06-28 09:32:37.364504923,100027,188,99977,88,100028,188,99976,188,100031,188,99971,188,100038,188,99970,288,100041,188,99965,288,100044,100,99951,100,100053,100,99939,100,100058,100,99928,100,100064,100,99926,100,100085,100,99921,100
2019-06-28 09:32:40.000000000,100027,210,99976,210,100028,210,99971,210,100031,210,99970,310,100038,210,99965,310,100041,100,99951,100,100044,100,99939,100,100053,100,99928,100,100058,100,99926,100,100064,100,99921,100,100085,100,99914,100
2019-06-28 09:32:46.831859306,100027,210,99976,210,100028,210,99971,210,100031,210,99970,310,100038,210,99965,310,100041,100,99951,100,100044,100,99939,100,100053,100,99928,100,100058,100,99926,100,100064,100,99921,100,100085,100,99914,100
2019-06-28 09:32:47.651887455,100027,210,99976,110,100028,210,99971,210,100031,210,99970,210,100038,210,99965,310,100041,100,99951,100,100044,100,99939,100,100053,100,99928,100,100058,100,99926,100,100064,100,99921,100,100085,100,99914,100
2019-06-28 09:32:50.000000000,100027,210,99971,210,100028,210,99970,210,100031,210,99965,310,100038,210,99951,210,100041,100,99939,100,100044,100,99928,100,100053,100,99926,100,100058,100,99921,100,100064,100,99914,100,100085,100,99909,100
2019-06-28 09:33:00.000000000,100027,249,99971,249,100028,245,99970,245,100031,245,99965,345,100038,100,99951,100,100041,100,99939,100,100044,100,99928,100,100053,100,99926,100,100058,100,99921,100,100064,100,99914,100,100085,100,99909,100
2019-06-28 09:33:00.371481773,100027,249,99971,249,100028,245,99970,245,100031,245,99965,345,100038,100,99951,100,100041,100,99939,100,100044,100,99928,100,100053,100,99926,100,100058,100,99921,100,100064,100,99914,100,100085,100,99909,100
2019-06-28 09:33:09.753349284,100027,249,99971,149,100028,245,99970,245,100031,245,99965,345,100038,100,99951,100,100041,100,99939,100,100044,100,99928,100,100053,100,99926,100,100058,100,99921,100,100064,100,99909,100,100085,100,99900,100
2019-06-28 09:33:10.000000000,100027,188,99970,188,100028,188,99965,288,100031,188,99951,188,100038,188,99939,188,100041,188,99928,188,100044,100,99926,100,100053,100,99921,100,100058,100,99909,100,100064,100,99900,100,100085,100,99899,100
2019-06-28 09:33:17.303897957,99976,100,99970,188,100027,188,99965,188,100028,188,99951,188,100031,188,99939,188,100038,188,99928,188,100041,188,99926,100,100044,100,99921,100,100053,100,99909,100,100058,100,99900,100,100064,100,99899,100
2019-06-28 09:33:20.000000000,99976,188,99970,188,100027,188,99965,188,100028,188,99951,188,100031,188,99939,188,100038,188,99928,188,100041,100,99926,100,100044,100,99921,100,100053,100,99909,100,100058,100,99900,100,100064,100,99899,100
2019-06-28 09:33:30.000000000,99976,249,99970,249,100027,245,99965,245,100028,245,99951,245,100031,100,99939,100,100038,100,99928,100,100041,100,99926,100,100044,100,99921,100,100053,100,99909,100,100058,100,99900,100,100064,100,99899,100
2019-06-28 09:33:40.000000000,99976,319,99970,319,100027,319,99965,319,100028,100,99951,100,100031,100,99939,100,100038,100,99928,100,100041,100,99926,100,100044,100,99921,100,100053,100,99909,100,100058,100,99900,100,100064,100,99899,100
2019-06-28 09:33:50.000000000,99976,249,99970,249,100027,245,99965,245,100028,245,99951,245,100031,100,99939,100,100038,100,99928,100,100041,100,99926,100,100044,100,99921,100,100053,100,99909,100,100058,100,99900,100,100064,100,99899,100
2019-06-28 09:33:50.550484558,99976,249,99970,149,100027,245,99965,245,100028,245,99951,245,100031,100,99939,100,100038,100,99928,100,100041,100,99926,100,100044,100,99921,100,100053,100,99909,100,100058,100,99900,100,100064,100,99899,100
2019-06-28 09:33:57.023296749,99976,249,99970,149,100027,245,99965,245,100028,245,99951,245,100031,100,99939,100,100038,100,99928,100,100041,100,99926,100,100044,100,99921,100,100053,100,99909,100,100058,100,99900,100,100064,100,99899,100
2019-06-28 09:33:58.346881977,99976,249,99970,49,100027,245,99965,245,100028,245,99951,245,100031,100,99939,100,100038,100,99928,100,100041,100,99926,100,100044,100,99921,100,100053,100,99909,100,100058,100,99900,100,100064,100,99899,100
2019-06-28 09:34:00.000000000,99976,319,99965,319,100027,319,99951,319,100028,100,99939,100,100031,100,99928,100,100038,100,99926,100,100041,100,99921,100,100044,100,99909,100,100053,100,99900,100,100058,100,99899,100,100064,100,99895,100
2019-06-28 09:34:10.000000000,99976,249,99965,249,100027,245,99951,245,100028,245,99939,245,100031,100,99928,100,100038,100,99926,100,100041,100,99921,100,100044,100,99909,100,100053,100,99900,100,100058,100,99899,100,100064,100,99895,100
2019-06-28 09:34:14.237693041,99976,249,99965,149,100027,245,99951,245,100028,245,99939,245,100031,100,99928,100,100038,100,99926,100,100041,100,99921,100,100044,100,99909,100,100053,100,99900,100,100058,100,99899,100,100064,100,99895,100
2019-06-28 09:34:20.000000000,99976,249,99951,249,100027,245,99939,245,100028,245,99928,245,100031,100,99926,100,100038,100,99921,100,100041,100,99909,100,100044,100,99900,100,100053,100,99899,100,100058,100,99895,100,100064,100,99893,100
2019-06-28 09:34:30.000000000,99976,319,99951,319,100027,319,99939,319,100028,100,99928,100,100031,100,99926,100,100038,100,99921,100,100041,100,99909,100,100044,100,99900,100,100053,100,99899,100,100058,100,99895,100,100064,100,99893,100
2019-06-28 09:34:34.668801722,99976,319,99951,219,100027,319,99939,319,100028,100,99928,100,100031,100,99926,100,100038,100,99921,100,100041,100,99909,100,100044,100,99900,100,100053,100,99895,100,100058,100,99893,100,100064,100,99883,100
2019-06-28 09:34:35.784620716,99976,319,99951,219,100027,319,99939,219,100028,100,99928,100,100031,100,99926,100,100038,100,99921,100,100041,100,99909,100,100044,100,99900,100,100053,100,99895,100,100058,100,99893,100,100064,100,99883,100
2019-06-28 09:34:40.000000000,99976,188,99928,188,100027,188,99926,188,100028,188,99921,188,100031,188,99909,188,100038,188,99900,188,100041,100,99895,100,100044,100,99893,100,100053,100,99883,100,100058,100,99876,100,100064,100,99860,100
2019-06-28 09:34:44.479462334,99976,188,99928,88,100027,188,99926,188,100028,188,99921,188,100031,188,99909,188,100038,188,99900,188,100041,100,99895,100,100044,100,99893,100,100053,100,99883,100,100058,100,99876,100,100064,100,99860,100
2019-06-28 09:34:49.850639603,99928,12,99926,188,99976,188,99921,188,100027,188,99909,188,100028,188,99900,188,100031,188,99895,100,100038,188,99893,100,100041,100,99883,100,100044,100,99876,100,100053,100,99860,100,100058,100,99855,200
2019-06-28 09:34:50.000000000,99928,161,99926,249,99976,245,99921,245,100027,245,99909,245,100028,100,99900,100,100031,100,99895,100,100038,100,99893,100,100041,100,99883,100,100044,100,99876,100,100053,100,99860,100,100058,100,99855,200
2019-06-28 09:34:58.469858584,99928,161,99926,249,99976,245,99921,245,100027,245,99909,245,100028,100,99900,100,100031,100,99895,100,100038,100,99893,100,100041,100,99883,100,100044,100,99876,100,100053,100,99860,100,100058,100,99855,200
2019-06-28 09:35:00.000000000,99928,122,99926,210,99976,210,99921,210,100027,210,99909,210,100028,210,99900,210,100031,100,99895,100,100038,100,99893,100,100041,100,99883,100,100044,100,99876,100,100053,100,99860,100,100058,100,99855,200
2019-06-28 09:35:10.000000000,99928,450,99926,538,99976,100,99921,100,100027,100,99909,100,100028,100,99900,100,100031,100,99895,100,100038,100,99893,100,100041,100,99883,100,100044,100,99876,100,100053,100,99860,100,100058,100,99855,200
2019-06-28 09:35:20.000000000,99928,100,99926,188,99976,188,99921,188,100027,188,99909,188,100028,188,99900,188,100031,188,99895,188,100038,100,99893,100,100041,100,99883,100,100044,100,99876,100,100053,100,99860,100,100058,100,99855,200
2019-06-28 09:35:30.000000000,99928,161,99926,249,99976,245,99921,245,100027,245,99909,245,100028,100,99900,100,100031,100,99895,100,100038,100,99893,100,100041,100,99883,100,100044,100,99876,100,100053,100,99860,100,100058,100,99855,200
2019-06-28 09:35:33.480718104,99928,261,99926,249,99976,245,99921,245,100027,245,99909,245,100028,100,99900,100,100031,100,99895,100,100038,100,99893,100,100041,100,99883,100,100044,100,99876,100,100053,100,99860,100,100058,100,99855,200
2019-06-28 09:35:39.081653460,99928,361,99926,249,99976,245,99921,245,100027,245,99909,245,100028,100,99900,100,100031,100,99895,100,100038,100,99893,100,100041,100,99883,100,100044,100,99876,100,100053,100,99860,100,100058,100,99855,200
2019-06-28 09:35:40.000000000,99928,650,99926,538,99976,100,99921,100,100027,100,99909,100,100028,100,99900,100,100031,100,99895,100,100038,100,99893,100,100041,100,99883,100,100044,100,99876,100,100053,100,99860,100,100058,100,99855,200
2019-06-28 09:35:50.000000000,99928,650,99926,538,99976,100,99921,100,100027,100,99909,100,100028,100,99900,100,100031,100,99895,100,100038,100,99893,100,100041,100,99883,100,100044,100,99876,100,100053,100,99860,100,100058,100,99855,200
2019-06-28 09:36:00.000000000,99928,300,99926,188,99976,188,99921,188,100027,188,99909,188,100028,188,99900,188,100031,188,99895,188,100038,100,99893,100,100041,100,99883,100,100044,100,99876,100,100053,100,99860,100,100058,100,99855,200
2019-06-28 09:36:10.000000000,99928,361,99926,249,99976,245,99921,245,100027,245,99909,245,100028,100,99900,100,100031,100,99895,100,100038,100,99893,100,100041,100,99883,100,100044,100,99876,100,100053,100,99860,100,100058,100,99855,200
2019-06-28 09:36:16.026445511,99928,361,99926,149,99976,245,99921,245,100027,245,99909,245,100028,100,99900,100,100031,100,99893,100,100038,100,99883,100,100041,100,99876,100,100044,100,99860,100,100053,100,99855,200,100058,100,99829,100
2019-06-28 09:36:16.158708989,99927,100,99926,149,99928,361,99921,245,99976,245,99909,245,100027,245,99900,100,100028,100,99893,100,100031,100,99883,100,100038,100,99876,100,100041,100,99860,100,100044,100,99855,200,100053,100,99829,100
2019-06-28 09:36:20.000000000,99927,188,99921,188,99928,300,99909,188,99976,188,99900,188,100027,188,99893,188,100028,188,99883,188,100031,100,99876,100,100038,100,99860,100,100041,100,99855,200,100044,100,99829,100,100053,100,99428,100
2019-06-28 09:36:27.311145519,99927,188,99921,88,99928,300,99909,188,99976,188,99900,188,100027,188,99893,188,100028,188,99883,188,100031,100,99876,100,100038,100,99860,100,100041,100,99855,200,100044,100,99829,100,100058,100,99428,100
2019-06-28 09:36:30.000000000,99927,188,99909,188,99928,300,99900,188,99976,188,99893,188,100027,188,99883,188,100028,188,99876,188,100031,100,99860,100,100038,100,99855,200,100041,100,99829,100,100044,100,99428,100,100058,100,99304,100
2019-06-28 09:36:40.000000000,99927,210,99909,210,99928,322,99900,210,99976,210,99893,210,100027,210,99883,210,100028,100,99876,100,100031,100,99860,100,100038,100,99855,200,100041,100,99829,100,100044,100,99428,100,100058,100,99304,100
2019-06-28 09:36:42.010203274,99927,210,99909,110,99928,322,99900,210,99976,210,99893,210,100027,210,99883,210,100028,100,99876,100,100031,100,99860,100,100038,100,99855,200,100041,100,99829,100,100044,100,99428,100,100058,100,99304,100
2019-06-28 09:36:50.000000000,99927,538,99900,538,99928,212,99893,100,99976,100,99883,100,100027,100,99876,100,100028,100,99860,100,100031,100,99855,200,100038,100,99829,100,100041,100,99428,100,100044,100,99304,100,100058,100,99256,100
2019-06-28 09:36:52.279639940,99927,538,99900,438,99928,212,99893,100,99976,100,99883,100,100027,100,99876,100,100028,100,99860,100,100031,100,99855,200,100038,100,99829,100,100041,100,99428,100,100044,100,99304,100,100058,100,99256,100
2019-06-28 09:36:59.319067688,99927,538,99900,438,99928,212,99893,100,99976,100,99883,100,100027,100,99876,100,100028,100,99860,100,100031,100,99855,200,100038,100,99829,100,100041,100,99428,100,100044,100,99423,100,100058,100,99304,100
2019-06-28 09:37:00.000000000,99927,210,99893,210,99928,322,99883,210,99976,210,99876,210,100027,210,99860,210,100028,100,99855,200,100031,100,99829,100,100038,100,99428,100,100041,100,99423,100,100044,100,99304,100,100058,100,99256,100
2019-06-28 09:37:10.000000000,99927,249,99893,249,99928,357,99883,245,99976,245,99876,245,100027,100,99860,100,100028,100,99855,200,100031,100,99829,100,100038,100,99428,100,100041,100,99423,100,100044,100,99304,100,100058,100,99256,100
2019-06-28 09:37:20.000000000,99927,188,99893,188,99928,300,99883,188,99976,188,99876,188,100027,188,99860,188,100028,188,99855,288,100031,100,99829,100,100038,100,99428,100,100041,100,99423,100,100044,100,99304,100,100058,100,99256,100
2019-06-28 09:37:30.000000000,99927,538,99893,538,99928,212,99883,100,99976,100,99876,100,100027,100,99860,100,100028,100,99855,200,100031,100,99829,100,100038,100,99428,100,100041,100,99423,100,100044,100,99304,100,100058,100,99256,100
2019-06-28 09:37:40.000000000,99927,210,99893,210,99928,322,99883,210,99976,210,99876,210,100027,210,99860,210,100028,100,99855,200,100031,100,99829,100,100038,100,99428,100,100041,100,99423,100,100044,100,99304,100,100058,100,99256,100
2019-06-28 09:37:50.000000000,99927,538,99893,538,99928,212,99883,100,99976,100,99876,100,100027,100,99860,100,100028,100,99855,200,100031,100,99829,100,100038,100,99428,100,100041,100,99423,100,100044,100,99304,100,100058,100,99256,100
2019-06-28 09:37:55.530119045,99927,538,99893,538,99928,212,99883,100,99976,100,99876,100,100027,100,99860,100,100028,100,99855,200,100031,100,99829,100,100038,100,99802,100,100041,100,99428,100,100044,100,99423,100,100058,100,99304,100
2019-06-28 09:38:00.000000000,99927,319,99893,319,99928,431,99883,319,99976,100,99876,100,100027,100,99860,100,100028,100,99855,200,100031,100,99829,100,100038,100,99802,100,100041,100,99428,100,100044,100,99423,100,100058,100,99304,100
2019-06-28 09:38:05.123705942,99927,319,99893,319,99928,431,99883,319,99976,100,99876,100,100027,100,99860,100,100028,100,99855,200,100031,100,99829,100,100038,100,99802,100,100041,100,99428,100,100044,100,99423,100,100055,100,99304,100
2019-06-28 09:38:10.000000000,99927,210,99893,210,99928,322,99883,210,99976,210,99876,210,100027,210,99860,210,100028,100,99855,200,100031,100,99829,100,100038,100,99802,100,100041,100,99428,100,100044,100,99423,100,100055,100,99304,100
2019-06-28 09:38:20.000000000,99927,538,99893,538,99928,212,99883,100,99976,100,99876,100,100027,100,99860,100,100028,100,99855,200,100031,100,99829,100,100038,100,99802,100,100041,100,99428,100,100044,100,99423,100,100055,100,99304,100
2019-06-28 09:38:30.000000000,99927,538,99893,538,99928,212,99883,100,99976,100,99876,100,100027,100,99860,100,100028,100,99855,200,100031,100,99829,100,100038,100,99802,100,100041,100,99428,100,100044,100,99423,100,100055,100,99304,100
2019-06-28 09:38:35.654312607,99927,538,99893,538,99928,212,99883,100,99976,100,99876,100,100027,100,99860,100,100028,100,99855,200,100031,100,99829,100,100038,100,99802,100,100041,100,99428,100,100044,100,99423,100,100055,100,99304,100
2019-06-28 09:38:40.000000000,99927,210,99893,210,99928,322,99883,210,99976,210,99876,210,100027,210,99860,210,100028,100,99855,200,100031,100,99829,100,100038,100,99802,100,100041,100,99428,100,100044,100,99423,100,100055,100,99304,100
2019-06-28 09:38:50.000000000,99927,210,99893,210,99928,322,99883,210,99976,210,99876,210,100027,210,99860,210,100028,100,99855,200,100031,100,99829,100,100038,100,99802,100,100041,100,99428,100,100044,100,99423,100,100055,100,99304,100
2019-06-28 09:39:00.000000000,99927,249,99893,249,99928,357,99883,245,99976,245,99876,245,100027,100,99860,100,100028,100,99855,200,100031,100,99829,100,100038,100,99802,100,100041,100,99428,100,100044,100,99423,100,100055,100,99304,100
2019-06-28 09:39:10.000000000,99927,188,99893,188,99928,300,99883,188,99976,188,99876,188,100027,188,99860,188,100028,188,99855,288,100031,100,99829,100,100038,100,99802,100,100041,100,99428,100,100044,100,99423,100,100055,100,99304,100
2019-06-28 09:39:10.614578797,99927,188,99893,188,99928,300,99883,188,99976,188,99876,188,100027,188,99860,188,100028,188,99855,288,100031,100,99829,100,100038,100,99802,100,100041,100,99428,100,100044,100,99423,100,100055,100,99304,100
2019-06-28 09:39:11.645525217,99927,188,99910,100,99928,300,99893,188,99976,188,99883,188,100027,188,99876,188,100028,188,99860,188,100038,100,99855,288,100041,100,99829,100,100044,100,99802,100,100055,100,99428,100,100058,100,99423,100
2019-06-28 09:39:20.000000000,99927,249,99910,249,99928,357,99893,245,99976,245,99883,245,100027,100,99876,100,100028,100,99860,100,100038,100,99855,200,100041,100,99829,100,100044,100,99802,100,100055,100,99428,100,100058,100,99423,100
2019-06-28 09:39:29.238555163,99927,149,99910,249,99928,357,99893,245,99976,245,99883,245,100027,100,99876,100,100028,100,99860,100,100038,100,99855,200,100041,100,99829,100,100044,100,99802,100,100055,100,99428,100,100058,100,99423,100
2019-06-28 09:39:30.000000000,99928,361,99910,249,99976,245,99893,245,100027,245,99883,245,100028,100,99876,100,100038,100,99860,100,100041,100,99855,200,100044,100,99829,100,100055,100,99802,100,100058,100,99428,100,100064,100,99423,100
2019-06-28 09:39:30.665295995,99928,361,99911,100,99976,245,99910,249,100027,245,99893,245,100028,100,99883,245,100038,100,99876,100,100041,100,99860,100,100044,100,99855,200,100055,100,99829,100,100058,100,99802,100,100064,100,99428,100
2019-06-28 09:39:38.892501798,99928,361,99911,200,99976,245,99910,249,100027,245,99893,245,100028,100,99883,245,100038,100,99876,100,100041,100,99860,100,100044,100,99855,200,100055,100,99829,100,100058,100,99802,100,100064,100,99428,100
2019-06-28 09:39:40.000000000,99928,650,99911,638,99976,100,99910,100,100027,100,99893,100,100028,100,99883,100,100038,100,99876,100,100041,100,99860,100,100044,100,99855,200,100055,100,99829,100,100058,100,99802,100,100064,100,99428,100
2019-06-28 09:39:50.000000000,99928,361,99911,349,99976,245,99910,245,100027,245,99893,245,100028,100,99883,100,100038,100,99876,100,100041,100,99860,100,100044,100,99855,200,100055,100,99829,100,100058,100,99802,100,100064,100,99428,100
2019-06-28 09:39:58.891720166,99928,261,99911,349,99976,245,99910,245,100027,245,99893,245,100028,100,99883,100,100038,100,99876,100,100041,100,99860,100,100044,100,99855,200,100055,100,99829,100,100058,100,99802,100,100064,100,99428,100
2019-06-28 09:40:00.000000000,99928,550,99911,638,99976,100,99910,100,100027,100,99893,100,100028,100,99883,100,100038,100,99876,100,100041,100,99860,100,100044,100,99855,200,100055,100,99829,100,100058,100,99802,100,100064,100,99428,100
2019-06-28 09:40:03.469923664,99928,550,99911,638,99976,100,99910,100,100027,100,99893,100,100028,100,99883,100,100038,100,99876,100,100041,100,99860,100,100044,100,99855,200,100055,100,99829,100,100058,100,99802,100,100064,100,99428,100
2019-06-28 09:40:06.001556710,99928,450,99911,638,99976,100,99910,100,100027,100,99893,100,100028,100,99883,100,100038,100,99876,100,100041,100,99860,100,100044,100,99855,200,100055,100,99829,100,100058,100,99802,100,100064,100,99428,100
2019-06-28 09:40:08.319772273,99928,450,99911,638,99976,100,99910,100,100027,100,99893,100,100028,100,99883,100,100038,100,99876,100,100041,100,99860,100,100044,100,99855,200,100055,100,99829,100,100058,100,99802,100,100064,100,99428,100
2019-06-28 09:40:10.000000000,99928,231,99911,419,99976,319,99910,319,100027,100,99893,100,100028,100,99883,100,100038,100,99876,100,100041,100,99860,100,100044,100,99855,200,100055,100,99829,100,100058,100,99802,100,100064,100,99428,100
2019-06-28 09:40:20.000000000,99928,450,99911,638,99976,100,99910,100,100027,100,99893,100,100028,100,99883,100,100038,100,99876,100,100041,100,99860,100,100044,100,99855,200,100055,100,99829,100,100058,100,99802,100,100064,100,99428,100
2019-06-28 09:40:30.000000000,99928,122,99911,310,99976,210,99910,210,100027,210,99893,210,100028,210,99883,210,100038,100,99876,100,100041,100,99860,100,100044,100,99855,200,100055,100,99829,100,100058,100,99802,100,100064,100,99428,100
2019-06-28 09:40:40.000000000,99928,122,99911,310,99976,210,99910,210,100027,210,99893,210,100028,210,99883,210,100038,100,99876,100,100041,100,99860,100,100044,100,99855,200,100055,100,99829,100,100058,100,99802,100,100064,100,99428,100
2019-06-28 09:40:50.000000000,99928,231,99911,419,99976,319,99910,319,100027,100,99893,100,100028,100,99883,100,100038,100,99876,100,100041,100,99860,100,100044,100,99855,200,100055,100,99829,100,100058,100,99802,100,100064,100,99428,100
2019-06-28 09:41:00.000000000,99928,161,99911,349,99976,245,99910,245,100027,245,99893,245,100028,100,99883,100,100038,100,99876,100,100041,100,99860,100,100044,100,99855,200,100055,100,99829,100,100058,100,99802,100,100064,100,99428,100
2019-06-28 09:41:02.073883362,99928,61,99911,349,99976,245,99910,245,100027,245,99893,245,100028,100,99883,100,100038,100,99876,100,100041,100,99860,100,100044,100,99855,200,100055,100,99829,100,100058,100,99802,100,100064,100,99428,100
2019-06-28 09:41:10.000000000,99976,188,99911,288,100027,188,99910,188,100028,188,99893,188,100038,188,99883,188,100041,188,99876,188,100044,100,99860,100,100055,100,99855,200,100058,100,99829,100,100064,100,99802,100,100085,100,99428,100
2019-06-28 09:41:20.000000000,99976,249,99911,349,100027,245,99910,245,100028,245,99893,245,100038,100,99883,100,100041,100,99876,100,100044,100,99860,100,100055,100,99855,200,100058,100,99829,100,100064,100,99802,100,100085,100,99428,100
2019-06-28 09:41:26.972815336,99976,249,99911,349,100027,245,99910,245,100028,245,99893,245,100038,100,99883,100,100041,100,99876,100,100044,100,99860,100,100055,100,99855,100,100058,100,99829,100,100064,100,99802,100,100085,100,99428,100
2019-06-28 09:41:30.000000000,99976,319,99911,419,100027,319,99910,319,100028,100,99893,100,100038,100,99883,100,100041,100,99876,100,100044,100,99860,100,100055,100,99855,100,100058,100,99829,100,100064,100,99802,100,100085,100,99428,100
2019-06-28 09:41:40.000000000,99976,210,99911,310,100027,210,99910,210,100028,210,99893,210,100038,210,99883,210,100041,100,99876,100,100044,100,99860,100,100055,100,99855,100,100058,100,99829,100,100064,100,99802,100,100085,100,99428,100
2019-06-28 09:41:43.110786113,99976,210,99911,310,100027,210,99910,210,100028,210,99893,210,100038,210,99883,210,100041,100,99876,100,100044,100,99860,100,100055,100,99855,100,100058,100,99829,100,100064,100,99802,100,100085,100,99428,100
2019-06-28 09:41:46.525203799,99976,110,99911,310,100027,210,99910,210,100028,210,99893,210,100038,210,99883,210,100041,100,99876,100,100044,100,99860,100,100055,100,99855,100,100058,100,99829,100,100064,100,99428,100,100085,100,99423,100
2019-06-28 09:41:46.908344121,99976,10,99911,310,100027,210,99910,210,100028,210,99893,210,100038,210,99883,210,100041,100,99876,100,100044,100,99860,100,100055,100,99855,100,100058,100,99829,100,100064,100,99428,100,100085,100,99423,100
2019-06-28 09:41:50.000000000,100027,249,99911,349,100028,245,99910,245,100038,245,99893,245,100041,100,99883,100,100044,100,99876,100,100055,100,99860,100,100058,100,99855,100,100064,100,99829,100,100085,100,99428,100,100114,100,99423,100
2019-06-28 09:41:52.135430378,100027,249,99976,100,100028,245,99911,349,100038,245,99910,245,100041,100,99893,245,100044,100,99883,100,100055,100,99876,100,100058,100,99860,100,100064,100,99855,100,100085,100,99829,100,100114,100,99428,100
2019-06-28 09:42:00.000000000,100027,538,99976,538,100028,100,99911,200,100038,100,99910,100,100041,100,99893,100,100044,100,99883,100,100055,100,99876,100,100058,100,99860,100,100064,100,99855,100,100085,100,99829,100,100114,100,99428,100
2019-06-28 09:42:10.000000000,100027,210,99976,210,100028,210,99911,310,100038,210,99910,210,100041,210,99893,210,100044,100,99883,100,100055,100,99876,100,100058,100,99860,100,100064,100,99855,100,100085,100,99829,100,100114,100,99428,100
2019-06-28 09:42:12.706772326,100027,110,99976,210,100028,210,99911,310,100038,210,99910,210,100041,210,99893,210,100044,100,99883,100,100055,100,99876,100,100058,100,99860,100,100064,100,99855,100,100085,100,99829,100,100114,100,99428,100
2019-06-28 09:42:15.284409806,100027,110,99976,210,100028,210,99911,310,100038,210,99910,210,100041,210,99893,210,100044,100,99883,100,100055,100,99876,100,100058,100,99860,100,100064,100,99855,100,100085,100,99829,100,100114,100,99428,100
2019-06-28 09:42:20.000000000,100028,188,99976,188,100038,188,99911,288,100041,188,99910,188,100044,188,99893,188,100055,188,99883,188,100058,100,99876,100,100064,100,99860,100,100085,100,99855,100,100114,100,99829,100,100139,100,99428,100
2019-06-28 09:42:30.000000000,100028,249,99976,249,100038,245,99911,345,100041,245,99910,245,100044,100,99893,100,100055,100,99883,100,100058,100,99876,100,100064,100,99860,100,100085,100,99855,100,100114,100,99829,100,100139,100,99428,100
2019-06-28 09:42:32.606944182,100028,149,99976,249,100038,245,99911,345,100041,245,99910,245,100044,100,99893,100,100055,100,99883,100,100058,100,99876,100,100064,100,99860,100,100085,100,99855,100,100114,100,99829,100,100139,100,99428,100
2019-06-28 09:42:40.000000000,100038,538,99976,538,100041,100,99911,200,100044,100,99910,100,100055,100,99893,100,100058,100,99883,100,100064,100,99876,100,100085,100,99860,100,100114,100,99855,100,100139,100,99829,100,100143,100,99428,100
2019-06-28 09:42:46.855055692,100038,538,99976,538,100041,100,99911,200,100044,100,99910,100,100055,100,99893,100,100058,100,99883,100,100064,100,99876,100,100085,100,99860,100,100114,100,99855,100,100139,100,99829,100,100143,100,99428,100
2019-06-28 09:42:50.000000000,100038,249,99976,249,100041,245,99911,345,100044,245,99910,245,100055,100,99893,100,100058,100,99883,100,100064,100,99876,100,100085,100,99860,100,100114,100,99855,100,100139,100,99829,100,100143,100,99428,100
2019-06-28 09:43:00.000000000,100038,319,99976,319,100041,319,99911,419,100044,100,99910,100,100055,100,99893,100,100058,100,99883,100,100064,100,99876,100,100085,100,99860,100,100114,100,99855,100,100139,100,99829,100,100143,100,99428,100
2019-06-28 09:43:04.587643372,100038,319,99976,319,100041,319,99911,419,100044,100,99910,100,100055,100,99893,100,100058,100,99883,100,100064,100,99876,100,100085,100,99860,100,100114,100,99855,100,100139,100,99829,100,100143,100,99428,100
2019-06-28 09:43:10.000000000,100038,210,99976,210,100041,210,99911,310,100044,210,99910,210,100055,210,99893,210,100058,100,99883,100,100064,100,99876,100,100085,100,99860,100,100114,100,99855,100,100139,100,99829,100,100143,100,99428,100
2019-06-28 09:43:20.000000000,100038,188,99976,188,100041,188,99911,288,100044,188,99910,188,100055,188,99893,188,100058,188,99883,188,100064,100,99876,100,100085,100,99860,100,100114,100,99855,100,100139,100,99829,100,100143,100,99428,100
2019-06-28 09:43:30.000000000,100038,188,99976,188,100041,188,99911,288,100044,188,99910,188,100055,188,99893,188,100058,188,99883,188,100064,100,99876,100,100085,100,99860,100,100114,100,99855,100,100139,100,99829,100,100143,100,99428,100
2019-06-28 09:43:40.000000000,100038,249,99976,249,100041,245,99911,345,100044,245,99910,245,100055,100,99893,100,100058,100,99883,100,100064,100,99876,100,100085,100,99860,100,100114,100,99855,100,100139,100,99829,100,100143,100,99428,100
2019-06-28 09:43:50.000000000,100038,538,99976,538,100041,100,99911,200,100044,100,99910,100,100055,100,99893,100,100058,100,99883,100,100064,100,99876,100,100085,100,99860,100,100114,100,99855,100,100139,100,99829,100,100143,100,99428,100
2019-06-28 09:44:00.000000000,100038,249,99976,249,100041,245,99911,345,100044,245,99910,245,100055,100,99893,100,100058,100,99883,100,100064,100,99876,100,100085,100,99860,100,100114,100,99855,100,100139,100,99829,100,100143,100,99428,100
2019-06-28 09:44:10.000000000,100038,210,99976,210,100041,210,99911,310,100044,210,99910,210,100055,210,99893,210,100058,100,99883,100,100064,100,99876,100,100085,100,99860,100,100114,100,99855,100,100139,100,99829,100,100143,100,99428,100
2019-06-28 09:44:18.943378993,100038,210,99976,210,100041,210,99911,210,100044,210,99910,210,100055,210,99893,210,100058,100,99883,100,100064,100,99876,100,100085,100,99860,100,100114,100,99855,100,100139,100,99829,100,100143,100,99428,100
2019-06-28 09:44:20.000000000,100038,319,99976,319,100041,319,99911,319,100044,100,99910,100,100055,100,99893,100,100058,100,99883,100,100064,100,99876,100,100085,100,99860,100,100114,100,99855,100,100139,100,99829,100,100143,100,99428,100
2019-06-28 09:44:30.000000000,100038,319,99976,319,100041,319,99911,319,100044,100,99910,100,100055,100,99893,100,100058,100,99883,100,100064,100,99876,100,100085,100,99860,100,100114,100,99855,100,100139,100,99829,100,100143,100,99428,100
2019-06-28 09:44:40.000000000,100038,249,99976,249,100041,245,99911,245,100044,245,99910,245,100055,100,99893,100,100058,100,99883,100,100064,100,99876,100,100085,100,99860,100,100114,100,99855,100,100139,100,99829,100,100143,100,99428,100
2019-06-28 09:44:50.000000000,100038,188,99976,188,100041,188,99911,188,100044,188,99910,188,100055,188,99893,188,100058,188,99883,188,100064,100,99876,100,100085,100,99860,100,100114,100,99855,100,100139,100,99829,100,100143,100,99428,100
2019-06-28 09:44:50.532990771,100038,188,99976,188,100041,188,99911,188,100044,188,99910,188,100055,188,99893,188,100058,188,99883,188,100064,100,99876,100,100085,100,99860,100,100114,100,99855,100,100139,100,99829,100,100143,100,99428,100
2019-06-28 09:44:56.453781205,100038,88,99976,188,100041,188,99911,188,100044,188,99910,188,100055,188,99893,188,100058,188,99883,188,100064,100,99876,100,100085,100,99860,100,100114,100,99855,100,100139,100,99829,100,100143,100,99428,100
2019-06-28 09:45:00.000000000,100041,538,99976,538,100044,100,99911,100,100055,100,99910,100,100058,100,99893,100,100064,100,99883,100,100085,100,99876,100,100114,100,99860,100,100139,100,99855,100,100143,100,99829,100,100209,100,99428,100
2019-06-28 09:45:01.478216556,100041,438,99976,538,100044,100,99911,100,100055,100,99910,100,100058,100,99893,100,100064,100,99883,100,100085,100,99876,100,100114,100,99860,100,100139,100,99855,100,100143,100,99829,100,100209,100,99428,100
2019-06-28 09:45:10.000000000,100044,249,99976,249,100055,245,99911,245,100058,245,99910,245,100064,100,99893,100,100085,100,99883,100,100114,100,99876,100,100139,100,99860,100,100143,100,99855,100,100209,100,99829,100,100365,100,99428,100
2019-06-28 09:45:11.470369704,100044,149,99976,249,100055,245,99911,245,100058,245,99910,245,100064,100,99893,100,100085,100,99883,100,100114,100,99876,100,100139,100,99860,100,100143,100,99855,100,100209,100,99829,100,100365,100,99428,100
2019-06-28 09:45:20.000000000,100055,319,99976,319,100058,319,99911,319,100064,100,99910,100,100085,100,99893,100,100114,100,99883,100,100139,100,99876,100,100143,100,99860,100,100209,100,99855,100,100365,100,99829,100,100372,100,99428,100
2019-06-28 09:45:20.412447964,100055,219,99976,319,100058,319,99911,319,100064,100,99910,100,100085,100,99893,100,100114,100,99883,100,100139,100,99876,100,100143,100,99860,100,100209,100,99855,100,100365,100,99829,100,100372,100,99428,100
2019-06-28 09:45:27.264843011,100055,219,99976,319,100058,319,99911,319,100064,100,99910,100,100085,100,99893,100,100114,100,99883,100,100139,100,99876,100,100143,100,99860,100,100209,100,99855,100,100365,100,99829,100,100372,100,99428,100
2019-06-28 09:45:28.023415721,100055,119,99976,319,100058,319,99911,319,100064,100,99910,100,100085,100,99893,100,100114,100,99883,100,100139,100,99876,100,100143,100,99860,100,100209,100,99855,100,100365,100,99829,100,100372,100,99428,100
2019-06-28 09:45:30.000000000,100058,249,99976,249,100064,245,99911,245,100085,245,99910,245,100114,100,99893,100,100139,100,99883,100,100143,100,99876,100,100209,100,99860,100,100365,100,99855,100,100372,100,99829,100,100503,100,99428,100
2019-06-28 09:45:37.146143582,100058,249,99976,249,100064,245,99911,245,100085,245,99910,245,100114,100,99893,100,100139,100,99883,100,100143,100,99876,100,100209,100,99860,100,100365,100,99855,100,100372,100,99829,100,100503,100,99428,100
2019-06-28 09:45:40.000000000,100058,249,99976,249,100064,245,99911,245,100085,245,99910,245,100114,100,99893,100,100139,100,99883,100,100143,100,99876,100,100209,100,99860,100,100365,100,99855,100,100372,100,99829,100,100503,100,99428,100
2019-06-28 09:45:46.506653850,100058,249,100055,100,100064,245,99976,249,100085,245,99911,245,100114,100,99910,245,100139,100,99893,100,100143,100,99883,100,100209,100,99876,100,100365,100,99860,100,100372,100,99855,100,100503,100,99829,100
2019-06-28 09:45:50.000000000,100058,188,100055,188,100064,188,99976,188,100085,188,99911,188,100114,188,99910,188,100139,188,99893,188,100143,100,99883,100,100209,100,99876,100,100365,100,99860,100,100372,100,99855,100,100503,100,99829,100
2019-06-28 09:46:00.000000000,100058,538,100055,538,100064,100,99976,100,100085,100,99911,100,100114,100,99910,100,100139,100,99893,100,100143,100,99883,100,100209,100,99876,100,100365,100,99860,100,100372,100,99855,100,100503,100,99829,100
2019-06-28 09:46:06.127825819,100058,538,100055,538,100064,100,99976,100,100085,100,99911,100,100114,100,99910,100,100139,100,99893,100,100143,100,99883,100,100209,100,99876,100,100365,100,99860,100,100372,100,99855,100,100503,100,99829,100
2019-06-28 09:46:10.000000000,100058,319,100055,319,100064,319,99976,319,100085,100,99911,100,100114,100,99910,100,100139,100,99893,100,100143,100,99883,100,100209,100,99876,100,100365,100,99860,100,100372,100,99855,100,100503,100,99829,100
2019-06-28 09:46:17.084126554,100058,319,100055,419,100064,319,99976,319,100085,100,99911,100,100114,100,99910,100,100139,100,99893,100,100143,100,99883,100,100209,100,99876,100,100365,100,99860,100,100372,100,99855,100,100503,100,99829,100
2019-06-28 09:46:20.000000000,100058,249,100055,349,100064,245,99976,245,100085,245,99911,245,100114,100,99910,100,100139,100,99893,100,100143,100,99883,100,100209,100,99876,100,100365,100,99860,100,100372,100,99855,100,100503,100,99829,100
2019-06-28 09:46:30.000000000,100058,188,100055,288,100064,188,99976,188,100085,188,99911,188,100114,188,99910,188,100139,188,99893,188,100143,100,99883,100,100209,100,99876,100,100365,100,99860,100,100372,100,99855,100,100503,100,99829,100
2019-06-28 09:46:40.000000000,100058,249,100055,349,100064,245,99976,245,100085,245,99911,245,100114,100,99910,100,100139,100,99893,100,100143,100,99883,100,100209,100,99876,100,100365,100,99860,100,100372,100,99855,100,100503,100,99829,100
2019-06-28 09:46:50.000000000,100058,538,100055,638,100064,100,99976,100,100085,100,99911,100,100114,100,99910,100,100139,100,99893,100,100143,100,99883,100,100209,100,99876,100,100365,100,99860,100,100372,100,99855,100,100503,100,99829,100
2019-06-28 09:46:54.638113464,100058,538,100055,638,100064,100,99976,100,100085,100,99911,100,100114,100,99910,100,100143,100,99893,100,100209,100,99883,100,100365,100,99876,100,100372,100,99860,100,100503,100,99855,100,100598,100,99829,100
2019-06-28 09:46:56.596624787,100058,538,100055,638,100064,100,99976,100,100085,100,99911,100,100114,100,99910,100,100143,100,99893,100,100209,100,99883,100,100365,100,99876,100,100372,100,99860,100,100503,100,99855,100,100598,100,99829,100
2019-06-28 09:47:00.000000000,100058,249,100055,349,100064,245,99976,245,100085,245,99911,245,100114,100,99910,100,100143,100,99893,100,100209,100,99883,100,100365,100,99876,100,100372,100,99860,100,100503,100,99855,100,100598,100,99829,100
2019-06-28 09:47:03.965276229,100058,149,100055,349,100064,145,99976,245,100085,245,99911,245,100114,100,99910,100,100143,100,99893,100,100209,100,99883,100,100365,100,99876,100,100372,100,99860,100,100503,100,99855,100,100598,100,99829,100
2019-06-28 09:47:10.000000000,100085,210,100055,310,100114,210,99976,210,100143,210,99911,210,100209,210,99910,210,100365,100,99893,100,100372,100,99883,100,100503,100,99876,100,100598,100,99860,100,100659,100,99855,100,100743,100,99829,100
2019-06-28 09:47:20.000000000,100085,319,100055,419,100114,319,99976,319,100143,100,99911,100,100209,100,99910,100,100365,100,99893,100,100372,100,99883,100,100503,100,99876,100,100598,100,99860,100,100659,100,99855,100,100743,100,99829,100
2019-06-28 09:47:24.536925053,100085,219,100055,419,100114,319,99976,319,100143,100,99911,100,100209,100,99910,100,100365,100,99893,100,100372,100,99883,100,100503,100,99876,100,100598,100,99860,100,100659,100,99855,100,100743,100,99829,100
2019-06-28 09:47:30.000000000,100114,538,100055,638,100143,100,99976,100,100209,100,99911,100,100365,100,99910,100,100372,100,99893,100,100503,100,99883,100,100598,100,99876,100,100659,100,99860,100,100743,100,99855,100,100802,100,99829,100
2019-06-28 09:47:40.000000000,100114,249,100055,349,100143,245,99976,245,100209,245,99911,245,100365,100,99910,100,100372,100,99893,100,100503,100,99883,100,100598,100,99876,100,100659,100,99860,100,100743,100,99855,100,100802,100,99829,100
2019-06-28 09:47:50.000000000,100114,319,100055,419,100143,319,99976,319,100209,100,99911,100,100365,100,99910,100,100372,100,99893,100,100503,100,99883,100,100598,100,99876,100,100659,100,99860,100,100743,100,99855,100,100802,100,99829,100
2019-06-28 09:47:53.778717967,100114,319,100055,419,100143,319,99976,319,100209,100,99911,100,100365,100,99910,100,100372,100,99893,100,100503,100,99883,100,100598,100,99876,100,100659,100,99860,100,100743,100,99855,100,100992,100,99829,100
2019-06-28 09:47:58.323785955,100114,319,100055,419,100143,319,99976,319,100209,100,99911,100,100365,100,99910,100,100372,100,99893,100,100503,100,99883,100,100598,100,99876,100,100659,100,99860,100,100743,100,99855,100,100992,100,99829,100
2019-06-28 09:48:00.000000000,100114,188,100055,288,100143,188,99976,188,100209,188,99911,188,100365,188,99910,188,100372,188,99893,188,100503,100,99883,100,100598,100,99876,100,100659,100,99860,100,100743,100,99855,100,100992,100,99829,100
2019-06-28 09:48:03.766567439,100114,88,100055,288,100143,188,99976,188,100209,188,99911,188,100365,188,99910,188,100372,188,99893,188,100503,100,99883,100,100598,100,99876,100,100659,100,99860,100,100743,100,99855,100,100992,100,99829,100
2019-06-28 09:48:10.000000000,100143,188,100055,288,100209,188,99976,188,100365,188,99911,188,100372,188,99910,188,100503,188,99893,188,100598,100,99883,100,100659,100,99876,100,100743,100,99860,100,100992,100,99855,100,100999,100,99829,100
2019-06-28 09:48:14.233026956,100143,188,100055,288,100209,188,99976,188,100365,188,99911,188,100372,188,99910,188,100503,188,99893,188,100598,100,99883,100,100659,100,99876,100,100743,100,99860,100,100992,100,99855,100,100999,100,99829,100
2019-06-28 09:48:19.246982539,100143,88,100055,288,100209,188,99976,188,100365,188,99911,188,100372,188,99910,188,100503,188,99893,188,100598,100,99883,100,100659,100,99876,100,100743,100,99860,100,100992,100,99855,100,100999,100,99829,100
2019-06-28 09:48:20.000000000,100209,538,100055,638,100365,100,99976,100,100372,100,99911,100,100503,100,99910,100,100598,100,99893,100,100659,100,99883,100,100743,100,99876,100,100992,100,99860,100,100999,100,99855,100,101190,100,99829,100
2019-06-28 09:48:30.000000000,100209,249,100055,349,100365,245,99976,245,100372,245,99911,245,100503,100,99910,100,100598,100,99893,100,100659,100,99883,100,100743,100,99876,100,100992,100,99860,100,100999,100,99855,100,101190,100,99829,100
2019-06-28 09:48:40.000000000,100209,188,100055,288,100365,188,99976,188,100372,188,99911,188,100503,188,99910,188,100598,188,99893,188,100659,100,99883,100,100743,100,99876,100,100992,100,99860,100,100999,100,99855,100,101190,100,99829,100
2019-06-28 09:48:50.000000000,100209,249,100055,349,100365,245,99976,245,100372,245,99911,245,100503,100,99910,100,100598,100,99893,100,100659,100,99883,100,100743,100,99876,100,100992,100,99860,100,100999,100,99855,100,101190,100,99829,100
2019-06-28 09:49:00.000000000,100209,319,100055,419,100365,319,99976,319,100372,100,99911,100,100503,100,99910,100,100598,100,99893,100,100659,100,99883,100,100743,100,99876,100,100992,100,99860,100,100999,100,99855,100,101190,100,99829,100
2019-06-28 09:49:00.164282201,100209,219,100055,419,100365,319,99976,319,100372,100,99911,100,100503,100,99910,100,100598,100,99893,100,100659,100,99883,100,100743,100,99876,100,100992,100,99855,100,100999,100,99829,100,101190,100,99304,100
2019-06-28 09:49:10.000000000,100365,210,100055,310,100372,210,99976,210,100503,210,99911,210,100598,210,99910,210,100659,100,99893,100,100743,100,99883,100,100992,100,99876,100,100999,100,99855,100,101190,100,99829,100,101356,100,99304,100
2019-06-28 09:49:14.206075671,100365,110,100055,310,100372,210,99976,210,100503,210,99911,210,100598,210,99910,210,100659,100,99893,100,100743,100,99883,100,100992,100,99876,100,100999,100,99855,100,101190,100,99829,100,101356,100,99304,100
2019-06-28 09:49:20.000000000,100372,319,100055,419,100503,319,99976,319,100598,100,99911,100,100659,100,99910,100,100743,100,99893,100,100992,100,99883,100,100999,100,99876,100,101190,100,99855,100,101356,100,99829,100,101588,100,99304,100
2019-06-28 09:49:30.000000000,100372,538,100055,638,100503,100,99976,100,100598,100,99911,100,100659,100,99910,100,100743,100,99893,100,100992,100,99883,100,100999,100,99876,100,101190,100,99855,100,101356,100,99829,100,101588,100,99304,100
2019-06-28 09:49:40.000000000,100372,188,100055,288,100503,188,99976,188,100598,188,99911,188,100659,188,99910,188,100743,188,99893,188,100992,100,99883,100,100999,100,99876,100,101190,100,99855,100,101356,100,99829,100,101588,100,99304,100
2019-06-28 09:49:43.363829081,100372,88,100055,288,100503,188,99976,188,100598,188,99911,188,100659,188,99910,188,100743,188,99893,188,100992,100,99883,100,100999,100,99876,100,101190,100,99855,100,101356,100,99829,100,101588,100,99304,100
2019-06-28 09:49:47.489079960,100503,188,100372,12,100598,188,100055,288,100659,188,99976,188,100743,188,99911,188,100992,100,99910,188,100999,100,99893,188,101190,100,99883,100,101356,100,99876,100,101588,100,99855,100,101612,100,99829,100
2019-06-28 09:49:50.000000000,100503,188,100372,100,100598,188,100055,288,100659,188,99976,188,100743,188,99911,188,100992,188,99910,188,100999,100,99893,100,101190,100,99883,100,101356,100,99876,100,101588,100,99855,100,101612,100,99829,100
2019-06-28 09:49:55.872597126,100503,88,100372,100,100598,188,100055,288,100659,188,99976,188,100743,188,99911,188,100992,188,99910,188,100999,100,99893,100,101190,100,99883,100,101356,100,99876,100,101588,100,99855,100,101612,100,99829,100
2019-06-28 09:50:00.000000000,100598,188,100372,100,100659,188,100055,288,100743,188,99976,188,100992,188,99911,188,100999,188,99910,188,101190,100,99893,100,101356,100,99883,100,101588,100,99876,100,101612,100,99855,100,101789,100,99829,100
2019-06-28 09:50:10.000000000,100598,188,100372,100,100659,188,100055,288,100743,188,99976,188,100992,188,99911,188,100999,188,99910,188,101190,100,99893,100,101356,100,99883,100,101588,100,99876,100,101612,100,99855,100,101789,100,99829,100
2019-06-28 09:50:18.227227278,100598,88,100372,100,100659,188,100055,288,100743,188,99976,188,100992,188,99911,188,100999,188,99910,188,101190,100,99893,100,101356,100,99883,100,101588,100,99876,100,101612,100,99855,100,101789,100,99829,100
2019-06-28 09:50:20.000000000,100659,188,100372,100,100743,188,100055,288,100992,188,99976,188,100999,188,99911,188,101190,188,99910,188,101356,100,99893,100,101588,100,99883,100,101612,100,99876,100,101789,100,99855,100,,,99829,100
2019-06-28 09:50:24.354291054,100659,188,100372,100,100743,188,100055,288,100992,188,99976,188,100999,188,99911,188,101190,188,99910,188,101198,100,99893,100,101356,100,99883,100,101588,100,99876,100,101612,100,99855,100,101789,100,99829,100
2019-06-28 09:50:30.000000000,100659,249,100372,161,100743,245,100055,345,100992,245,99976,245,100999,100,99911,100,101190,100,99910,100,101198,100,99893,100,101356,100,99883,100,101588,100,99876,100,101612,100,99855,100,101789,100,99829,100
2019-06-28 09:50:35.591651962,100659,249,100503,100,100743,245,100372,161,100992,245,100055,345,100999,100,99976,245,101190,100,99911,100,101198,100,99910,100,101356,100,99893,100,101588,100,99883,100,101612,100,99876,100,101789,100,99855,100
2019-06-28 09:50:37.347003595,100659,249,100503,200,100743,245,100372,161,100992,245,100055,345,100999,100,99976,245,101190,100,99911,100,101198,100,99910,100,101356,100,99893,100,101588,100,99883,100,101612,100,99876,100,101789,100,99855,100
2019-06-28 09:50:40.000000000,100659,188,100503,288,100743,188,100372,100,100992,188,100055,288,100999,188,99976,188,101190,188,99911,188,101198,100,99910,100,101356,100,99893,100,101588,100,99883,100,101612,100,99876,100,101789,100,99855,100
2019-06-28 09:50:50.000000000,100659,319,100503,419,100743,319,100372,231,100992,100,100055,200,100999,100,99976,100,101190,100,99911,100,101198,100,99910,100,101356,100,99893,100,101588,100,99883,100,101612,100,99876,100,101789,100,99855,100
2019-06-28 09:51:00.000000000,100659,538,100503,638,100743,100,100372,12,100992,100,100055,200,100999,100,99976,100,101190,100,99911,100,101198,100,99910,100,101356,100,99893,100,101588,100,99883,100,101612,100,99876,100,101789,100,99855,100
2019-06-28 09:51:02.362266654,100659,538,100503,638,100743,100,100372,12,100992,100,100055,200,100999,100,99976,100,101190,100,99911,100,101198,100,99910,100,101356,100,99893,100,101364,100,99883,100,101588,100,99876,100,101612,100,99855,100
2019-06-28 09:51:06.624942865,100659,538,100503,638,100743,100,100372,12,100992,100,100055,200,100999,100,99976,100,101190,100,99911,100,101198,100,99910,100,101356,100,99893,100,101364,100,99883,100,101375,100,99876,100,101588,100,99855,100
2019-06-28 09:51:10.000000000,100659,538,100503,638,100743,100,100372,12,100992,100,100055,200,100999,100,99976,100,101190,100,99911,100,101198,100,99910,100,101356,100,99893,100,101364,100,99883,100,101375,100,99876,100,101588,100,99855,100
2019-06-28 09:51:11.638423110,100659,438,100503,638,100743,100,100372,12,100992,100,100055,200,100999,100,99976,100,101198,100,99911,100,101356,100,99910,100,101364,100,99893,100,101375,100,99883,100,101588,100,99876,100,101612,100,99855,100
2019-06-28 09:51:20.000000000,100743,188,100503,288,100992,188,100372,100,100999,188,100055,288,101198,188,99976,188,101356,188,99911,188,101364,100,99910,100,101375,100,99893,100,101588,100,99883,100,101612,100,99876,100,101789,100,99855,100
2019-06-28 09:51:27.886747574,100743,88,100503,288,100992,188,100372,100,100999,188,100055,288,101198,188,99976,188,101356,188,99911,188,101364,100,99910,100,101375,100,99893,100,101588,100,99883,100,101612,100,99876,100,101789,100,99855,100
2019-06-28 09:51:30.000000000,100992,210,100503,310,100999,210,100372,122,101198,210,100055,310,101356,210,99976,210,101364,100,99911,100,101375,100,99910,100,101588,100,99893,100,101612,100,99883,100,101789,100,99876,100,,,99855,100
2019-06-28 09:51:40.000000000,100992,188,100503,288,100999,188,100372,100,101198,188,100055,288,101356,188,99976,188,101364,188,99911,188,101375,100,99910,100,101588,100,99893,100,101612,100,99883,100,101789,100,99876,100,,,99855,100
2019-06-28 09:51:50.000000000,100992,319,100503,419,100999,319,100372,231,101198,100,100055,200,101356,100,99976,100,101364,100,99911,100,101375,100,99910,100,101588,100,99893,100,101612,100,99883,100,101789,100,99876,100,,,99855,100
2019-06-28 09:51:59.649817544,100992,319,100503,419,100999,319,100372,231,101198,100,100055,200,101356,100,99976,100,101364,100,99911,100,101375,100,99910,100,101436,100,99893,100,101588,100,99883,100,101612,100,99876,100,101789,100,99855,100
2019-06-28 09:52:00.000000000,100992,319,100503,419,100999,319,100372,231,101198,100,100055,200,101356,100,99976,100,101364,100,99911,100,101375,100,99910,100,101436,100,99893,100,101588,100,99883,100,101612,100,99876,100,101789,100,99855,100
2019-06-28 09:52:03.132319038,100992,219,100503,419,100999,319,100372,231,101198,100,100055,200,101356,100,99976,100,101364,100,99911,100,101375,100,99910,100,101436,100,99893,100,101588,100,99883,100,101612,100,99876,100,101789,100,99855,100
2019-06-28 09:52:10.000000000,100999,319,100503,419,101198,319,100372,231,101356,100,100055,200,101364,100,99976,100,101375,100,99911,100,101436,100,99910,100,101588,100,99893,100,101612,100,99883,100,101789,100,99876,100,,,99855,100
2019-06-28 09:52:16.241094395,100999,219,100503,419,101198,319,100372,231,101356,100,100055,200,101364,100,99976,100,101375,100,99911,100,101436,100,99910,100,101588,100,99893,100,101612,100,99883,100,101789,100,99876,100,,,99855,100
2019-06-28 09:52:20.000000000,101198,538,100503,638,101356,100,100372,12,101364,100,100055,200,101375,100,99976,100,101436,100,99911,100,101588,100,99910,100,101612,100,99893,100,101789,100,99883,100,,,99876,100,,,99855,100
2019-06-28 09:52:26.275513833,101198,538,100503,638,101356,100,100372,12,101364,100,100055,200,101375,100,99976,100,101436,100,99911,100,101588,100,99910,100,101612,100,99893,100,101781,100,99883,100,101789,100,99876,100,,,99855,100
2019-06-28 09:52:30.000000000,101198,210,100503,310,101356,210,100372,122,101364,210,100055,310,101375,210,99976,210,101436,100,99911,100,101588,100,99910,100,101612,100,99893,100,101781,100,99883,100,101789,100,99876,100,,,99855,100
2019-06-28 09:52:40.000000000,101198,188,100503,288,101356,188,100372,100,101364,188,100055,288,101375,188,99976,188,101436,188,99911,188,101588,100,99910,100,101612,100,99893,100,101781,100,99883,100,101789,100,99876,100,,,99855,100
2019-06-28 09:52:41.680798180,101198,188,100992,100,101356,188,100503,288,101364,188,100372,100,101375,188,100055,288,101436,188,99976,188,101588,100,99911,188,101612,100,99910,100,101781,100,99893,100,101789,100,99883,100,,,99876,100
2019-06-28 09:52:43.639699065,101198,188,100992,100,101356,188,100503,288,101364,88,100372,100,101375,188,100055,288,101436,188,99976,188,101588,100,99911,188,101612,100,99910,100,101781,100,99893,100,101789,100,99883,100,101794,100,99876,100
2019-06-28 09:52:47.624522144,101198,188,100992,200,101356,188,100503,288,101364,88,100372,100,101375,188,100055,288,101436,188,99976,188,101588,100,99911,188,101612,100,99910,100,101781,100,99893,100,101789,100,99883,100,101794,100,99876,100
2019-06-28 09:52:50.000000000,101198,319,100992,419,101356,319,100503,419,101375,100,100372,12,101436,100,100055,200,101588,100,99976,100,101612,100,99911,100,101781,100,99910,100,101789,100,99893,100,101794,100,99883,100,,,99876,100
2019-06-28 09:52:59.778236492,101198,319,100992,419,101282,100,100503,419,101356,319,100372,12,101375,100,100055,200,101436,100,99976,100,101588,100,99911,100,101612,100,99910,100,101781,100,99893,100,101789,100,99883,100,101794,100,99876,100
2019-06-28 09:53:00.000000000,101198,210,100992,310,101282,210,100503,310,101356,210,100372,122,101375,210,100055,310,101436,100,99976,100,101588,100,99911,100,101612,100,99910,100,101781,100,99893,100,101789,100,99883,100,101794,100,99876,100
2019-06-28 09:53:10.000000000,101198,210,100992,310,101282,210,100503,310,101356,210,100372,122,101375,210,100055,310,101436,100,99976,100,101588,100,99911,100,101612,100,99910,100,101781,100,99893,100,101789,100,99883,100,101794,100,99876,100
2019-06-28 09:53:20.000000000,101198,249,100992,349,101282,245,100503,345,101356,245,100372,157,101375,100,100055,200,101436,100,99976,100,101588,100,99911,100,101612,100,99910,100,101781,100,99893,100,101789,100,99883,100,101794,100,99876,100
2019-06-28 09:53:30.000000000,101198,210,100992,310,101282,210,100503,310,101356,210,100372,122,101375,210,100055,310,101436,100,99976,100,101588,100,99911,100,101612,100,99910,100,101781,100,99893,100,101789,100,99883,100,101794,100,99876,100
2019-06-28 09:53:34.911534308,101198,210,100992,310,101282,210,100503,210,101356,210,100372,122,101375,210,100055,310,101436,100,99976,100,101588,100,99911,100,101612,100,99910,100,101781,100,99893,100,101789,100,99883,100,101794,100,99876,100
2019-06-28 09:53:40.000000000,101198,538,100992,638,101282,100,100503,100,101356,100,100372,12,101375,100,100055,200,101436,100,99976,100,101588,100,99911,100,101612,100,99910,100,101781,100,99893,100,101789,100,99883,100,101794,100,99876,100
2019-06-28 09:53:47.233009743,101198,538,100992,638,101282,100,100503,100,101356,100,100372,12,101375,100,100055,200,101436,100,99976,100,101468,100,99911,100,101588,100,99910,100,101612,100,99893,100,101781,100,99876,100,101789,100,99855,100
2019-06-28 09:53:50.000000000,101198,249,100992,349,101282,245,100503,245,101356,245,100372,157,101375,100,100055,200,101436,100,99976,100,101468,100,99911,100,101588,100,99910,100,101612,100,99893,100,101781,100,99876,100,101789,100,99855,100
2019-06-28 09:53:55.158354282,101198,249,100992,349,101282,245,100503,145,101356,245,100372,157,101375,100,100055,200,101436,100,99976,100,101468,100,99911,100,101588,100,99910,100,101612,100,99893,100,101781,100,99876,100,101789,100,99855,100
2019-06-28 09:53:57.794167578,101198,149,100992,349,101282,245,100503,145,101356,245,100372,157,101375,100,100055,200,101436,100,99976,100,101468,100,99911,100,101588,100,99910,100,101612,100,99893,100,101781,100,99876,100,101789,100,99855,100
2019-06-28 09:54:00.000000000,101282,249,100992,349,101356,245,100372,157,101375,245,100055,345,101436,100,99976,100,101468,100,99911,100,101588,100,99910,100,101612,100,99893,100,101781,100,99876,100,101789,100,99855,100,101794,100,99829,100
2019-06-28 09:54:02.362591914,101282,249,101209,100,101356,245,100992,349,101375,245,100372,157,101436,100,100055,345,101468,100,99976,100,101588,100,99911,100,101612,100,99910,100,101781,100,99893,100,101789,100,99876,100,101794,100,99855,100
2019-06-28 09:54:10.000000000,101282,188,101209,188,101356,188,100992,288,101375,188,100372,100,101436,188,100055,288,101468,188,99976,188,101588,100,99911,100,101612,100,99910,100,101781,100,99893,100,101789,100,99876,100,101794,100,99855,100
2019-06-28 09:54:17.418756542,101282,188,101248,100,101356,188,101209,188,101375,188,100992,288,101436,188,100372,100,101468,188,100055,288,101588,100,99976,188,101612,100,99911,100,101781,100,99910,100,101789,100,99893,100,101794,100,99876,100
2019-06-28 09:54:18.706628206,101282,188,101248,100,101356,188,101209,188,101375,188,100999,100,101436,188,100992,288,101468,188,100372,100,101588,100,100055,288,101612,100,99976,188,101781,100,99911,100,101789,100,99910,100,101794,100,99893,100
2019-06-28 09:54:20.000000000,101282,319,101248,319,101356,319,101209,319,101375,100,100999,100,101436,100,100992,200,101468,100,100372,12,101588,100,100055,200,101612,100,99976,100,101781,100,99911,100,101789,100,99910,100,101794,100,99893,100
2019-06-28 09:54:30.000000000,101282,319,101248,319,101356,319,101209,319,101375,100,100999,100,101436,100,100992,200,101468,100,100372,12,101588,100,100055,200,101612,100,99976,100,101781,100,99911,100,101789,100,99910,100,101794,100,99893,100
2019-06-28 09:54:40.000000000,101282,319,101248,319,101356,319,101209,319,101375,100,100999,100,101436,100,100992,200,101468,100,100372,12,101588,100,100055,200,101612,100,99976,100,101781,100,99911,100,101789,100,99910,100,101794,100,99893,100
2019-06-28 09:54:50.000000000,101282,249,101248,249,101356,245,101209,245,101375,245,100999,245,101436,100,100992,200,101468,100,100372,12,101588,100,100055,200,101612,100,99976,100,101781,100,99911,100,101789,100,99910,100,101794,100,99893,100
2019-06-28 09:54:56.133223973,101282,249,101248,249,101284,100,101209,245,101356,245,100999,245,101375,245,100992,200,101436,100,100372,12,101468,100,100055,200,101588,100,99976,100,101612,100,99911,100,101789,100,99910,100,101794,100,99893,100
2019-06-28 09:54:59.660342856,101282,249,101248,249,101284,100,101209,345,101356,245,100999,245,101375,245,100992,200,101436,100,100372,12,101468,100,100055,200,101588,100,99976,100,101612,100,99911,100,101789,100,99910,100,101794,100,99893,100
2019-06-28 09:55:00.000000000,101282,538,101248,538,101284,100,101209,200,101356,100,100999,100,101375,100,100992,200,101436,100,100372,12,101468,100,100055,200,101588,100,99976,100,101612,100,99911,100,101789,100,99910,100,101794,100,99893,100
2019-06-28 09:55:10.000000000,101282,538,101248,538,101284,100,101209,200,101356,100,100999,100,101375,100,100992,200,101436,100,100372,12,101468,100,100055,200,101588,100,99976,100,101612,100,99911,100,101789,100,99910,100,101794,100,99893,100
2019-06-28 09:55:20.000000000,101282,210,101248,210,101284,210,101209,310,101356,210,100999,210,101375,210,100992,310,101436,100,100372,12,101468,100,100055,200,101588,100,99976,100,101612,100,99911,100,101789,100,99910,100,101794,100,99893,100
2019-06-28 09:55:30.000000000,101282,319,101248,319,101284,319,101209,419,101356,100,100999,100,101375,100,100992,200,101436,100,100372,12,101468,100,100055,200,101588,100,99976,100,101612,100,99911,100,101789,100,99910,100,101794,100,99893,100
2019-06-28 09:55:40.000000000,101282,538,101248,538,101284,100,101209,200,101356,100,100999,100,101375,100,100992,200,101436,100,100372,12,101468,100,100055,200,101588,100,99976,100,101612,100,99911,100,101789,100,99910,100,101794,100,99893,100
2019-06-28 09:55:50.000000000,101282,538,101248,538,101284,100,101209,200,101356,100,100999,100,101375,100,100992,200,101436,100,100372,12,101468,100,100055,200,101588,100,99976,100,101612,100,99911,100,101789,100,99910,100,101794,100,99893,100
2019-06-28 09:55:54.502435133,101282,538,101248,538,101284,100,101209,200,101356,100,100999,200,101375,100,100992,200,101436,100,100372,12,101468,100,100055,200,101588,100,99976,100,101612,100,99911,100,101789,100,99910,100,101794,100,99893,100
2019-06-28 09:55:59.867788803,101282,438,101248,538,101284,100,101209,200,101356,100,100999,200,101375,100,100992,200,101436,100,100372,12,101468,100,100055,200,101588,100,99976,100,101612,100,99911,100,101789,100,99910,100,101794,100,99893,100
2019-06-28 09:56:00.000000000,101284,188,101248,188,101356,188,101209,288,101375,188,100999,288,101436,188,100992,288,101468,188,100372,100,101588,100,100055,200,101612,100,99976,100,101789,100,99911,100,101794,100,99910,100,,,99893,100
2019-06-28 09:56:07.677965803,101284,188,101249,100,101356,188,101248,188,101375,188,101209,288,101436,188,100999,288,101468,188,100992,288,101588,100,100372,100,101612,100,100055,200,101789,100,99976,100,101794,100,99911,100,,,99910,100
2019-06-28 09:56:08.691165271,101284,188,101249,200,101356,188,101248,188,101375,188,101209,288,101436,188,100999,288,101468,188,100992,188,101588,100,100372,100,101612,100,100055,200,101789,100,99976,100,101794,100,99911,100,,,99910,100
2019-06-28 09:56:10.000000000,101284,188,101249,288,101356,188,101248,188,101375,188,101209,288,101436,188,100999,288,101468,188,100992,188,101588,100,100372,12,101612,100,100055,200,101789,100,99976,100,101794,100,99911,100,,,99910,100
2019-06-28 09:56:11.408702106,101284,188,101249,288,101356,188,101248,188,101375,188,101209,288,101436,188,100999,288,101468,188,100992,188,101588,100,100372,12,101612,100,100055,200,101780,100,99976,100,101789,100,99911,100,101794,100,99910,100
2019-06-28 09:56:20.000000000,101284,538,101249,638,101356,100,101248,100,101375,100,101209,200,101436,100,100999,200,101468,100,100992,100,101588,100,100372,12,101612,100,100055,200,101780,100,99976,100,101789,100,99911,100,101794,100,99910,100
2019-06-28 09:56:21.654972098,101284,438,101249,638,101356,100,101248,100,101375,100,101209,200,101436,100,100999,200,101468,100,100992,100,101588,100,100372,12,101612,100,100055,200,101780,100,99976,100,101789,100,99911,100,101794,100,99910,100
2019-06-28 09:56:30.000000000,101356,249,101249,349,101375,245,101248,245,101436,245,101209,345,101468,100,100999,200,101588,100,100992,100,101612,100,100372,12,101780,100,100055,200,101789,100,99976,100,101794,100,99911,100,,,99910,100
2019-06-28 09:56:40.000000000,101356,249,101249,349,101375,245,101248,245,101436,245,101209,345,101468,100,100999,200,101588,100,100992,100,101612,100,100372,12,101780,100,100055,200,101789,100,99976,100,101794,100,99911,100,,,99910,100
2019-06-28 09:56:50.000000000,101356,188,101249,288,101375,188,101248,188,101436,188,101209,288,101468,188,100999,288,101588,188,100992,188,101612,100,100372,12,101780,100,100055,200,101789,100,99976,100,101794,100,99911,100,,,99910,100
2019-06-28 09:56:59.266504760,101356,188,101249,288,101375,88,101248,188,101436,188,101209,288,101468,188,100999,288,101588,188,100992,188,101612,100,100372,12,101663,100,100055,200,101780,100,99976,100,101789,100,99911,100,101794,100,99910,100
2019-06-28 09:57:00.000000000,101356,210,101249,310,101436,210,101248,210,101468,210,101209,310,101588,210,100999,310,101612,100,100992,100,101663,100,100372,12,101780,100,100055,200,101789,100,99976,100,101794,100,99911,100,,,99910,100
2019-06-28 09:57:03.904435278,101356,110,101249,310,101436,210,101248,210,101468,210,101209,310,101588,210,100999,310,101612,100,100992,100,101663,100,100372,12,101780,100,100055,200,101789,100,99976,100,101794,100,99911,100,,,99910,100
2019-06-28 09:57:04.675703103,101356,10,101249,310,101436,210,101248,210,101468,210,101209,310,101588,210,100999,310,101612,100,100992,100,101663,100,100372,12,101780,100,100055,200,101789,100,99976,100,101794,100,99911,100,,,99910,100
2019-06-28 09:57:10.000000000,101436,188,101249,288,101468,188,101248,188,101588,188,101209,288,101612,188,100999,288,101663,188,100992,188,101780,100,100372,12,101789,100,100055,200,101794,100,99976,100,,,99911,100,,,99910,100
2019-06-28 09:57:20.000000000,101436,210,101249,310,101468,210,101248,210,101588,210,101209,310,101612,210,100999,310,101663,100,100992,100,101780,100,100372,12,101789,100,100055,200,101794,100,99976,100,,,99911,100,,,99910,100
2019-06-28 09:57:20.023169340,101436,110,101249,310,101468,210,101248,210,101588,210,101209,310,101612,210,100999,310,101663,100,100992,100,101780,100,100372,12,101789,100,100055,200,101794,100,99976,100,,,99911,100,,,99910,100
2019-06-28 09:57:26.231274569,101436,110,101403,100,101468,210,101249,310,101588,210,101248,210,101612,210,101209,310,101663,100,100999,310,101780,100,100992,100,101789,100,100372,12,101794,100,100055,200,,,99976,100,,,99911,100
2019-06-28 09:57:26.350117790,101436,10,101403,100,101468,210,101249,310,101588,210,101248,210,101612,210,101209,310,101663,100,100999,310,101780,100,100992,100,101789,100,100372,12,101794,100,100055,200,,,99976,100,,,99911,100
2019-06-28 09:57:27.020539158,101468,210,101436,90,101588,210,101403,100,101612,210,101249,310,101663,100,101248,210,101780,100,101209,310,101789,100,100999,310,101794,100,100992,100,,,100372,12,,,100055,200,,,99976,100
2019-06-28 09:57:30.000000000,101468,538,101436,528,101588,100,101403,100,101612,100,101249,200,101663,100,101248,100,101780,100,101209,200,101789,100,100999,200,101794,100,100992,100,,,100372,12,,,100055,200,,,99976,100
2019-06-28 09:57:40.000000000,101468,538,101436,528,101588,100,101403,100,101612,100,101249,200,101663,100,101248,100,101780,100,101209,200,101789,100,100999,200,101794,100,100992,100,,,100372,12,,,100055,200,,,99976,100
2019-06-28 09:57:40.384244179,101468,538,101436,528,101588,100,101403,100,101612,100,101249,200,101654,100,101248,100,101663,100,101209,200,101780,100,100999,200,101789,100,100992,100,101794,100,100372,12,,,100055,200,,,99976,100
2019-06-28 09:57:45.910990768,101468,538,101436,528,101588,100,101403,100,101612,100,101397,100,101654,100,101249,200,101663,100,101248,100,101780,100,101209,200,101789,100,100999,200,101794,100,100992,100,,,100055,200,,,99976,100
2019-06-28 09:57:50.000000000,101468,188,101436,178,101588,188,101403,188,101612,188,101397,188,101654,188,101249,288,101663,188,101248,188,101780,100,101209,200,101789,100,100999,200,101794,100,100992,100,,,100055,200,,,99976,100
2019-06-28 09:58:00.000000000,101468,319,101436,309,101588,319,101403,319,101612,100,101397,100,101654,100,101249,200,101663,100,101248,100,101780,100,101209,200,101789,100,100999,200,101794,100,100992,100,,,100055,200,,,99976,100
2019-06-28 09:58:10.000000000,101468,249,101436,239,101588,245,101403,245,101612,245,101397,245,101654,100,101249,200,101663,100,101248,100,101780,100,101209,200,101789,100,100999,200,101794,100,100992,100,,,100055,200,,,99976,100
2019-06-28 09:58:14.301072074,101468,249,101436,239,101588,245,101403,245,101612,245,101397,245,101654,100,101249,200,101663,100,101248,100,101760,100,101209,200,101780,100,100999,200,101789,100,100992,100,101794,100,100055,200,,,99976,100
2019-06-28 09:58:20.000000000,101468,538,101436,528,101588,100,101403,100,101612,100,101397,100,101654,100,101249,200,101663,100,101248,100,101760,100,101209,200,101780,100,100999,200,101789,100,100992,100,101794,100,100055,200,,,99976,100
2019-06-28 09:58:24.089761604,101468,438,101436,528,101588,100,101403,100,101612,100,101397,100,101654,100,101249,200,101663,100,101248,100,101760,100,101209,200,101780,100,100999,200,101789,100,100992,100,101794,100,100055,200,,,99976,100
2019-06-28 09:58:30.000000000,101588,249,101436,239,101612,245,101403,245,101654,245,101397,245,101663,100,101249,200,101760,100,101248,100,101780,100,101209,200,101789,100,100999,200,101794,100,100992,100,,,100055,200,,,99976,100
2019-06-28 09:58:33.521090832,101588,249,101556,100,101612,245,101436,239,101654,245,101403,245,101663,100,101397,245,101760,100,101249,200,101780,100,101209,200,101789,100,100999,200,101794,100,100992,100,,,100055,200,,,99976,100
2019-06-28 09:58:36.281961785,101588,149,101556,100,101612,245,101436,239,101654,245,101403,245,101663,100,101397,245,101760,100,101249,200,101780,100,101209,200,101789,100,100999,200,101794,100,100992,100,,,100055,200,,,99976,100
2019-06-28 09:58:40.000000000,101612,188,101556,188,101654,188,101436,178,101663,188,101403,188,101760,188,101397,188,101780,188,101249,288,101789,100,101209,200,101794,100,100999,200,,,100992,100,,,100055,200,,,99976,100
2019-06-28 09:58:49.736715788,101612,188,101556,188,101654,188,101436,178,101663,188,101403,188,101760,188,101397,188,101780,188,101249,288,101789,100,101209,100,101794,100,100999,200,101877,100,100992,100,,,100055,200,,,99976,100
2019-06-28 09:58:50.000000000,101612,319,101556,319,101654,319,101436,309,101663,100,101403,100,101760,100,101397,100,101780,100,101249,200,101789,100,101209,100,101794,100,100999,200,101877,100,100992,100,,,100055,200,,,99976,100
2019-06-28 09:59:00.000000000,101612,249,101556,249,101654,245,101436,235,101663,245,101403,245,101760,100,101397,100,101780,100,101249,200,101789,100,101209,100,101794,100,100999,200,101877,100,100992,100,,,100055,200,,,99976,100
2019-06-28 09:59:10.000000000,101612,249,101556,249,101654,245,101436,235,101663,245,101403,245,101760,100,101397,100,101780,100,101249,200,101789,100,101209,100,101794,100,100999,200,101877,100,100992,100,,,100055,200,,,99976,100
2019-06-28 09:59:16.625735367,101612,249,101556,149,101654,245,101436,235,101663,245,101403,245,101760,100,101397,100,101780,100,101249,200,101789,100,101209,100,101794,100,100999,200,101877,100,100992,100,102136,100,100055,200,,,99976,100
2019-06-28 09:59:17.295121627,101612,149,101556,149,101654,245,101436,235,101663,245,101403,245,101760,100,101397,100,101780,100,101249,200,101789,100,101209,100,101794,100,100999,200,101877,100,100992,100,102136,100,100055,200,,,99976,100
2019-06-28 09:59:20.000000000,101654,319,101436,309,101663,319,101403,319,101760,100,101397,100,101780,100,101249,200,101789,100,101209,100,101794,100,100999,200,101877,100,100992,100,102136,100,100055,200,,,99976,100,,,99911,100
2019-06-28 09:59:30.000000000,101654,538,101436,528,101663,100,101403,100,101760,100,101397,100,101780,100,101249,200,101789,100,101209,100,101794,100,100999,200,101877,100,100992,100,102136,100,100055,200,,,99976,100,,,99911,100
2019-06-28 09:59:40.000000000,101654,249,101436,239,101663,245,101403,245,101760,245,101397,245,101780,100,101249,200,101789,100,101209,100,101794,100,100999,200,101877,100,100992,100,102136,100,100055,200,,,99976,100,,,99911,100
2019-06-28 09:59:50.000000000,101654,249,101436,239,101663,245,101403,245,101760,245,101397,245,101780,100,101249,200,101789,100,101209,100,101794,100,100999,200,101877,100,100992,100,102136,100,100055,200,,,99976,100,,,99911,100
2019-06-28 10:00:00.000000000,101654,210,101436,200,101663,210,101403,210,101760,210,101397,210,101780,210,101249,310,101789,100,101209,100,101794,100,100999,200,101877,100,100992,100,102136,100,100055,200,,,99976,100,,,99911,100
2019-06-28 10:00:00.785446020,101654,110,101436,200,101663,210,101403,210,101760,210,101397,210,101780,210,101249,310,101789,100,101209,100,101877,100,100999,200,102136,100,100992,100,,,100055,200,,,99976,100,,,99911,100
2019-06-28 10:00:00.920525081,101654,110,101436,200,101663,210,101403,210,101760,210,101397,210,101780,210,101249,310,101789,100,101209,100,101877,100,100999,100,102136,100,100992,100,,,100055,200,,,99976,100,,,99911,100
2019-06-28 10:00:10.000000000,101663,249,101436,239,101760,245,101403,245,101780,245,101397,245,101789,100,101249,200,101877,100,101209,100,102136,100,100999,100,,,100992,100,,,100055,200,,,99976,100,,,99911,100
2019-06-28 10:00:20.000000000,101663,249,101436,239,101760,245,101403,245,101780,245,101397,245,101789,100,101249,200,101877,100,101209,100,102136,100,100999,100,,,100992,100,,,100055,200,,,99976,100,,,99911,100
2019-06-28 10:00:30.000000000,101663,210,101436,200,101760,210,101403,210,101780,210,101397,210,101789,210,101249,310,101877,100,101209,100,102136,100,100999,100,,,100992,100,,,100055,200,,,99976,100,,,99911,100
2019-06-28 10:00:40.000000000,101663,210,101436,200,101760,210,101403,210,101780,210,101397,210,101789,210,101249,310,101877,100,101209,100,102136,100,100999,100,,,100992,100,,,100055,200,,,99976,100,,,99911,100
2019-06-28 10:00:50.000000000,101663,319,101436,309,101760,319,101403,319,101780,100,101397,100,101789,100,101249,200,101877,100,101209,100,102136,100,100999,100,,,100992,100,,,100055,200,,,99976,100,,,99911,100
2019-06-28 10:01:00.000000000,101663,538,101436,528,101760,100,101403,100,101780,100,101397,100,101789,100,101249,200,101877,100,101209,100,102136,100,100999,100,,,100992,100,,,100055,200,,,99976,100,,,99911,100
2019-06-28 10:01:10.000000000,101663,319,101436,309,101760,319,101403,319,101780,100,101397,100,101789,100,101249,200,101877,100,101209,100,102136,100,100999,100,,,100992,100,,,100055,200,,,99976,100,,,99911,100
2019-06-28 10:01:20.000000000,101663,538,101436,528,101760,100,101403,100,101780,100,101397,100,101789,100,101249,200,101877,100,101209,100,102136,100,100999,100,,,100992,100,,,100055,200,,,99976,100,,,99911,100
2019-06-28 10:01:23.259302190,101663,538,101436,528,101760,100,101403,100,101780,100,101397,100,101789,100,101249,200,101877,100,101209,100,101946,100,100999,100,102136,100,100992,100,,,100055,200,,,99976,100,,,99911,100
2019-06-28 10:01:30.000000000,101663,249,101436,239,101760,245,101403,245,101780,245,101397,245,101789,100,101249,200,101877,100,101209,100,101946,100,100999,100,102136,100,100992,100,,,100055,200,,,99976,100,,,99911,100
2019-06-28 10:01:40.000000000,101663,249,101436,239,101760,245,101403,245,101780,245,101397,245,101789,100,101249,200,101877,100,101209,100,101946,100,100999,100,102136,100,100992,100,,,100055,200,,,99976,100,,,99911,100
2019-06-28 10:01:50.000000000,101663,249,101436,239,101760,245,101403,245,101780,245,101397,245,101789,100,101249,200,101877,100,101209,100,101946,100,100999,100,102136,100,100992,100,,,100055,200,,,99976,100,,,99911,100
2019-06-28 10:02:00.000000000,101663,249,101436,239,101760,245,101403,245,101780,245,101397,245,101789,100,101249,200,101877,100,101209,100,101946,100,100999,100,102136,100,100992,100,,,100055,200,,,99976,100,,,99911,100
2019-06-28 10:02:10.000000000,101663,538,101436,528,101760,100,101403,100,101780,100,101397,100,101789,100,101249,200,101877,100,101209,100,101946,100,100999,100,102136,100,100992,100,,,100055,200,,,99976,100,,,99911,100
2019-06-28 10:02:19.996964564,101663,538,101548,100,101760,100,101436,528,101780,100,101403,100,101789,100,101397,100,101877,100,101249,200,101946,100,101209,100,102136,100,100999,100,,,100992,100,,,100055,200,,,99976,100
2019-06-28 10:02:20.000000000,101663,319,101548,319,101760,319,101436,309,101780,100,101403,100,101789,100,101397,100,101877,100,101249,200,101946,100,101209,100,102136,100,100999,100,,,100992,100,,,100055,200,,,99976,100
2019-06-28 10:02:30.000000000,101663,249,101548,249,101760,245,101436,235,101780,245,101403,245,101789,100,101397,100,101877,100,101249,200,101946,100,101209,100,102136,100,100999,100,,,100992,100,,,100055,200,,,99976,100
2019-06-28 10:02:33.272485120,101663,249,101548,249,101685,100,101436,235,101760,245,101403,245,101780,245,101397,100,101789,100,101249,200,101877,100,100999,100,101946,100,100992,100,102136,100,100055,200,,,99976,100,,,99911,100
2019-06-28 10:02:40.000000000,101663,538,101548,538,101685,100,101436,90,101760,100,101403,100,101780,100,101397,100,101789,100,101249,200,101877,100,100999,100,101946,100,100992,100,102136,100,100055,200,,,99976,100,,,99911,100
2019-06-28 10:02:45.078292485,101663,538,101548,538,101685,100,101436,90,101740,100,101403,100,101760,100,101397,100,101780,100,101249,200,101789,100,100999,100,101877,100,100992,100,101946,100,100055,200,102136,100,99976,100,,,99911,100
2019-06-28 10:02:46.036475649,101663,538,101548,538,101740,100,101436,90,101760,100,101403,100,101780,100,101397,100,101789,100,101348,100,101877,100,101249,200,101946,100,100999,100,102136,100,100992,100,,,100055,200,,,99976,100
2019-06-28 10:02:49.717174084,101663,538,101548,538,101740,100,101477,100,101760,100,101436,90,101780,100,101403,100,101789,100,101397,100,101877,100,101348,100,101946,100,101249,200,102136,100,100999,100,,,100992,100,,,100055,200
2019-06-28 10:02:50.000000000,101663,319,101548,319,101740,319,101477,319,101760,100,101436,90,101780,100,101403,100,101789,100,101397,100,101877,100,101348,100,101946,100,101249,200,102136,100,100999,100,,,100992,100,,,100055,200
2019-06-28 10:02:50.745994553,101663,319,101548,319,101740,319,101477,319,101760,100,101436,90,101780,100,101403,100,101789,100,101397,100,101877,100,101348,100,101946,100,101249,200,102136,100,100999,100,,,100992,100,,,100055,200
2019-06-28 10:02:57.564853146,101624,100,101548,319,101663,319,101477,319,101740,319,101436,90,101760,100,101403,100,101780,100,101397,100,101789,100,101348,100,101877,100,101249,200,101946,100,100999,100,102136,100,100992,100,,,100055,200
2019-06-28 10:03:00.000000000,101624,319,101548,319,101663,319,101477,319,101740,100,101436,90,101760,100,101403,100,101780,100,101397,100,101789,100,101348,100,101877,100,101249,200,101946,100,100999,100,102136,100,100992,100,,,100055,200
2019-06-28 10:03:10.000000000,101624,249,101548,249,101663,245,101477,245,101740,245,101436,235,101760,100,101403,100,101780,100,101397,100,101789,100,101348,100,101877,100,101249,200,101946,100,100999,100,102136,100,100992,100,,,100055,200
2019-06-28 10:03:20.000000000,101624,188,101548,188,101663,188,101477,188,101740,188,101436,178,101760,188,101403,188,101780,188,101397,188,101789,100,101348,100,101877,100,101249,200,101946,100,100999,100,102136,100,100992,100,,,100055,200
2019-06-28 10:03:30.000000000,101624,538,101548,538,101663,100,101477,100,101740,100,101436,90,101760,100,101403,100,101780,100,101397,100,101789,100,101348,100,101877,100,101249,200,101946,100,100999,100,102136,100,100992,100,,,100055,200
2019-06-28 10:03:38.760648306,101624,438,101548,538,101663,100,101477,100,101740,100,101436,90,101760,100,101403,100,101780,100,101397,100,101789,100,101348,100,101877,100,101249,200,101946,100,100999,100,102136,100,100992,100,,,100055,200
2019-06-28 10:03:40.000000000,101663,249,101548,249,101740,245,101477,245,101760,245,101436,235,101780,100,101403,100,101789,100,101397,100,101877,100,101348,100,101946,100,101249,200,102136,100,100999,100,,,100992,100,,,100055,200
2019-06-28 10:03:50.000000000,101663,538,101548,538,101740,100,101477,100,101760,100,101436,90,101780,100,101403,100,101789,100,101397,100,101877,100,101348,100,101946,100,101249,200,102136,100,100999,100,,,100992,100,,,100055,200
2019-06-28 10:03:53.315177466,101663,538,101548,538,101740,100,101477,100,101760,100,101436,90,101780,100,101403,100,101789,100,101397,100,101845,100,101348,100,101877,100,101249,200,101946,100,100999,100,102136,100,100992,100,,,100055,200
2019-06-28 10:03:59.346488989,101663,538,101548,538,101685,100,101477,100,101740,100,101436,90,101760,100,101403,100,101780,100,101397,100,101845,100,101348,100,101877,100,101249,200,101946,100,100999,100,102136,100,100992,100,,,100055,200
2019-06-28 10:04:00.000000000,101663,538,101548,538,101685,100,101477,100,101740,100,101436,90,101760,100,101403,100,101780,100,101397,100,101845,100,101348,100,101877,100,101249,200,101946,100,100999,100,102136,100,100992,100,,,100055,200
2019-06-28 10:04:03.637606026,101663,538,101624,100,101685,100,101548,538,101740,100,101477,100,101760,100,101436,90,101780,100,101403,100,101845,100,101397,100,101877,100,101348,100,101946,100,101249,200,102136,100,100999,100,,,100992,100
2019-06-28 10:04:03.917590346,101663,538,101624,200,101685,100,101548,538,101740,100,101477,100,101760,100,101436,90,101780,100,101403,100,101845,100,101397,100,101877,100,101348,100,101946,100,101249,200,102136,100,100999,100,,,100992,100
2019-06-28 10:04:10.000000000,101663,538,101624,638,101685,100,101548,100,101740,100,101477,100,101760,100,101436,90,101780,100,101403,100,101845,100,101397,100,101877,100,101348,100,101946,100,101249,200,102136,100,100999,100,,,100992,100
2019-06-28 10:04:20.000000000,101663,249,101624,349,101685,245,101548,245,101740,245,101477,245,101760,100,101436,90,101780,100,101403,100,101845,100,101397,100,101877,100,101348,100,101946,100,101249,200,102136,100,100999,100,,,100992,100
2019-06-28 10:04:30.000000000,101663,188,101624,288,101685,188,101548,188,101740,188,101477,188,101760,188,101436,178,101780,188,101403,188,101845,100,101397,100,101877,100,101348,100,101946,100,101249,200,102136,100,100999,100,,,100992,100
2019-06-28 10:04:40.000000000,101663,538,101624,638,101685,100,101548,100,101740,100,101477,100,101760,100,101436,90,101780,100,101403,100,101845,100,101397,100,101877,100,101348,100,101946,100,101249,200,102136,100,100999,100,,,100992,100
2019-06-28 10:04:50.000000000,101663,249,101624,349,101685,245,101548,245,101740,245,101477,245,101760,100,101436,90,101780,100,101403,100,101845,100,101397,100,101877,100,101348,100,101946,100,101249,200,102136,100,100999,100,,,100992,100
2019-06-28 10:05:00.000000000,101663,249,101624,349,101685,245,101548,245,101740,245,101477,245,101760,100,101436,90,101780,100,101403,100,101845,100,101397,100,101877,100,101348,100,101946,100,101249,200,102136,100,100999,100,,,100992,100
2019-06-28 10:05:10.000000000,101663,249,101624,349,101685,245,101548,245,101740,245,101477,245,101760,100,101436,90,101780,100,101403,100,101845,100,101397,100,101877,100,101348,100,101946,100,101249,200,102136,100,100999,100,,,100992,100
2019-06-28 10:05:20.000000000,101663,319,101624,419,101685,319,101548,319,101740,100,101477,100,101760,100,101436,90,101780,100,101403,100,101845,100,101397,100,101877,100,101348,100,101946,100,101249,200,102136,100,100999,100,,,100992,100
2019-06-28 10:05:30.000000000,101663,210,101624,310,101685,210,101548,210,101740,210,101477,210,101760,210,101436,200,101780,100,101403,100,101845,100,101397,100,101877,100,101348,100,101946,100,101249,200,102136,100,100999,100,,,100992,100
2019-06-28 10:05:40.000000000,101663,538,101624,638,101685,100,101548,100,101740,100,101477,100,101760,100,101436,90,101780,100,101403,100,101845,100,101397,100,101877,100,101348,100,101946,100,101249,200,102136,100,100999,100,,,100992,100
2019-06-28 10:05:40.781327173,101663,538,101624,538,101685,100,101548,100,101740,100,101477,100,101760,100,101436,90,101780,100,101403,100,101845,100,101397,100,101877,100,101348,100,101946,100,101249,200,102136,100,100999,100,,,100992,100
2019-06-28 10:05:50.000000000,101663,210,101624,210,101685,210,101548,210,101740,210,101477,210,101760,210,101436,200,101780,100,101403,100,101845,100,101397,100,101877,100,101348,100,101946,100,101249,200,102136,100,100999,100,,,100992,100
2019-06-28 10:06:00.000000000,101663,188,101624,188,101685,188,101548,188,101740,188,101477,188,101760,188,101436,178,101780,188,101403,188,101845,100,101397,100,101877,100,101348,100,101946,100,101249,200,102136,100,100999,100,,,100992,100
2019-06-28 10:06:10.000000000,101663,538,101624,538,101685,100,101548,100,101740,100,101477,100,101760,100,101436,90,101780,100,101403,100,101845,100,101397,100,101877,100,101348,100,101946,100,101249,200,102136,100,100999,100,,,100992,100
2019-06-28 10:06:14.301709335,101663,538,101624,438,101685,100,101548,100,101740,100,101477,100,101760,100,101436,90,101780,100,101403,100,101845,100,101397,100,101877,100,101348,100,101946,100,101249,200,102136,100,100999,100,,,100992,100
2019-06-28 10:06:20.000000000,101663,319,101548,319,101685,319,101477,319,101740,100,101436,90,101760,100,101403,100,101780,100,101397,100,101845,100,101348,100,101877,100,101249,200,101946,100,100999,100,102136,100,100992,100,,,100055,200
2019-06-28 10:06:26.214089175,101663,219,101548,319,101685,219,101477,319,101740,100,101436,90,101760,100,101403,100,101780,100,101397,100,101845,100,101348,100,101877,100,101249,200,101946,100,100999,100,102136,100,100992,100,,,100055,200
2019-06-28 10:06:30.000000000,101740,188,101548,188,101760,188,101477,188,101780,188,101436,178,101845,188,101403,188,101877,188,101397,188,101946,100,101348,100,102136,100,101249,200,,,100999,100,,,100992,100,,,100055,200
2019-06-28 10:06:40.000000000,101740,538,101548,538,101760,100,101477,100,101780,100,101436,90,101845,100,101403,100,101877,100,101397,100,101946,100,101348,100,102136,100,101249,200,,,100999,100,,,100992,100,,,100055,200
2019-06-28 10:06:49.220929635,101740,538,101548,538,101760,100,101477,100,101780,100,101436,90,101845,100,101397,100,101877,100,101348,100,101893,100,101249,200,101946,100,100999,100,102136,100,100992,100,,,100055,200,,,99976,100
2019-06-28 10:06:50.000000000,101740,538,101548,538,101760,100,101477,100,101780,100,101436,90,101845,100,101397,100,101877,100,101348,100,101893,100,101249,200,101946,100,100999,100,102136,100,100992,100,,,100055,200,,,99976,100
2019-06-28 10:07:00.000000000,101740,188,101548,188,101760,188,101477,188,101780,188,101436,178,101845,188,101397,188,101877,188,101348,188,101893,100,101249,200,101946,100,100999,100,102136,100,100992,100,,,100055,200,,,99976,100
2019-06-28 10:07:02.790564561,101740,188,101548,188,101760,188,101477,188,101780,188,101436,178,101845,188,101397,188,101859,100,101348,188,101877,188,101249,200,101893,100,100999,100,101946,100,100992,100,102136,100,100055,200,,,99976,100
2019-06-28 10:07:10.000000000,101740,319,101548,319,101760,319,101477,319,101780,100,101436,90,101845,100,101397,100,101859,100,101348,100,101877,100,101249,200,101893,100,100999,100,101946,100,100992,100,102136,100,100055,200,,,99976,100
2019-06-28 10:07:20.000000000,101740,210,101548,210,101760,210,101477,210,101780,210,101436,200,101845,210,101397,210,101859,100,101348,100,101877,100,101249,200,101893,100,100999,100,101946,100,100992,100,102136,100,100055,200,,,99976,100
2019-06-28 10:07:30.000000000,101740,210,101548,210,101760,210,101477,210,101780,210,101436,200,101845,210,101397,210,101859,100,101348,100,101877,100,101249,200,101893,100,100999,100,101946,100,100992,100,102136,100,100055,200,,,99976,100
2019-06-28 10:07:40.000000000,101740,319,101548,319,101760,319,101477,319,101780,100,101436,90,101845,100,101397,100,101859,100,101348,100,101877,100,101249,200,101893,100,100999,100,101946,100,100992,100,102136,100,100055,200,,,99976,100
2019-06-28 10:07:50.000000000,101740,319,101548,319,101760,319,101477,319,101780,100,101436,90,101845,100,101397,100,101859,100,101348,100,101877,100,101249,200,101893,100,100999,100,101946,100,100992,100,102136,100,100055,200,,,99976,100
