,ask_price_1,ask_size_1,bid_price_1,bid_size_1,ask_price_2,ask_size_2,bid_price_2,bid_size_2,ask_price_3,ask_size_3,bid_price_3,bid_size_3,ask_price_4,ask_size_4,bid_price_4,bid_size_4,ask_price_5,ask_size_5,bid_price_5,bid_size_5,ask_price_6,ask_size_6,bid_price_6,bid_size_6,ask_price_7,ask_size_7,bid_price_7,bid_size_7,ask_price_8,ask_size_8,bid_price_8,bid_size_8,ask_price_9,ask_size_9,bid_price_9,bid_size_9,ask_price_10,ask_size_10,bid_price_10,bid_size_10
2019-06-28 09:30:00.000000001,99937,100,,,,,,,,,,,,,,,,,,,,,,,,,,,,,,,,,,,,,,
2019-06-28 09:30:00.000000003,,,,,,,,,,,,,,,,,,,,,,,,,,,,,,,,,,,,,,,,
2019-06-28 09:30:00.000000004,100079,100,99817,100,,,,,,,,,,,,,,,,,,,,,,,,,,,,,,,,,,,,
2019-06-28 09:30:00.000000005,100079,100,99817,100,100105,100,,,,,,,,,,,,,,,,,,,,,,,,,,,,,,,,,,
2019-06-28 09:30:00.000000007,100079,100,99892,100,100105,100,99817,100,,,,,,,,,,,,,,,,,,,,,,,,,,,,,,,,
2019-06-28 09:30:00.000000011,100079,100,99892,100,100105,100,99817,100,,,99779,100,,,,,,,,,,,,,,,,,,,,,,,,,,,,
2019-06-28 09:30:00.000000015,100049,100,99892,100,100079,100,99817,100,100105,100,99779,100,,,,,,,,,,,,,,,,,,,,,,,,,,,,
2019-06-28 09:30:00.000000017,100049,100,99903,100,100079,100,99892,100,100105,100,99817,100,,,99779,100,,,,,,,,,,,,,,,,,,,,,,,,
2019-06-28 09:30:00.000000018,100049,100,99903,100,100079,100,99892,100,100105,100,99827,100,100129,100,99817,100,,,99779,100,,,,,,,,,,,,,,,,,,,,
2019-06-28 09:30:00.000000019,100049,100,99971,100,100079,100,99903,100,100105,100,99892,100,100129,100,99827,100,,,99817,100,,,99779,100,,,,,,,,,,,,,,,,
2019-06-28 09:30:00.000000020,100049,100,99971,100,100079,100,99903,100,100105,100,99892,100,100129,100,99827,100,100141,100,99817,100,,,99779,100,,,,,,,,,,,,,,,,
2019-06-28 09:30:00.000000022,100049,100,99971,100,100079,100,99903,100,100105,100,99892,100,100129,100,99864,100,100141,100,99827,100,,,99817,100,,,99779,100,,,,,,,,,,,,
2019-06-28 09:30:00.000000024,99972,100,99971,100,100049,100,99903,100,100079,100,99892,100,100105,100,99864,100,100129,100,99827,100,100141,100,99817,100,,,99779,100,,,,,,,,,,,,
2019-06-28 09:30:00.000000025,100049,100,99972,100,100079,100,99971,100,100105,100,99903,100,100129,100,99892,100,100141,100,99864,100,,,99827,100,,,99817,100,,,99779,100,,,,,,,,
2019-06-28 09:30:00.000000026,100049,100,99972,100,100079,100,99971,100,100105,100,99965,100,100129,100,99903,100,100141,100,99892,100,,,99864,100,,,99854,100,,,99827,100,,,99817,100,,,99779,100
2019-06-28 09:30:00.000000027,100049,100,99972,100,100079,100,99971,100,100105,100,99965,100,100129,100,99942,100,100141,100,99903,100,,,99892,100,,,99864,100,,,99854,100,,,99827,100,,,99817,100
2019-06-28 09:30:00.000000029,100049,100,99972,100,100079,100,99971,100,100105,100,99965,100,100129,100,99942,100,100141,100,99912,100,,,99903,100,,,99892,100,,,99864,100,,,99854,100,,,99827,100
2019-06-28 09:30:00.000000030,100017,100,99972,100,100049,100,99971,100,100079,100,99965,100,100098,100,99942,100,100105,100,99912,100,100129,100,99903,100,100141,100,99892,100,,,99864,100,,,99854,100,,,99827,100
2019-06-28 09:30:00.000000034,100017,100,99972,100,100049,100,99971,100,100079,100,99965,100,100098,100,99942,100,100105,100,99937,100,100129,100,99912,100,100141,100,99903,100,,,99892,100,,,99864,100,,,99854,100
2019-06-28 09:30:00.000000035,100017,100,99972,100,100049,100,99971,100,100077,100,99965,100,100079,100,99942,100,100098,100,99937,200,100105,100,99912,100,100129,100,99903,100,100141,100,99892,100,,,99864,100,,,99854,100
2019-06-28 09:30:00.000000038,100017,100,99972,100,100049,100,99971,100,100077,100,99965,100,100079,100,99942,100,100098,100,99937,200,100101,100,99912,100,100105,100,99903,100,100129,100,99892,100,100141,100,99864,100,,,99854,100
2019-06-28 09:30:00.000000039,100049,100,99972,100,100077,100,99971,100,100079,100,99965,100,100098,100,99942,100,100101,100,99937,200,100105,100,99912,100,100129,100,99903,100,100141,100,99892,100,,,99864,100,,,99854,100
2019-06-28 09:30:00.000000040,100049,100,100015,100,100077,100,99972,100,100079,100,99971,100,100098,100,99965,100,100101,100,99942,100,100105,100,99937,200,100125,100,99912,100,100129,100,99903,100,100141,100,99892,100,,,99864,100
2019-06-28 09:30:00.000000042,100049,100,100015,100,100077,100,99973,100,100079,100,99972,100,100098,100,99971,100,100101,100,99965,100,100105,100,99942,100,100125,100,99937,200,100129,100,99912,100,100141,100,99903,100,,,99892,100
2019-06-28 09:30:00.000000046,100057,100,100015,100,100077,100,99973,100,100079,100,99972,100,100098,100,99971,100,100101,100,99965,100,100105,100,99942,100,100125,100,99937,200,100129,100,99912,100,100141,100,99903,100,,,99892,100
2019-06-28 09:30:00.000000047,100049,100,100015,100,100057,100,99973,100,100077,100,99972,100,100079,100,99971,100,100098,100,99965,100,100101,100,99942,100,100105,100,99937,200,100125,100,99912,100,100129,100,99903,100,100141,100,99892,100
2019-06-28 09:30:00.000000048,100049,200,100015,100,100057,100,99973,100,100077,100,99972,100,100079,100,99971,100,100098,100,99965,100,100101,100,99942,100,100105,100,99937,200,100125,100,99912,100,100129,100,99903,100,100141,100,99892,100
2019-06-28 09:30:00.000000049,100049,300,100015,100,100057,100,99973,100,100077,100,99972,100,100079,100,99971,100,100098,100,99965,100,100101,100,99942,100,100105,100,99937,200,100125,100,99912,100,100129,100,99903,100,100141,100,99892,100
2019-06-28 09:30:00.000000056,100049,300,100015,100,100057,100,99973,100,100077,100,99972,100,100079,100,99971,100,100098,100,99965,100,100101,100,99942,100,100105,100,99937,200,100125,100,99936,100,100129,100,99912,100,100141,100,99903,100
2019-06-28 09:30:00.000000058,100049,300,100015,100,100057,100,100008,100,100077,100,99973,100,100079,100,99972,100,100098,100,99971,100,100101,100,99965,100,100105,100,99942,100,100125,100,99937,200,100129,100,99936,100,100141,100,99912,100
2019-06-28 09:30:00.000000061,100026,100,100015,100,100049,400,100008,100,100057,100,99973,100,100074,100,99972,100,100077,100,99971,100,100079,100,99965,100,100098,100,99942,100,100101,100,99937,200,100105,100,99936,100,100125,100,99912,100
2019-06-28 09:30:00.000000062,100026,100,100015,100,100049,400,100008,100,100057,100,99973,100,100074,100,99972,100,100077,100,99971,100,100079,100,99970,100,100098,100,99965,100,100101,100,99942,100,100105,100,99937,200,100125,100,99936,100
2019-06-28 09:30:00.000000065,100026,100,100015,100,100049,400,100008,100,100057,100,99973,100,100074,100,99972,100,100077,100,99971,100,100079,100,99970,100,100085,100,99965,100,100098,100,99942,100,100101,100,99937,200,100105,100,99936,100
2019-06-28 09:30:00.000000067,100026,100,100015,100,100049,500,100008,100,100057,100,99973,100,100074,100,99972,100,100077,100,99971,100,100079,100,99970,100,100085,100,99965,100,100098,100,99942,100,100101,100,99937,200,100105,100,99936,100
2019-06-28 09:30:00.000000068,100026,100,100017,200,100049,500,100015,100,100057,100,100008,100,100074,100,99974,100,100077,100,99973,100,100079,100,99972,100,100085,100,99971,100,100098,100,99970,100,100101,100,99965,100,100105,100,99942,100
2019-06-28 09:30:00.000000069,100049,500,100017,200,100057,100,100015,100,100074,100,100008,100,100077,100,99974,100,100079,100,99973,100,100085,100,99972,100,100098,100,99971,200,100101,100,99970,100,100105,100,99965,100,100125,100,99942,100
2019-06-28 09:30:00.000000070,100049,500,100017,200,100057,100,100015,100,100074,100,100008,100,100077,100,99980,100,100079,100,99974,100,100085,100,99973,100,100098,100,99972,100,100101,100,99971,200,100105,100,99970,100,100125,100,99965,100
2019-06-28 09:30:00.000000072,100049,500,100017,200,100057,100,100015,100,100074,100,100008,100,100077,100,99980,100,100079,100,99974,100,100085,100,99973,100,100098,100,99972,100,100101,100,99971,200,100105,100,99970,100,100125,100,99965,100
2019-06-28 09:30:00.000000073,100049,500,100017,200,100057,100,100015,100,100074,100,100008,100,100077,100,99980,100,100079,100,99974,100,100085,100,99973,100,100098,100,99972,100,100101,100,99971,200,100105,100,99970,100,100118,100,99965,100
2019-06-28 09:30:00.000000074,100049,500,100017,200,100057,100,100015,100,100074,100,100008,100,100077,100,99980,100,100079,100,99974,100,100085,100,99973,100,100098,100,99972,100,100101,100,99971,200,100105,100,99970,100,100118,100,99965,100
2019-06-28 09:30:00.000000076,100049,500,100017,200,100057,100,100015,100,100074,100,100008,100,100077,100,99980,100,100079,100,99974,100,100085,100,99973,100,100098,100,99972,100,100101,100,99971,200,100105,100,99970,100,100118,100,99965,100
2019-06-28 09:30:00.000000077,100048,100,100017,200,100049,500,100015,100,100057,100,100008,100,100074,100,99980,100,100077,100,99974,100,100079,100,99973,100,100085,100,99972,100,100098,100,99971,200,100101,100,99970,100,100105,100,99965,100
2019-06-28 09:30:00.000000080,100048,100,100017,200,100049,500,100015,100,100057,100,100008,100,100074,100,99980,100,100077,100,99974,100,100079,100,99973,100,100085,100,99972,100,100098,100,99971,200,100101,100,99970,100,100105,100,99965,100
2019-06-28 09:30:00.000000081,100048,100,100017,200,100049,500,100015,100,100057,100,100008,100,100072,100,99980,100,100074,100,99974,100,100077,100,99973,100,100079,100,99972,100,100085,100,99971,200,100098,100,99970,100,100101,100,99965,100
2019-06-28 09:30:00.000000084,100048,100,100017,200,100049,500,100015,100,100057,100,100008,100,100072,100,99980,100,100074,100,99974,100,100077,100,99973,100,100079,100,99972,100,100085,100,99971,200,100098,100,99970,100,100101,200,99965,100
2019-06-28 09:30:00.000000085,100035,100,100017,200,100048,100,100015,100,100049,500,100008,100,100057,100,99980,100,100072,100,99974,100,100074,100,99973,100,100077,100,99972,100,100079,100,99971,200,100085,100,99970,100,100098,100,99965,100
2019-06-28 09:30:00.000000089,100027,100,100017,200,100035,100,100015,100,100048,100,100008,100,100049,500,99980,100,100057,100,99974,100,100072,100,99973,100,100074,100,99972,100,100077,100,99971,200,100079,100,99970,100,100085,100,99965,100
2019-06-28 09:30:00.000000091,100027,100,100017,200,100035,100,100015,100,100048,100,100008,100,100049,500,99980,100,100057,100,99974,100,100072,100,99973,100,100074,100,99972,100,100077,100,99971,200,100079,100,99970,100,100085,100,99965,100
2019-06-28 09:30:00.000000092,100027,100,100017,200,100035,100,100015,100,100048,100,100008,100,100049,500,99980,100,100057,100,99974,100,100072,100,99973,100,100074,100,99972,100,100077,100,99971,200,100079,100,99970,100,100085,100,99965,100
2019-06-28 09:30:00.000000093,100027,100,100017,200,100035,100,100015,100,100048,100,100008,100,100049,500,99980,100,100057,100,99974,100,100072,100,99973,100,100074,100,99972,100,100077,100,99971,200,100079,100,99970,100,100085,100,99965,100
2019-06-28 09:30:00.000000094,100027,100,100026,100,100035,100,100017,200,100048,100,100015,100,100049,500,100008,100,100057,100,99980,100,100072,100,99974,100,100074,100,99973,100,100077,100,99972,100,100079,100,99971,200,100085,100,99970,100
2019-06-28 09:30:00.000000095,100027,100,100026,100,100035,100,100017,200,100048,100,100015,100,100049,500,100008,100,100057,100,99980,100,100072,100,99974,100,100074,100,99973,100,100077,100,99972,100,100079,100,99971,200,100085,100,99970,100
2019-06-28 09:30:00.000000097,100027,100,100026,100,100035,100,100017,200,100048,100,100015,100,100049,500,100008,100,100057,100,99980,100,100072,100,99974,100,100074,100,99973,100,100077,100,99972,100,100079,100,99971,200,100085,100,99970,100
2019-06-28 09:30:10.000000000,100027,248,100026,248,100035,248,100017,348,100048,100,100015,100,100049,500,100008,100,100057,100,99980,100,100072,100,99974,100,100074,100,99973,100,100077,100,99972,100,100079,100,99971,200,100085,100,99970,100
2019-06-28 09:30:17.449832814,100027,248,100026,248,100035,248,100017,348,100048,100,100015,100,100049,500,100008,100,100057,100,99997,100,100072,100,99980,100,100074,100,99974,100,100077,100,99973,100,100079,100,99972,100,100098,100,99971,200
2019-06-28 09:30:17.883717309,100027,248,100026,248,100035,248,100017,348,100048,100,100015,100,100049,500,100008,100,100057,100,99997,100,100072,100,99994,100,100074,100,99980,100,100077,100,99974,100,100079,100,99973,100,100098,100,99972,100
2019-06-28 09:30:20.000000000,100027,395,100026,395,100035,100,100017,200,100048,100,100015,100,100049,500,100008,100,100057,100,99997,100,100072,100,99994,100,100074,100,99980,100,100077,100,99974,100,100079,100,99973,100,100098,100,99972,100
2019-06-28 09:30:29.489375522,100027,395,100026,295,100035,100,100017,200,100048,100,100015,100,100049,500,100008,100,100057,100,99997,100,100072,100,99994,100,100074,100,99980,100,100077,100,99974,100,100079,100,99973,100,100098,100,99972,100
2019-06-28 09:30:30.000000000,100027,248,100017,348,100035,248,100015,248,100048,100,100008,100,100049,500,99997,100,100057,100,99994,100,100072,100,99980,100,100074,100,99974,100,100077,100,99973,100,100079,100,99972,100,100098,100,99971,200
2019-06-28 09:30:34.093892237,100027,148,100017,348,100035,248,100015,148,100048,100,100008,100,100049,500,99997,100,100057,100,99994,100,100072,100,99980,100,100074,100,99974,100,100077,100,99973,100,100079,100,99972,100,100098,100,99971,200
2019-06-28 09:30:36.905030411,100026,100,100017,348,100027,148,100015,148,100035,248,100008,100,100049,500,99997,100,100057,100,99994,100,100072,100,99980,100,100074,100,99974,100,100077,100,99973,100,100079,100,99972,100,100098,100,99971,200
2019-06-28 09:30:40.000000000,100026,200,100017,300,100035,197,100008,197,100049,597,99997,197,100057,100,99994,100,100072,100,99980,100,100074,100,99974,100,100077,100,99973,100,100079,100,99972,100,100098,100,99971,200,100101,200,99970,100
2019-06-28 09:30:43.701002757,100026,300,100017,300,100035,197,100008,197,100049,597,99997,197,100057,100,99994,100,100072,100,99980,100,100074,100,99974,100,100077,100,99973,100,100079,100,99972,100,100098,100,99971,200,100101,200,99970,100
2019-06-28 09:30:50.000000000,100026,259,100017,259,100035,159,100008,159,100049,559,99997,159,100057,159,99994,159,100072,159,99980,159,100074,100,99974,100,100077,100,99973,100,100079,100,99972,100,100098,100,99971,200,100101,200,99970,100
2019-06-28 09:31:00.000000000,100026,259,100017,259,100035,159,100008,159,100049,559,99997,159,100057,159,99994,159,100072,159,99980,159,100074,100,99974,100,100077,100,99973,100,100079,100,99972,100,100098,100,99971,200,100101,200,99970,100
2019-06-28 09:31:00.732375023,100026,259,100017,259,100035,159,100008,159,100049,559,99997,159,100057,159,99994,159,100072,159,99980,159,100074,100,99974,100,100077,100,99973,100,100079,100,99972,100,100098,100,99971,200,100101,200,99970,100
2019-06-28 09:31:03.091573519,100026,259,100017,259,100035,159,100008,159,100049,559,99999,100,100057,159,99997,159,100072,159,99994,159,100074,100,99980,159,100077,100,99974,100,100079,100,99973,100,100098,100,99972,100,100101,200,99971,200
2019-06-28 09:31:10.000000000,100026,348,100017,348,100035,248,100008,248,100049,500,99999,100,100057,100,99997,100,100072,100,99994,100,100074,100,99980,100,100077,100,99974,100,100079,100,99973,100,100098,100,99972,100,100101,200,99971,200
2019-06-28 09:31:20.000000000,100026,300,100017,300,100035,197,100008,197,100049,597,99999,197,100057,100,99997,100,100072,100,99994,100,100074,100,99980,100,100077,100,99974,100,100079,100,99973,100,100098,100,99972,100,100101,200,99971,200
2019-06-28 09:31:24.627871759,100026,300,100017,300,100035,197,100008,197,100049,597,99999,197,100057,100,99997,100,100072,100,99994,100,100074,100,99980,100,100077,100,99974,100,100079,100,99972,100,100098,100,99971,200,100101,200,99970,100
2019-06-28 09:31:30.000000000,100026,259,100017,259,100035,159,100008,159,100049,559,99999,159,100057,159,99997,159,100072,159,99994,159,100074,100,99980,100,100077,100,99974,100,100079,100,99972,100,100098,100,99971,200,100101,200,99970,100
2019-06-28 09:31:40.000000000,100026,259,100017,259,100035,159,100008,159,100049,559,99999,159,100057,159,99997,159,100072,159,99994,159,100074,100,99980,100,100077,100,99974,100,100079,100,99972,100,100098,100,99971,200,100101,200,99970,100
2019-06-28 09:31:41.972267294,100026,259,100017,259,100035,159,100008,159,100049,559,99999,159,100057,159,99997,159,100072,159,99994,159,100074,100,99980,100,100077,100,99974,100,100079,100,99972,100,100098,100,99971,200,100101,200,99970,100
2019-06-28 09:31:50.000000000,100026,259,100017,259,100035,159,100008,159,100049,559,99999,159,100057,159,99997,159,100072,159,99994,159,100074,100,99980,100,100077,100,99974,100,100079,100,99972,100,100098,100,99971,200,100101,200,99970,100
2019-06-28 09:31:52.695112665,100026,259,100017,259,100035,159,100008,159,100049,559,99999,159,100057,159,99997,159,100072,159,99994,159,100074,100,99980,100,100077,100,99972,100,100079,100,99971,200,100098,100,99970,100,100101,200,99965,100
2019-06-28 09:31:54.382934496,100026,259,100017,259,100035,159,100008,159,100049,559,99999,159,100057,159,99997,159,100072,159,99994,159,100074,100,99980,100,100077,100,99972,100,100079,100,99971,200,100098,100,99970,100,100101,200,99965,100
2019-06-28 09:32:00.000000000,100026,348,100017,348,100035,248,100008,248,100049,500,99999,100,100057,100,99997,100,100072,100,99994,100,100074,100,99980,100,100077,100,99972,100,100079,100,99971,200,100098,100,99970,100,100101,200,99965,100
2019-06-28 09:32:10.000000000,100026,300,100017,300,100035,197,100008,197,100049,597,99999,197,100057,100,99997,100,100072,100,99994,100,100074,100,99980,100,100077,100,99972,100,100079,100,99971,200,100098,100,99970,100,100101,200,99965,100
2019-06-28 09:32:19.510721896,100026,300,100017,300,100035,197,100008,197,100049,597,99999,197,100057,100,99997,100,100072,100,99994,100,100074,100,99980,100,100077,100,99972,100,100079,100,99971,200,100098,100,99970,100,100101,200,99965,100
2019-06-28 09:32:20.000000000,100026,495,100017,495,100035,100,100008,100,100049,500,99999,100,100057,100,99997,100,100072,100,99994,100,100074,100,99980,100,100077,100,99972,100,100079,100,99971,200,100098,100,99970,100,100101,200,99965,100
2019-06-28 09:32:30.000000000,100026,495,100017,495,100035,100,100008,100,100049,500,99999,100,100057,100,99997,100,100072,100,99994,100,100074,100,99980,100,100077,100,99972,100,100079,100,99971,200,100098,100,99970,100,100101,200,99965,100
2019-06-28 09:32:32.517104045,100026,395,100017,495,100035,100,100008,100,100049,500,99999,100,100057,100,99997,100,100072,100,99994,100,100074,100,99980,100,100077,100,99972,100,100079,100,99971,200,100098,100,99970,100,100101,200,99965,100
2019-06-28 09:32:34.070143139,100026,395,100017,495,100035,100,100008,100,100049,400,99999,100,100057,100,99997,100,100072,100,99994,100,100074,100,99980,100,100077,100,99972,100,100079,100,99971,200,100098,100,99970,100,100101,200,99965,100
2019-06-28 09:32:34.684060725,100026,395,100017,395,100035,100,100008,100,100049,400,99999,100,100057,100,99997,100,100072,100,99994,100,100074,100,99980,100,100077,100,99972,100,100079,100,99971,200,100098,100,99970,100,100101,200,99965,100
2019-06-28 09:32:40.000000000,100026,159,100017,159,100035,159,100008,159,100049,459,99999,159,100057,159,99997,159,100072,159,99994,159,100074,100,99980,100,100077,100,99972,100,100079,100,99971,200,100098,100,99970,100,100101,200,99965,100
2019-06-28 09:32:45.968583777,100026,159,100017,159,100035,159,100008,159,100049,459,99999,159,100057,159,99997,159,100072,159,99994,159,100074,100,99980,100,100077,100,99972,100,100079,100,99971,200,100098,100,99970,100,100101,200,99965,100
2019-06-28 09:32:50.000000000,100026,395,100017,395,100035,100,100008,100,100049,400,99999,100,100057,100,99997,100,100072,100,99994,100,100074,100,99980,100,100077,100,99972,100,100079,100,99971,200,100098,100,99970,100,100101,200,99965,100
2019-06-28 09:33:00.000000000,100026,174,100017,174,100035,174,100008,174,100049,474,99999,174,100057,174,99997,174,100072,100,99994,100,100074,100,99980,100,100077,100,99972,100,100079,100,99971,200,100098,100,99970,100,100101,200,99965,100
2019-06-28 09:33:10.000000000,100026,248,100017,248,100035,248,100008,248,100049,400,99999,100,100057,100,99997,100,100072,100,99994,100,100074,100,99980,100,100077,100,99972,100,100079,100,99971,200,100098,100,99970,100,100101,200,99965,100
2019-06-28 09:33:20.000000000,100026,248,100017,248,100035,248,100008,248,100049,400,99999,100,100057,100,99997,100,100072,100,99994,100,100074,100,99980,100,100077,100,99972,100,100079,100,99971,200,100098,100,99970,100,100101,200,99965,100
2019-06-28 09:33:29.219024878,100026,148,100017,248,100035,248,100008,248,100049,400,99999,100,100057,100,99997,100,100072,100,99994,100,100074,100,99980,100,100077,100,99972,100,100079,100,99971,200,100098,100,99970,100,100101,200,99965,100
2019-06-28 09:33:29.385591946,100026,48,100017,248,100035,248,100008,248,100049,400,99999,100,100057,100,99997,100,100072,100,99994,100,100074,100,99980,100,100077,100,99972,100,100079,100,99971,200,100098,100,99970,100,100101,200,99965,100
2019-06-28 09:33:30.000000000,100035,200,100017,200,100049,497,100008,197,100057,197,99999,197,100072,100,99997,100,100074,100,99994,100,100077,100,99980,100,100079,100,99972,100,100098,100,99971,200,100101,200,99970,100,100105,100,99965,100
2019-06-28 09:33:40.000000000,100035,248,100017,248,100049,548,100008,248,100057,100,99999,100,100072,100,99997,100,100074,100,99994,100,100077,100,99980,100,100079,100,99972,100,100098,100,99971,200,100101,200,99970,100,100105,100,99965,100
2019-06-28 09:33:50.000000000,100035,248,100017,248,100049,548,100008,248,100057,100,99999,100,100072,100,99997,100,100074,100,99994,100,100077,100,99980,100,100079,100,99972,100,100098,100,99971,200,100101,200,99970,100,100105,100,99965,100
2019-06-28 09:34:00.000000000,100035,248,100017,248,100049,548,100008,248,100057,100,99999,100,100072,100,99997,100,100074,100,99994,100,100077,100,99980,100,100079,100,99972,100,100098,100,99971,200,100101,200,99970,100,100105,100,99965,100
2019-06-28 09:34:00.683684965,100035,148,100017,248,100049,548,100008,248,100057,100,99999,100,100072,100,99997,100,100074,100,99994,100,100077,100,99980,100,100079,100,99972,100,100098,100,99971,200,100101,200,99970,100,100105,100,99965,100
2019-06-28 09:34:10.000000000,100049,548,100017,248,100057,248,100008,248,100072,100,99999,100,100074,100,99997,100,100077,100,99994,100,100079,100,99980,100,100098,100,99972,100,100101,200,99971,200,100105,100,99970,100,100118,100,99965,100
2019-06-28 09:34:20.000000000,100049,459,100017,159,100057,159,100008,159,100072,159,99999,159,100074,159,99997,159,100077,159,99994,159,100079,100,99980,100,100098,100,99972,100,100101,200,99971,200,100105,100,99970,100,100118,100,99965,100
2019-06-28 09:34:30.000000000,100049,474,100017,174,100057,174,100008,174,100072,174,99999,174,100074,174,99997,174,100077,100,99994,100,100079,100,99980,100,100098,100,99972,100,100101,200,99971,200,100105,100,99970,100,100118,100,99965,100
2019-06-28 09:34:40.000000000,100049,459,100017,159,100057,159,100008,159,100072,159,99999,159,100074,159,99997,159,100077,159,99994,159,100079,100,99980,100,100098,100,99972,100,100101,200,99971,200,100105,100,99970,100,100118,100,99965,100
2019-06-28 09:34:50.000000000,100049,474,100017,174,100057,174,100008,174,100072,174,99999,174,100074,174,99997,174,100077,100,99994,100,100079,100,99980,100,100098,100,99972,100,100101,200,99971,200,100105,100,99970,100,100118,100,99965,100
2019-06-28 09:34:59.247343577,100049,374,100017,174,100057,174,100008,174,100072,174,99999,174,100074,174,99997,174,100077,100,99994,100,100079,100,99980,100,100098,100,99972,100,100101,200,99971,200,100105,100,99970,100,100118,100,99965,100
2019-06-28 09:35:00.000000000,100049,374,100017,174,100057,174,100008,174,100072,174,99999,174,100074,174,99997,174,100077,100,99994,100,100079,100,99980,100,100098,100,99972,100,100101,200,99971,200,100105,100,99970,100,100118,100,99965,100
2019-06-28 09:35:10.000000000,100049,400,100017,200,100057,197,100008,197,100072,197,99999,197,100074,100,99997,100,100077,100,99994,100,100079,100,99980,100,100098,100,99972,100,100101,200,99971,200,100105,100,99970,100,100118,100,99965,100
2019-06-28 09:35:20.000000000,100049,374,100017,174,100057,174,100008,174,100072,174,99999,174,100074,174,99997,174,100077,100,99994,100,100079,100,99980,100,100098,100,99972,100,100101,200,99971,200,100105,100,99970,100,100118,100,99965,100
2019-06-28 09:35:20.185907533,100049,374,100017,174,100057,174,100008,174,100072,174,99999,174,100074,174,99997,174,100077,100,99994,100,100079,100,99980,100,100098,100,99972,100,100101,200,99971,200,100105,100,99970,100,100118,100,99965,100
2019-06-28 09:35:28.543994203,100049,274,100017,174,100057,174,100008,174,100072,174,99999,174,100074,174,99997,174,100077,100,99994,100,100079,100,99980,100,100098,100,99972,100,100101,200,99971,200,100105,100,99970,100,100118,100,99965,100
2019-06-28 09:35:29.938285372,100049,174,100017,174,100057,174,100008,174,100072,174,99999,174,100074,174,99997,174,100077,100,99994,100,100079,100,99980,100,100098,100,99972,100,100101,200,99971,200,100105,100,99970,100,100118,100,99965,100
2019-06-28 09:35:30.000000000,100049,395,100017,395,100057,100,100008,100,100072,100,99999,100,100074,100,99997,100,100077,100,99994,100,100079,100,99980,100,100098,100,99972,100,100101,200,99971,200,100105,100,99970,100,100118,100,99965,100
2019-06-28 09:35:35.533114960,100049,295,100017,395,100057,100,100008,100,100072,100,99999,100,100074,100,99997,100,100077,100,99994,100,100079,100,99980,100,100098,100,99972,100,100101,200,99971,200,100105,100,99970,100,100118,100,99965,100
2019-06-28 09:35:40.000000000,100057,248,100017,248,100072,248,100008,248,100074,100,99999,100,100077,100,99997,100,100079,100,99994,100,100098,100,99980,100,100101,200,99972,100,100105,100,99971,200,100118,100,99970,100,100119,100,99965,100
2019-06-28 09:35:50.000000000,100057,395,100017,395,100072,100,100008,100,100074,100,99999,100,100077,100,99997,100,100079,100,99994,100,100098,100,99980,100,100101,200,99972,100,100105,100,99971,200,100118,100,99970,100,100119,100,99965,100
2019-06-28 09:36:00.000000000,100057,248,100017,248,100072,248,100008,248,100074,100,99999,100,100077,100,99997,100,100079,100,99994,100,100098,100,99980,100,100101,200,99972,100,100105,100,99971,200,100118,100,99970,100,100119,100,99965,100
2019-06-28 09:36:03.824412333,100057,148,100017,248,100072,248,100008,248,100074,100,99999,100,100077,100,99997,100,100079,100,99994,100,100101,200,99980,100,100105,100,99972,100,100118,100,99971,200,100119,100,99970,100,100126,100,99965,100
2019-06-28 09:36:08.862341457,100057,148,100017,248,100072,248,100008,248,100074,100,99999,100,100077,100,99997,100,100079,100,99994,100,100101,200,99980,100,100105,100,99972,100,100118,100,99971,200,100119,100,99970,100,100126,100,99965,100
2019-06-28 09:36:10.000000000,100072,200,100017,200,100074,197,100008,197,100077,197,99999,197,100079,100,99997,100,100101,200,99994,100,100105,100,99980,100,100118,100,99972,100,100119,100,99971,200,100126,100,99970,100,100129,100,99965,100
2019-06-28 09:36:20.000000000,100072,248,100017,248,100074,248,100008,248,100077,100,99999,100,100079,100,99997,100,100101,200,99994,100,100105,100,99980,100,100118,100,99972,100,100119,100,99971,200,100126,100,99970,100,100129,100,99965,100
2019-06-28 09:36:30.000000000,100072,159,100017,159,100074,159,100008,159,100077,159,99999,159,100079,159,99997,159,100101,259,99994,159,100105,100,99980,100,100118,100,99972,100,100119,100,99971,200,100126,100,99970,100,100129,100,99965,100
2019-06-28 09:36:40.000000000,100072,174,100017,174,100074,174,100008,174,100077,174,99999,174,100079,174,99997,174,100101,200,99994,100,100105,100,99980,100,100118,100,99972,100,100119,100,99971,200,100126,100,99970,100,100129,100,99965,100
2019-06-28 09:36:50.000000000,100072,200,100017,200,100074,197,100008,197,100077,197,99999,197,100079,100,99997,100,100101,200,99994,100,100105,100,99980,100,100118,100,99972,100,100119,100,99971,200,100126,100,99970,100,100129,100,99965,100
2019-06-28 09:36:53.207241197,100072,200,100049,100,100074,197,100017,200,100077,197,100008,197,100079,100,99999,197,100101,200,99997,100,100105,100,99994,100,100118,100,99980,100,100119,100,99972,100,100126,100,99971,200,100129,100,99970,100
2019-06-28 09:37:00.000000000,100072,200,100049,200,100074,197,100017,197,100077,197,100008,197,100079,100,99999,100,100101,200,99997,100,100105,100,99994,100,100118,100,99980,100,100119,100,99972,100,100126,100,99971,200,100129,100,99970,100
2019-06-28 09:37:02.197976474,100072,200,100051,100,100074,197,100049,200,100077,197,100017,197,100079,100,100008,197,100101,200,99999,100,100105,100,99997,100,100118,100,99994,100,100119,100,99980,100,100129,100,99972,100,100141,100,99971,200
2019-06-28 09:37:04.110050565,100072,200,100051,100,100074,197,100049,200,100077,197,100017,197,100079,100,100008,197,100101,200,99999,100,100105,100,99997,100,100118,100,99994,100,100119,100,99980,100,100129,100,99972,100,100141,100,99971,200
2019-06-28 09:37:10.000000000,100072,174,100051,174,100074,174,100049,174,100077,174,100017,174,100079,174,100008,174,100101,200,99999,100,100105,100,99997,100,100118,100,99994,100,100119,100,99980,100,100129,100,99972,100,100141,100,99971,200
2019-06-28 09:37:12.958193122,100072,174,100051,174,100074,174,100049,174,100077,174,100017,174,100079,174,100008,174,100101,200,99999,100,100105,100,99997,100,100118,100,99994,100,100119,100,99980,100,100129,100,99972,100,100141,100,99971,200
2019-06-28 09:37:15.811295898,100072,74,100051,174,100074,174,100049,174,100077,174,100017,174,100079,174,100008,174,100101,200,99999,100,100105,100,99997,100,100118,100,99994,100,100119,100,99980,100,100129,100,99972,100,100141,100,99971,200
2019-06-28 09:37:20.000000000,100074,395,100051,395,100077,100,100049,100,100079,100,100017,100,100101,200,100008,100,100105,100,99999,100,100118,100,99997,100,100119,100,99994,100,100129,100,99980,100,100141,100,99972,100,100160,100,99971,200
2019-06-28 09:37:25.303631302,100074,395,100051,395,100077,100,100049,100,100079,100,100017,100,100101,200,100008,100,100105,100,99999,100,100119,100,99997,100,100129,100,99994,100,100141,100,99980,100,100160,100,99972,100,100166,100,99971,200
2019-06-28 09:37:30.000000000,100074,159,100051,159,100077,159,100049,159,100079,159,100017,159,100101,259,100008,159,100105,159,99999,159,100119,100,99997,100,100129,100,99994,100,100141,100,99980,100,100160,100,99972,100,100166,100,99971,200
2019-06-28 09:37:30.541085941,100074,159,100057,100,100077,159,100051,159,100079,159,100049,159,100101,259,100017,159,100105,159,100008,159,100119,100,99999,159,100129,100,99997,100,100141,100,99994,100,100160,100,99980,100,100166,100,99972,100
2019-06-28 09:37:40.000000000,100074,395,100057,395,100077,100,100051,100,100079,100,100049,100,100101,200,100017,100,100105,100,100008,100,100119,100,99999,100,100129,100,99997,100,100141,100,99994,100,100160,100,99980,100,100166,100,99972,100
2019-06-28 09:37:49.153742283,100074,395,100057,295,100077,100,100051,100,100079,100,100049,100,100101,200,100017,100,100105,100,100008,100,100119,100,99997,100,100129,100,99994,100,100141,100,99980,100,100160,100,99972,100,100166,100,99971,200
2019-06-28 09:37:50.000000000,100074,248,100051,248,100077,248,100049,248,100079,100,100017,100,100101,200,100008,100,100105,100,99997,100,100119,100,99994,100,100129,100,99980,100,100141,100,99972,100,100160,100,99971,200,100166,100,99970,100
2019-06-28 09:38:00.000000000,100074,159,100051,159,100077,159,100049,159,100079,159,100017,159,100101,259,100008,159,100105,159,99997,159,100119,100,99994,100,100129,100,99980,100,100141,100,99972,100,100160,100,99971,200,100166,100,99970,100
2019-06-28 09:38:10.000000000,100074,174,100051,174,100077,174,100049,174,100079,174,100017,174,100101,274,100008,174,100105,100,99997,100,100119,100,99994,100,100129,100,99980,100,100141,100,99972,100,100160,100,99971,200,100166,100,99970,100
2019-06-28 09:38:12.828780021,100074,174,100051,174,100077,174,100049,174,100079,174,100017,174,100101,274,100008,174,100105,100,99997,100,100119,100,99994,100,100129,100,99980,100,100141,100,99972,100,100160,100,99971,200,100166,100,99970,100
2019-06-28 09:38:20.000000000,100074,174,100051,174,100077,174,100049,174,100079,174,100017,174,100101,274,100008,174,100105,100,99997,100,100119,100,99994,100,100129,100,99980,100,100141,100,99972,100,100160,100,99971,200,100166,100,99970,100
2019-06-28 09:38:30.000000000,100074,174,100051,174,100077,174,100049,174,100079,174,100017,174,100101,274,100008,174,100105,100,99997,100,100119,100,99994,100,100129,100,99980,100,100141,100,99972,100,100160,100,99971,200,100166,100,99970,100
2019-06-28 09:38:37.300520934,100074,174,100051,74,100077,174,100049,174,100079,174,100017,174,100101,274,100008,174,100119,100,99997,100,100129,100,99994,100,100141,100,99980,100,100160,100,99972,100,100166,100,99971,200,100184,100,99970,100
2019-06-28 09:38:40.000000000,100074,174,100049,174,100077,174,100017,174,100079,174,100008,174,100101,274,99997,174,100119,100,99994,100,100129,100,99980,100,100141,100,99972,100,100160,100,99971,200,100166,100,99970,100,100184,100,99965,100
2019-06-28 09:38:41.942119362,100074,174,100049,74,100077,174,100017,174,100079,174,100008,174,100101,274,99997,174,100119,100,99994,100,100129,100,99980,100,100141,100,99972,100,100160,100,99971,200,100166,100,99970,100,100184,100,99965,100
2019-06-28 09:38:50.000000000,100074,395,100017,395,100077,100,100008,100,100079,100,99997,100,100101,200,99994,100,100119,100,99980,100,100129,100,99972,100,100141,100,99971,200,100160,100,99970,100,100166,100,99965,100,100184,100,99952,100
2019-06-28 09:39:00.000000000,100074,395,100017,395,100077,100,100008,100,100079,100,99997,100,100101,200,99994,100,100119,100,99980,100,100129,100,99972,100,100141,100,99971,200,100160,100,99970,100,100166,100,99965,100,100184,100,99952,100
2019-06-28 09:39:10.000000000,100074,200,100017,200,100077,197,100008,197,100079,197,99997,197,100101,200,99994,100,100119,100,99980,100,100129,100,99972,100,100141,100,99971,200,100160,100,99970,100,100166,100,99965,100,100184,100,99952,100
2019-06-28 09:39:12.290376171,100074,200,100017,200,100077,197,100008,197,100079,197,99997,197,100101,200,99994,100,100119,100,99980,100,100129,100,99972,100,100141,100,99971,200,100160,100,99970,100,100166,100,99965,100,100397,100,99952,100
2019-06-28 09:39:20.000000000,100074,174,100017,174,100077,174,100008,174,100079,174,99997,174,100101,274,99994,174,100119,100,99980,100,100129,100,99972,100,100141,100,99971,200,100160,100,99970,100,100166,100,99965,100,100397,100,99952,100
2019-06-28 09:39:29.198707714,100074,174,100017,174,100077,174,100008,174,100079,174,99997,174,100101,274,99994,174,100119,100,99980,100,100129,100,99972,100,100141,100,99971,200,100160,100,99970,100,100166,100,99965,100,100397,100,99952,100
2019-06-28 09:39:30.000000000,100074,174,100017,174,100077,174,100008,174,100079,174,99997,174,100101,274,99994,174,100119,100,99980,100,100129,100,99972,100,100141,100,99971,200,100160,100,99970,100,100166,100,99965,100,100397,100,99952,100
2019-06-28 09:39:40.000000000,100074,174,100017,174,100077,174,100008,174,100079,174,99997,174,100101,274,99994,174,100119,100,99980,100,100129,100,99972,100,100141,100,99971,200,100160,100,99970,100,100166,100,99965,100,100397,100,99952,100
2019-06-28 09:39:47.543840020,100074,174,100017,174,100077,174,100008,174,100079,174,99997,174,100101,274,99994,174,100119,100,99980,100,100129,100,99972,100,100141,100,99971,200,100160,100,99970,100,100166,100,99965,100,100397,100,99952,100
2019-06-28 09:39:50.000000000,100074,395,100017,395,100077,100,100008,100,100079,100,99997,100,100101,200,99994,100,100119,100,99980,100,100129,100,99972,100,100141,100,99971,200,100160,100,99970,100,100166,100,99965,100,100397,100,99952,100
2019-06-28 09:40:00.000000000,100074,159,100017,159,100077,159,100008,159,100079,159,99997,159,100101,259,99994,159,100119,159,99980,159,100129,100,99972,100,100141,100,99971,200,100160,100,99970,100,100166,100,99965,100,100397,100,99952,100
2019-06-28 09:40:06.063360889,100074,159,100017,159,100077,159,100008,159,100079,159,99997,159,100101,259,99994,159,100119,159,99980,159,100129,100,99972,100,100141,100,99971,200,100160,100,99970,100,100166,100,99965,100,100397,100,99952,100
2019-06-28 09:40:10.000000000,100074,174,100017,174,100077,174,100008,174,100079,174,99997,174,100101,274,99994,174,100119,100,99980,100,100129,100,99972,100,100141,100,99971,200,100160,100,99970,100,100166,100,99965,100,100397,100,99952,100
2019-06-28 09:40:13.022027694,100074,174,100017,74,100077,174,100008,174,100079,174,99997,174,100101,274,99994,174,100119,100,99980,100,100129,100,99972,100,100141,100,99971,200,100160,100,99970,100,100166,100,99965,100,100397,100,99952,100
2019-06-28 09:40:20.000000000,100074,395,100008,395,100077,100,99997,100,100079,100,99994,100,100101,200,99980,100,100119,100,99972,100,100129,100,99971,200,100141,100,99970,100,100160,100,99965,100,100166,100,99952,100,100397,100,99937,100
2019-06-28 09:40:28.197748405,100049,100,100008,395,100074,395,99997,100,100077,100,99994,100,100079,100,99980,100,100101,200,99972,100,100119,100,99971,200,100129,100,99970,100,100141,100,99965,100,100160,100,99952,100,100166,100,99937,100
2019-06-28 09:40:30.000000000,100049,159,100008,159,100074,159,99997,159,100077,159,99994,159,100079,159,99980,159,100101,259,99972,159,100119,100,99971,200,100129,100,99970,100,100141,100,99965,100,100160,100,99952,100,100166,100,99937,100
2019-06-28 09:40:38.712522677,100049,159,100008,159,100074,159,99997,159,100077,159,99994,159,100079,159,99980,159,100101,259,99972,159,100119,100,99971,200,100129,100,99970,100,100141,100,99952,100,100160,100,99937,100,100166,100,99912,100
2019-06-28 09:40:40.000000000,100049,200,100008,200,100074,197,99997,197,100077,197,99994,197,100079,100,99980,100,100101,200,99972,100,100119,100,99971,200,100129,100,99970,100,100141,100,99952,100,100160,100,99937,100,100166,100,99912,100
2019-06-28 09:40:41.366027111,100049,300,100008,200,100074,197,99997,197,100077,197,99994,197,100079,100,99980,100,100101,200,99972,100,100119,100,99971,200,100129,100,99970,100,100141,100,99952,100,100160,100,99937,100,100166,100,99912,100
2019-06-28 09:40:50.000000000,100049,274,100008,174,100074,174,99997,174,100077,174,99994,174,100079,174,99980,174,100101,200,99972,100,100119,100,99971,200,100129,100,99970,100,100141,100,99952,100,100160,100,99937,100,100166,100,99912,100
2019-06-28 09:40:51.851122713,100049,274,100008,74,100074,174,99997,174,100077,174,99994,174,100079,174,99980,174,100101,200,99972,100,100119,100,99971,200,100129,100,99952,100,100141,100,99937,100,100160,100,99912,100,100166,100,99864,100
2019-06-28 09:41:00.000000000,100049,300,99997,200,100074,197,99994,197,100077,197,99980,197,100079,100,99972,100,100101,200,99971,200,100119,100,99952,100,100129,100,99937,100,100141,100,99912,100,100160,100,99864,100,100166,100,99854,100
2019-06-28 09:41:00.507410756,100049,300,99997,200,100074,197,99994,197,100077,197,99980,197,100079,100,99972,100,100101,200,99971,200,100119,100,99952,100,100129,100,99937,100,100141,100,99912,100,100160,100,99864,100,100166,100,99854,100
2019-06-28 09:41:05.363335555,100049,300,99997,200,100074,197,99994,197,100077,197,99980,197,100079,100,99972,100,100101,200,99971,200,100129,100,99952,100,100141,100,99937,100,100160,100,99912,100,100166,100,99864,100,100397,100,99854,100
2019-06-28 09:41:07.893716747,100049,300,99997,200,100074,197,99994,97,100077,197,99980,197,100079,100,99972,100,100101,200,99971,200,100129,100,99952,100,100141,100,99937,100,100160,100,99912,100,100166,100,99864,100,100397,100,99854,100
2019-06-28 09:41:08.444515345,100049,300,99997,200,100074,197,99994,97,100077,197,99980,197,100079,100,99972,100,100101,200,99971,200,100129,100,99952,100,100141,100,99937,100,100160,100,99912,100,100166,100,99864,100,100397,100,99854,100
2019-06-28 09:41:10.000000000,100049,274,99997,174,100074,174,99980,174,100077,174,99972,174,100079,174,99971,274,100101,200,99952,100,100129,100,99937,100,100141,100,99912,100,100160,100,99864,100,100166,100,99854,100,100397,100,99827,100
2019-06-28 09:41:12.865303069,100017,100,99997,174,100049,274,99980,174,100074,174,99972,174,100077,174,99971,274,100079,174,99952,100,100101,200,99937,100,100129,100,99912,100,100141,100,99864,100,100160,100,99854,100,100166,100,99827,100
2019-06-28 09:41:13.948865472,100017,100,99997,174,100049,274,99980,174,100074,174,99972,174,100077,174,99971,274,100079,174,99952,100,100101,200,99937,100,100129,100,99912,100,100141,100,99864,100,100160,100,99854,100,100166,100,99827,100
2019-06-28 09:41:18.104276772,100017,100,99997,74,100049,274,99980,174,100074,174,99972,174,100077,174,99971,274,100079,174,99952,100,100101,200,99937,100,100129,100,99912,100,100141,100,99864,100,100160,100,99854,100,100166,100,99827,100
2019-06-28 09:41:20.000000000,100017,248,99980,248,100049,348,99972,248,100074,100,99971,200,100077,100,99952,100,100079,100,99937,100,100101,200,99912,100,100129,100,99864,100,100141,100,99854,100,100160,100,99827,100,100166,100,99786,100
2019-06-28 09:41:30.000000000,100017,159,99980,159,100049,259,99972,159,100074,159,99971,259,100077,159,99952,159,100079,159,99937,159,100101,200,99912,100,100129,100,99864,100,100141,100,99854,100,100160,100,99827,100,100166,100,99786,100
2019-06-28 09:41:40.000000000,100017,395,99980,395,100049,200,99972,100,100074,100,99971,200,100077,100,99952,100,100079,100,99937,100,100101,200,99912,100,100129,100,99864,100,100141,100,99854,100,100160,100,99827,100,100166,100,99786,100
2019-06-28 09:41:50.000000000,100017,248,99980,248,100049,348,99972,248,100074,100,99971,200,100077,100,99952,100,100079,100,99937,100,100101,200,99912,100,100129,100,99864,100,100141,100,99854,100,100160,100,99827,100,100166,100,99786,100
2019-06-28 09:41:52.981354321,100017,248,99980,148,100049,348,99972,248,100074,100,99971,200,100077,100,99952,100,100079,100,99937,100,100101,200,99912,100,100129,100,99864,100,100141,100,99854,100,100160,100,99827,100,100166,100,99786,100
2019-06-28 09:42:00.000000000,100017,395,99972,395,100049,200,99971,200,100074,100,99952,100,100077,100,99937,100,100079,100,99912,100,100101,200,99864,100,100129,100,99854,100,100141,100,99827,100,100160,100,99786,100,100166,100,99606,100
2019-06-28 09:42:06.344253089,100017,395,99972,395,100049,200,99971,200,100074,100,99952,100,100077,100,99937,100,100079,100,99912,100,100101,200,99864,100,100129,100,99854,100,100141,100,99827,100,100160,100,99786,100,100166,100,99606,100
2019-06-28 09:42:10.000000000,100017,159,99972,159,100049,259,99971,259,100074,159,99952,159,100077,159,99937,159,100079,159,99912,159,100101,200,99864,100,100129,100,99854,100,100141,100,99827,100,100160,100,99786,100,100166,100,99606,100
2019-06-28 09:42:20.000000000,100017,248,99972,248,100049,348,99971,348,100074,100,99952,100,100077,100,99937,100,100079,100,99912,100,100101,200,99864,100,100129,100,99854,100,100141,100,99827,100,100160,100,99786,100,100166,100,99606,100
2019-06-28 09:42:23.574381001,100017,248,99972,148,100049,348,99971,348,100074,100,99952,100,100077,100,99937,100,100079,100,99912,100,100101,200,99864,100,100129,100,99854,100,100141,100,99827,100,100160,100,99786,100,100166,100,99606,100
2019-06-28 09:42:24.217068979,99997,100,99972,148,100017,248,99971,348,100049,348,99952,100,100074,100,99937,100,100077,100,99912,100,100079,100,99864,100,100101,200,99854,100,100129,100,99827,100,100141,100,99786,100,100160,100,99606,100
2019-06-28 09:42:30.000000000,99997,395,99971,495,100017,100,99952,100,100049,200,99937,100,100074,100,99912,100,100077,100,99864,100,100079,100,99854,100,100101,200,99827,100,100129,100,99786,100,100141,100,99606,100,100160,100,99605,100
2019-06-28 09:42:40.000000000,99997,159,99971,259,100017,159,99952,159,100049,259,99937,159,100074,159,99912,159,100077,159,99864,159,100079,100,99854,100,100101,200,99827,100,100129,100,99786,100,100141,100,99606,100,100160,100,99605,100
2019-06-28 09:42:45.107810087,99997,159,99971,259,100017,159,99952,159,100049,259,99937,159,100074,159,99912,159,100077,159,99864,159,100079,100,99854,100,100101,200,99827,100,100129,100,99786,100,100141,100,99606,100,100160,100,99605,100
2019-06-28 09:42:50.000000000,99997,248,99971,348,100017,248,99952,248,100049,200,99937,100,100074,100,99912,100,100077,100,99864,100,100079,100,99854,100,100101,200,99827,100,100129,100,99786,100,100141,100,99606,100,100160,100,99605,100
2019-06-28 09:43:00.000000000,99997,174,99971,274,100017,174,99952,174,100049,274,99937,174,100074,174,99912,174,100077,100,99864,100,100079,100,99854,100,100101,200,99827,100,100129,100,99786,100,100141,100,99606,100,100160,100,99605,100
2019-06-28 09:43:10.000000000,99997,174,99971,274,100017,174,99952,174,100049,274,99937,174,100074,174,99912,174,100077,100,99864,100,100079,100,99854,100,100101,200,99827,100,100129,100,99786,100,100141,100,99606,100,100160,100,99605,100
2019-06-28 09:43:10.727241022,99997,174,99971,174,100017,174,99952,174,100049,274,99937,174,100074,174,99912,174,100077,100,99864,100,100079,100,99854,100,100101,200,99827,100,100129,100,99786,100,100141,100,99606,100,100160,100,99605,100
2019-06-28 09:43:20.000000000,99997,200,99971,200,100017,197,99952,197,100049,297,99937,197,100074,100,99912,100,100077,100,99864,100,100079,100,99854,100,100101,200,99827,100,100129,100,99786,100,100141,100,99606,100,100160,100,99605,100
2019-06-28 09:43:30.000000000,99997,395,99971,395,100017,100,99952,100,100049,200,99937,100,100074,100,99912,100,100077,100,99864,100,100079,100,99854,100,100101,200,99827,100,100129,100,99786,100,100141,100,99606,100,100160,100,99605,100
2019-06-28 09:43:31.429410919,99997,395,99971,295,100017,100,99952,100,100049,200,99937,100,100074,100,99912,100,100077,100,99864,100,100079,100,99854,100,100101,200,99827,100,100129,100,99786,100,100141,100,99606,100,100160,100,99605,100
2019-06-28 09:43:40.000000000,99997,395,99952,395,100017,100,99937,100,100049,200,99912,100,100074,100,99864,100,100077,100,99854,100,100079,100,99827,100,100101,200,99786,100,100129,100,99606,100,100141,100,99605,100,100160,100,99582,100
2019-06-28 09:43:50.000000000,99997,159,99952,159,100017,159,99937,159,100049,259,99912,159,100074,159,99864,159,100077,159,99854,159,100079,100,99827,100,100101,200,99786,100,100129,100,99606,100,100141,100,99605,100,100160,100,99582,100
2019-06-28 09:44:00.000000000,99997,159,99952,159,100017,159,99937,159,100049,259,99912,159,100074,159,99864,159,100077,159,99854,159,100079,100,99827,100,100101,200,99786,100,100129,100,99606,100,100141,100,99605,100,100160,100,99582,100
2019-06-28 09:44:10.000000000,99997,248,99952,248,100017,248,99937,248,100049,200,99912,100,100074,100,99864,100,100077,100,99854,100,100079,100,99827,100,100101,200,99786,100,100129,100,99606,100,100141,100,99605,100,100160,100,99582,100
2019-06-28 09:44:16.247804834,99997,248,99952,148,100017,248,99937,248,100049,200,99912,100,100074,100,99864,100,100077,100,99854,100,100079,100,99827,100,100101,200,99786,100,100129,100,99606,100,100141,100,99605,100,100160,100,99582,100
2019-06-28 09:44:20.000000000,99997,159,99937,159,100017,159,99912,159,100049,259,99864,159,100074,159,99854,159,100077,159,99827,159,100079,100,99786,100,100101,200,99606,100,100129,100,99605,100,100141,100,99582,100,100160,100,99176,100
2019-06-28 09:44:30.000000000,99997,395,99937,395,100017,100,99912,100,100049,200,99864,100,100074,100,99854,100,100077,100,99827,100,100079,100,99786,100,100101,200,99606,100,100129,100,99605,100,100141,100,99582,100,100160,100,99176,100
2019-06-28 09:44:40.000000000,99997,174,99937,174,100017,174,99912,174,100049,274,99864,174,100074,174,99854,174,100077,100,99827,100,100079,100,99786,100,100101,200,99606,100,100129,100,99605,100,100141,100,99582,100,100160,100,99176,100
2019-06-28 09:44:50.000000000,99997,395,99937,395,100017,100,99912,100,100049,200,99864,100,100074,100,99854,100,100077,100,99827,100,100079,100,99786,100,100101,200,99606,100,100129,100,99605,100,100141,100,99582,100,100160,100,99176,100
2019-06-28 09:45:00.000000000,99997,174,99937,174,100017,174,99912,174,100049,274,99864,174,100074,174,99854,174,100077,100,99827,100,100079,100,99786,100,100101,200,99606,100,100129,100,99605,100,100141,100,99582,100,100160,100,99176,100
2019-06-28 09:45:10.000000000,99997,248,99937,248,100017,248,99912,248,100049,200,99864,100,100074,100,99854,100,100077,100,99827,100,100079,100,99786,100,100101,200,99606,100,100129,100,99605,100,100141,100,99582,100,100160,100,99176,100
2019-06-28 09:45:18.676843845,99997,248,99937,248,100017,248,99912,248,100049,200,99864,100,100074,100,99854,100,100077,100,99827,100,100079,100,99786,100,100101,200,99606,100,100129,100,99605,100,100141,100,99582,100,100160,100,99176,100
2019-06-28 09:45:20.000000000,99997,248,99937,248,100017,248,99912,248,100049,200,99864,100,100074,100,99854,100,100077,100,99827,100,100079,100,99786,100,100101,200,99606,100,100129,100,99605,100,100141,100,99582,100,100160,100,99176,100
2019-06-28 09:45:25.759834907,99997,248,99937,248,100017,248,99912,248,100049,200,99864,100,100074,100,99854,100,100077,100,99827,100,100079,100,99786,100,100101,200,99606,100,100129,100,99605,100,100141,100,99582,100,100160,100,99176,100
2019-06-28 09:45:28.220126565,99971,100,99937,248,99997,248,99912,248,100017,248,99864,100,100049,200,99854,100,100074,100,99827,100,100077,100,99786,100,100079,100,99606,100,100101,200,99605,100,100129,100,99582,100,100141,100,99176,100
2019-06-28 09:45:29.286943547,99971,100,99937,148,99997,248,99912,248,100017,248,99864,100,100049,200,99854,100,100074,100,99827,100,100077,100,99786,100,100079,100,99606,100,100101,200,99605,100,100129,100,99582,100,100141,100,99176,100
2019-06-28 09:45:30.000000000,99971,395,99912,395,99997,100,99864,100,100017,100,99854,100,100049,200,99827,100,100074,100,99786,100,100077,100,99606,100,100079,100,99605,100,100101,200,99582,100,100129,100,99176,100,100141,100,99083,100
2019-06-28 09:45:40.000000000,99971,174,99912,174,99997,174,99864,174,100017,174,99854,174,100049,274,99827,174,100074,100,99786,100,100077,100,99606,100,100079,100,99605,100,100101,200,99582,100,100129,100,99176,100,100141,100,99083,100
2019-06-28 09:45:49.012093973,99971,174,99912,74,99997,174,99864,174,100017,174,99854,174,100049,274,99827,174,100074,100,99786,100,100077,100,99606,100,100079,100,99605,100,100101,200,99582,100,100129,100,99176,100,100141,100,99083,100
2019-06-28 09:45:50.000000000,99971,159,99864,159,99997,159,99854,159,100017,159,99827,159,100049,259,99786,159,100074,159,99606,159,100077,100,99605,100,100079,100,99582,100,100101,200,99176,100,100129,100,99083,100,100141,100,98953,100
2019-06-28 09:45:52.103081256,99971,159,99864,59,99997,159,99854,159,100017,159,99827,159,100049,259,99786,159,100074,159,99606,159,100077,100,99605,100,100079,100,99582,100,100101,200,99176,100,100129,100,99083,100,100141,100,98953,100
2019-06-28 09:45:58.742517117,99971,159,99864,59,99997,159,99854,159,100017,159,99827,159,100049,259,99786,159,100074,159,99606,159,100077,100,99605,100,100079,100,99582,100,100101,200,99176,100,100129,100,99083,100,100141,100,98953,100
2019-06-28 09:46:00.000000000,99971,159,99854,159,99997,159,99827,159,100017,159,99786,159,100049,259,99606,159,100074,159,99605,159,100077,100,99582,100,100079,100,99176,100,100101,200,99083,100,100129,100,98953,100,100141,100,98827,100
2019-06-28 09:46:10.000000000,99971,248,99854,248,99997,248,99827,248,100017,100,99786,100,100049,200,99606,100,100074,100,99605,100,100077,100,99582,100,100079,100,99176,100,100101,200,99083,100,100129,100,98953,100,100141,100,98827,100
2019-06-28 09:46:20.000000000,99971,395,99854,395,99997,100,99827,100,100017,100,99786,100,100049,200,99606,100,100074,100,99605,100,100077,100,99582,100,100079,100,99176,100,100101,200,99083,100,100129,100,98953,100,100141,100,98827,100
2019-06-28 09:46:30.000000000,99971,200,99854,200,99997,197,99827,197,100017,197,99786,197,100049,200,99606,100,100074,100,99605,100,100077,100,99582,100,100079,100,99176,100,100101,200,99083,100,100129,100,98953,100,100141,100,98827,100
2019-06-28 09:46:40.000000000,99971,248,99854,248,99997,248,99827,248,100017,100,99786,100,100049,200,99606,100,100074,100,99605,100,100077,100,99582,100,100079,100,99176,100,100101,200,99083,100,100129,100,98953,100,100141,100,98827,100
2019-06-28 09:46:41.918518514,99971,248,99854,248,99997,248,99827,248,100017,100,99786,100,100049,200,99606,100,100074,100,99605,100,100077,100,99582,100,100079,100,99176,100,100101,200,99134,100,100129,100,99083,100,100141,100,98953,100
2019-06-28 09:46:50.000000000,99971,248,99854,248,99997,248,99827,248,100017,100,99786,100,100049,200,99606,100,100074,100,99605,100,100077,100,99582,100,100079,100,99176,100,100101,200,99134,100,100129,100,99083,100,100141,100,98953,100
2019-06-28 09:47:00.000000000,99971,248,99854,248,99997,248,99827,248,100017,100,99786,100,100049,200,99606,100,100074,100,99605,100,100077,100,99582,100,100079,100,99176,100,100101,200,99134,100,100129,100,99083,100,100141,100,98953,100
2019-06-28 09:47:10.000000000,99971,159,99854,159,99997,159,99827,159,100017,159,99786,159,100049,259,99606,159,100074,159,99605,159,100077,100,99582,100,100079,100,99176,100,100101,200,99134,100,100129,100,99083,100,100141,100,98953,100
2019-06-28 09:47:18.266850915,99971,159,99854,59,99997,159,99827,159,100017,159,99786,159,100049,259,99606,159,100074,159,99605,159,100077,100,99582,100,100079,100,99176,100,100101,200,99134,100,100129,100,99083,100,100141,100,98953,100
2019-06-28 09:47:20.000000000,99971,395,99827,395,99997,100,99786,100,100017,100,99606,100,100049,200,99605,100,100074,100,99582,100,100077,100,99176,100,100079,100,99134,100,100101,200,99083,100,100129,100,98953,100,100141,100,98761,100
2019-06-28 09:47:30.000000000,99971,395,99827,395,99997,100,99786,100,100017,100,99606,100,100049,200,99605,100,100074,100,99582,100,100077,100,99176,100,100079,100,99134,100,100101,200,99083,100,100129,100,98953,100,100141,100,98761,100
2019-06-28 09:47:34.530807110,99971,395,99827,295,99997,100,99786,100,100017,100,99606,100,100049,200,99605,100,100074,100,99582,100,100077,100,99176,100,100079,100,99134,100,100101,200,99083,100,100129,100,98953,100,100141,100,98761,100
2019-06-28 09:47:39.536559480,99971,395,99827,195,99997,100,99786,100,100017,100,99606,100,100049,200,99605,100,100074,100,99582,100,100077,100,99176,100,100079,100,99134,100,100101,200,99083,100,100129,100,98953,100,100141,100,98761,100
2019-06-28 09:47:40.000000000,99971,159,99786,159,99997,159,99606,159,100017,159,99605,159,100049,259,99582,159,100074,159,99176,159,100077,100,99134,100,100079,100,99083,100,100101,200,98953,100,100129,100,98761,100,100141,100,98754,100
2019-06-28 09:47:40.538666579,99971,159,99786,59,99997,159,99606,159,100017,159,99605,159,100049,259,99582,159,100074,159,99176,159,100077,100,99134,100,100079,100,99083,100,100101,200,98953,100,100129,100,98761,100,100141,100,98754,100
2019-06-28 09:47:50.000000000,99971,395,99606,395,99997,100,99605,100,100017,100,99582,100,100049,200,99176,100,100074,100,99134,100,100077,100,99083,100,100079,100,98953,100,100101,200,98761,100,100129,100,98754,100,100141,100,98735,100
2019-06-28 09:47:56.577572118,99971,395,99606,295,99997,100,99605,100,100017,100,99582,100,100049,200,99176,100,100074,100,99134,100,100077,100,99083,100,100101,200,98953,100,100129,100,98761,100,100141,100,98754,100,100160,100,98735,100
2019-06-28 09:48:00.000000000,99971,395,99605,395,99997,100,99582,100,100017,100,99176,100,100049,200,99134,100,100074,100,99083,100,100077,100,98953,100,100101,200,98761,100,100129,100,98754,100,100141,100,98735,100,100160,100,98407,100
2019-06-28 09:48:09.670740601,99971,395,99605,395,99997,100,99582,100,100017,100,99176,100,100049,200,99134,100,100074,100,99083,100,100077,100,98953,100,100101,200,98761,100,100129,100,98754,100,100141,100,98735,100,100160,100,98421,100
2019-06-28 09:48:10.000000000,99971,159,99605,159,99997,159,99582,159,100017,159,99176,159,100049,259,99134,159,100074,159,99083,159,100077,100,98953,100,100101,200,98761,100,100129,100,98754,100,100141,100,98735,100,100160,100,98421,100
2019-06-28 09:48:15.423901304,99971,159,99605,159,99997,159,99582,159,100017,159,99176,159,100049,259,99134,159,100074,159,99083,159,100077,100,98953,100,100101,200,98761,100,100141,100,98754,100,100160,100,98735,100,100166,100,98421,100
2019-06-28 09:48:20.000000000,99971,395,99605,395,99997,100,99582,100,100017,100,99176,100,100049,200,99134,100,100074,100,99083,100,100077,100,98953,100,100101,200,98761,100,100141,100,98754,100,100160,100,98735,100,100166,100,98421,100
2019-06-28 09:48:21.201977157,99971,395,99605,295,99997,100,99582,100,100017,100,99176,100,100049,200,99083,100,100074,100,98953,100,100077,100,98761,100,100101,200,98754,100,100141,100,98735,100,100160,100,98421,100,100166,100,98407,100
2019-06-28 09:48:29.565515328,99606,100,99605,295,99971,395,99582,100,99997,100,99176,100,100017,100,99083,100,100049,200,98953,100,100074,100,98761,100,100077,100,98754,100,100101,200,98735,100,100141,100,98421,100,100160,100,98407,100
2019-06-28 09:48:30.000000000,99606,395,99582,395,99971,100,99176,100,99997,100,99083,100,100017,100,98953,100,100049,200,98761,100,100074,100,98754,100,100077,100,98735,100,100101,200,98421,100,100141,100,98407,100,100160,100,,
2019-06-28 09:48:40.000000000,99606,395,99582,395,99971,100,99176,100,99997,100,99083,100,100017,100,98953,100,100049,200,98761,100,100074,100,98754,100,100077,100,98735,100,100101,200,98421,100,100141,100,98407,100,100160,100,,
2019-06-28 09:48:50.000000000,99606,200,99582,200,99971,197,99176,197,99997,197,99083,197,100017,100,98953,100,100049,200,98761,100,100074,100,98754,100,100077,100,98735,100,100101,200,98421,100,100141,100,98407,100,100160,100,,
2019-06-28 09:48:53.531823671,99606,200,99582,200,99971,197,99176,197,99997,197,99083,197,100017,100,98953,100,100049,200,98761,100,100074,100,98754,100,100077,100,98735,100,100101,200,98421,100,100141,100,98407,100,100160,100,98144,100
2019-06-28 09:48:57.792510990,99606,300,99582,200,99971,197,99176,197,99997,197,99083,197,100017,100,98953,100,100049,200,98761,100,100074,100,98754,100,100077,100,98735,100,100101,200,98421,100,100141,100,98407,100,100160,100,98144,100
2019-06-28 09:49:00.000000000,99606,274,99582,174,99971,174,99176,174,99997,174,99083,174,100017,174,98953,174,100049,200,98761,100,100074,100,98754,100,100077,100,98735,100,100101,200,98421,100,100141,100,98407,100,100160,100,98144,100
2019-06-28 09:49:10.000000000,99606,274,99582,174,99971,174,99176,174,99997,174,99083,174,100017,174,98953,174,100049,200,98761,100,100074,100,98754,100,100077,100,98735,100,100101,200,98421,100,100141,100,98407,100,100160,100,98144,100
2019-06-28 09:49:20.000000000,99606,274,99582,174,99971,174,99176,174,99997,174,99083,174,100017,174,98953,174,100049,200,98761,100,100074,100,98754,100,100077,100,98735,100,100101,200,98421,100,100141,100,98407,100,100160,100,98144,100
2019-06-28 09:49:30.000000000,99606,495,99582,395,99971,100,99176,100,99997,100,99083,100,100017,100,98953,100,100049,200,98761,100,100074,100,98754,100,100077,100,98735,100,100101,200,98421,100,100141,100,98407,100,100160,100,98144,100
2019-06-28 09:49:32.008261268,99606,495,99582,295,99971,100,99176,100,99997,100,99083,100,100017,100,98953,100,100049,200,98761,100,100074,100,98754,100,100077,100,98735,100,100101,200,98407,100,100141,100,98144,100,100160,100,,
2019-06-28 09:49:35.858235631,99606,495,99582,195,99971,100,99176,100,99997,100,99083,100,100017,100,98953,100,100049,200,98761,100,100074,100,98754,100,100077,100,98735,100,100101,200,98407,100,100141,100,98144,100,100160,100,,
2019-06-28 09:49:40.000000000,99606,300,99176,200,99971,197,99083,197,99997,197,98953,197,100017,100,98761,100,100049,200,98754,100,100074,100,98735,100,100077,100,98407,100,100101,200,98144,100,100141,100,,,100160,100,,
2019-06-28 09:49:50.000000000,99606,274,99176,174,99971,174,99083,174,99997,174,98953,174,100017,174,98761,174,100049,200,98754,100,100074,100,98735,100,100077,100,98407,100,100101,200,98144,100,100141,100,,,100160,100,,
2019-06-28 09:49:53.277773804,99606,274,99176,174,99971,174,99083,174,99997,174,98953,174,100017,174,98761,174,100049,200,98754,100,100074,100,98735,100,100077,100,98606,100,100101,200,98144,100,100141,100,,,100160,100,,
2019-06-28 09:50:00.000000000,99606,495,99176,395,99971,100,99083,100,99997,100,98953,100,100017,100,98761,100,100049,200,98754,100,100074,100,98735,100,100077,100,98606,100,100101,200,98144,100,100141,100,,,100160,100,,
2019-06-28 09:50:05.361182673,99606,495,99176,395,99971,100,99083,100,99997,100,98953,100,100017,100,98951,100,100049,200,98761,100,100074,100,98754,100,100077,100,98735,100,100101,200,98606,100,100141,100,98144,100,100160,100,,
2019-06-28 09:50:10.000000000,99606,259,99176,159,99971,159,99083,159,99997,159,98953,159,100017,159,98951,159,100049,259,98761,159,100074,100,98754,100,100077,100,98735,100,100101,200,98606,100,100141,100,98144,100,100160,100,,
2019-06-28 09:50:12.470860668,99606,259,99176,159,99971,159,99083,159,99997,159,98953,159,100017,159,98951,159,100049,259,98761,159,100074,100,98754,100,100077,100,98735,100,100101,200,98688,100,100141,100,98606,100,100160,100,98144,100
2019-06-28 09:50:13.823751488,99606,259,99176,159,99971,159,99083,159,99997,159,98953,159,100017,159,98951,159,100049,259,98793,100,100074,100,98761,159,100077,100,98754,100,100101,200,98735,100,100141,100,98688,100,100160,100,98606,100
2019-06-28 09:50:20.000000000,99606,259,99176,159,99971,159,99083,159,99997,159,98953,159,100017,159,98951,159,100049,259,98793,159,100074,100,98761,100,100077,100,98754,100,100101,200,98735,100,100141,100,98688,100,100160,100,98606,100
2019-06-28 09:50:22.508992324,99606,259,99176,59,99971,159,99083,159,99997,159,98953,159,100017,159,98951,159,100049,259,98793,159,100074,100,98761,100,100077,100,98754,100,100101,200,98735,100,100141,100,98688,100,100160,100,98606,100
2019-06-28 09:50:30.000000000,99606,259,99083,159,99971,159,98953,159,99997,159,98951,159,100017,159,98793,159,100049,259,98761,159,100074,100,98754,100,100077,100,98735,100,100101,200,98688,100,100141,100,98606,100,100160,100,98144,100
2019-06-28 09:50:40.000000000,99606,300,99083,200,99971,197,98953,197,99997,197,98951,197,100017,100,98793,100,100049,200,98761,100,100074,100,98754,100,100077,100,98735,100,100101,200,98688,100,100141,100,98606,100,100160,100,98144,100
2019-06-28 09:50:45.190629960,99606,300,99083,200,99971,197,98953,197,99997,197,98951,197,100017,100,98793,100,100049,200,98761,100,100074,100,98754,100,100077,100,98735,100,100101,200,98688,100,100141,100,98606,100,100160,100,98533,100
2019-06-28 09:50:50.000000000,99606,300,99083,200,99971,197,98953,197,99997,197,98951,197,100017,100,98793,100,100049,200,98761,100,100074,100,98754,100,100077,100,98735,100,100101,200,98688,100,100141,100,98606,100,100160,100,98533,100
2019-06-28 09:50:59.728066022,99606,300,99083,100,99971,197,98953,197,99997,197,98951,197,100017,100,98793,100,100049,200,98761,100,100074,100,98754,100,100077,100,98735,100,100101,200,98688,100,100141,100,98606,100,100166,100,98533,100
2019-06-28 09:51:00.000000000,99606,300,98953,200,99971,197,98951,197,99997,197,98793,197,100017,100,98761,100,100049,200,98754,100,100074,100,98735,100,100077,100,98688,100,100101,200,98606,100,100141,100,98533,100,100166,100,98144,100
2019-06-28 09:51:08.778679620,99606,300,98953,200,99971,197,98951,197,99997,197,98793,97,100017,100,98761,100,100049,200,98754,100,100074,100,98735,100,100077,100,98688,100,100101,200,98606,100,100141,100,98533,100,100166,100,98462,100
2019-06-28 09:51:10.000000000,99606,274,98953,174,99971,174,98951,174,99997,174,98761,174,100017,174,98754,174,100049,200,98735,100,100074,100,98688,100,100077,100,98606,100,100101,200,98533,100,100141,100,98462,100,100166,100,98144,100
2019-06-28 09:51:14.406229332,99176,100,98953,174,99606,274,98951,174,99971,174,98761,174,99997,174,98754,174,100017,174,98735,100,100049,200,98688,100,100074,100,98606,100,100077,100,98533,100,100101,200,98462,100,100141,100,98144,100
2019-06-28 09:51:15.854573515,99176,100,98953,74,99606,274,98951,174,99971,174,98761,174,99997,174,98754,174,100017,174,98688,100,100049,200,98606,100,100074,100,98533,100,100077,100,98462,100,100101,200,98144,100,100141,100,,
2019-06-28 09:51:16.347368553,99176,100,98953,74,99606,274,98951,174,99971,174,98851,100,99997,174,98761,174,100017,174,98754,174,100049,200,98688,100,100074,100,98606,100,100077,100,98533,100,100101,200,98462,100,100141,100,98144,100
2019-06-28 09:51:20.000000000,99176,159,98951,159,99606,259,98851,159,99971,159,98761,159,99997,159,98754,159,100017,159,98688,159,100049,200,98606,100,100074,100,98533,100,100077,100,98462,100,100101,200,98144,100,100141,100,,
2019-06-28 09:51:20.332562959,99176,159,98954,100,99606,259,98951,159,99971,159,98851,159,99997,159,98761,159,100017,159,98754,159,100049,200,98688,159,100074,100,98606,100,100077,100,98533,100,100101,200,98462,100,100141,100,98144,100
2019-06-28 09:51:30.000000000,99176,200,98954,200,99606,297,98951,197,99971,197,98851,197,99997,100,98761,100,100017,100,98754,100,100049,200,98688,100,100074,100,98606,100,100077,100,98533,100,100101,200,98462,100,100141,100,98144,100
2019-06-28 09:51:40.000000000,99176,200,98954,200,99606,297,98951,197,99971,197,98851,197,99997,100,98761,100,100017,100,98754,100,100049,200,98688,100,100074,100,98606,100,100077,100,98533,100,100101,200,98462,100,100141,100,98144,100
2019-06-28 09:51:45.077200501,99176,200,98954,200,99606,297,98951,197,99971,197,98877,100,99997,100,98851,197,100017,100,98761,100,100049,200,98754,100,100074,100,98688,100,100077,100,98606,100,100101,200,98533,100,100141,100,98462,100
2019-06-28 09:51:50.000000000,99176,159,98954,159,99606,259,98951,159,99971,159,98877,159,99997,159,98851,159,100017,159,98761,159,100049,200,98754,100,100074,100,98688,100,100077,100,98606,100,100101,200,98533,100,100141,100,98462,100
2019-06-28 09:51:50.341272796,99113,100,98954,159,99176,159,98951,159,99606,259,98877,159,99971,159,98851,159,99997,159,98761,159,100017,159,98754,100,100049,200,98688,100,100074,100,98606,100,100077,100,98533,100,100101,200,98462,100
2019-06-28 09:52:00.000000000,99113,159,98954,159,99176,159,98951,159,99606,259,98877,159,99971,159,98851,159,99997,159,98761,159,100017,100,98754,100,100049,200,98688,100,100074,100,98606,100,100077,100,98533,100,100101,200,98462,100
2019-06-28 09:52:10.000000000,99113,159,98954,159,99176,159,98951,159,99606,259,98877,159,99971,159,98851,159,99997,159,98761,159,100017,100,98754,100,100049,200,98688,100,100074,100,98606,100,100077,100,98533,100,100101,200,98462,100
2019-06-28 09:52:20.000000000,99113,248,98954,248,99176,248,98951,248,99606,200,98877,100,99971,100,98851,100,99997,100,98761,100,100017,100,98754,100,100049,200,98688,100,100074,100,98606,100,100077,100,98533,100,100101,200,98462,100
2019-06-28 09:52:21.910693558,99113,248,98954,248,99176,248,98951,248,99186,100,98877,100,99606,200,98851,100,99971,100,98761,100,99997,100,98754,100,100017,100,98688,100,100049,200,98606,100,100074,100,98533,100,100077,100,98462,100
2019-06-28 09:52:23.580767720,99113,248,98954,248,99176,248,98951,248,99186,100,98877,100,99432,100,98851,100,99606,200,98761,100,99971,100,98754,100,99997,100,98688,100,100017,100,98606,100,100049,200,98533,100,100074,100,98462,100
2019-06-28 09:52:30.000000000,99113,174,98954,174,99176,174,98951,174,99186,174,98877,174,99432,174,98851,174,99606,200,98761,100,99971,100,98754,100,99997,100,98688,100,100017,100,98606,100,100049,200,98533,100,100074,100,98462,100
2019-06-28 09:52:37.207154150,99113,174,98954,174,99176,174,98951,174,99186,174,98877,174,99432,174,98851,174,99606,200,98761,100,99971,100,98754,100,100017,100,98688,100,100049,200,98606,100,100074,100,98533,100,100077,100,98462,100
2019-06-28 09:52:40.000000000,99113,248,98954,248,99176,248,98951,248,99186,100,98877,100,99432,100,98851,100,99606,200,98761,100,99971,100,98754,100,100017,100,98688,100,100049,200,98606,100,100074,100,98533,100,100077,100,98462,100
2019-06-28 09:52:47.320380304,99113,248,98954,248,99176,248,98951,248,99186,100,98877,100,99432,100,98851,100,99475,100,98761,100,99606,200,98754,100,99971,100,98688,100,100017,100,98606,100,100049,200,98533,100,100074,100,98462,100
2019-06-28 09:52:49.545699039,99113,248,98954,248,99176,248,98951,248,99186,100,98877,100,99432,100,98851,100,99475,100,98761,100,99606,200,98754,100,99716,100,98688,100,99971,100,98606,100,100017,100,98533,100,100049,200,98462,100
2019-06-28 09:52:50.000000000,99113,395,98954,395,99176,100,98951,100,99186,100,98877,100,99432,100,98851,100,99475,100,98761,100,99606,200,98754,100,99716,100,98688,100,99971,100,98606,100,100017,100,98533,100,100049,200,98462,100
2019-06-28 09:53:00.000000000,99113,395,98954,395,99176,100,98951,100,99186,100,98877,100,99432,100,98851,100,99475,100,98761,100,99606,200,98754,100,99716,100,98688,100,99971,100,98606,100,100017,100,98533,100,100049,200,98462,100
2019-06-28 09:53:03.490611988,99113,295,98954,395,99176,100,98951,100,99186,100,98877,100,99432,100,98851,100,99606,200,98761,100,99716,100,98754,100,99971,100,98688,100,100017,100,98606,100,100049,200,98533,100,100074,100,98462,100
2019-06-28 09:53:05.216288695,99113,295,99065,100,99176,100,98954,395,99186,100,98951,100,99432,100,98877,100,99606,200,98851,100,99716,100,98761,100,99971,100,98754,100,100017,100,98606,100,100049,200,98533,100,100074,100,98462,100
2019-06-28 09:53:10.000000000,99176,248,99065,248,99186,248,98954,248,99432,100,98951,100,99606,200,98877,100,99716,100,98851,100,99971,100,98761,100,100017,100,98754,100,100049,200,98606,100,100074,100,98533,100,100077,100,98462,100
2019-06-28 09:53:20.000000000,99176,395,99065,395,99186,100,98954,100,99432,100,98951,100,99606,200,98877,100,99716,100,98851,100,99971,100,98761,100,100017,100,98754,100,100049,200,98606,100,100074,100,98533,100,100077,100,98462,100
2019-06-28 09:53:24.773107882,99176,395,99065,395,99186,100,98954,100,99432,100,98951,100,99606,200,98877,100,99716,100,98851,100,99866,100,98761,100,99971,100,98754,100,100017,100,98606,100,100049,200,98533,100,100074,100,98462,100
2019-06-28 09:53:30.000000000,99176,174,99065,174,99186,174,98954,174,99432,174,98951,174,99606,274,98877,174,99716,100,98851,100,99866,100,98761,100,99971,100,98754,100,100017,100,98606,100,100049,200,98533,100,100074,100,98462,100
2019-06-28 09:53:33.581649247,99176,174,99065,174,99186,174,98954,174,99432,174,98951,174,99606,274,98877,174,99716,100,98851,100,99785,100,98761,100,99866,100,98754,100,99971,100,98606,100,100017,100,98533,100,100049,200,98462,100
2019-06-28 09:53:40.000000000,99176,248,99065,248,99186,248,98954,248,99432,100,98951,100,99606,200,98877,100,99716,100,98851,100,99785,100,98761,100,99866,100,98754,100,99971,100,98606,100,100017,100,98533,100,100049,200,98462,100
2019-06-28 09:53:45.333526279,99176,148,99065,248,99186,248,98954,248,99432,100,98951,100,99606,200,98877,100,99716,100,98851,100,99785,100,98761,100,99866,100,98754,100,99971,100,98606,100,100017,100,98533,100,100049,200,98462,100
2019-06-28 09:53:50.000000000,99186,395,99065,395,99432,100,98954,100,99606,200,98951,100,99716,100,98877,100,99785,100,98851,100,99866,100,98761,100,99971,100,98754,100,100017,100,98606,100,100049,200,98533,100,100074,100,98462,100
2019-06-28 09:54:00.000000000,99186,159,99065,159,99432,159,98954,159,99606,259,98951,159,99716,159,98877,159,99785,159,98851,159,99866,100,98761,100,99971,100,98754,100,100017,100,98606,100,100049,200,98533,100,100074,100,98462,100
2019-06-28 09:54:03.635342784,99186,159,99113,100,99432,159,99065,159,99606,259,98954,159,99716,159,98951,159,99785,159,98877,159,99866,100,98851,159,99971,100,98761,100,100017,100,98754,100,100049,200,98606,100,100074,100,98533,100
2019-06-28 09:54:10.000000000,99186,174,99113,174,99432,174,99065,174,99606,274,98954,174,99716,174,98951,174,99785,100,98877,100,99866,100,98851,100,99971,100,98761,100,100017,100,98754,100,100049,200,98606,100,100074,100,98533,100
2019-06-28 09:54:20.000000000,99186,159,99113,159,99432,159,99065,159,99606,259,98954,159,99716,159,98951,159,99785,159,98877,159,99866,100,98851,100,99971,100,98761,100,100017,100,98754,100,100049,200,98606,100,100074,100,98533,100
2019-06-28 09:54:30.000000000,99186,174,99113,174,99432,174,99065,174,99606,274,98954,174,99716,174,98951,174,99785,100,98877,100,99866,100,98851,100,99971,100,98761,100,100017,100,98754,100,100049,200,98606,100,100074,100,98533,100
2019-06-28 09:54:40.000000000,99186,395,99113,395,99432,100,99065,100,99606,200,98954,100,99716,100,98951,100,99785,100,98877,100,99866,100,98851,100,99971,100,98761,100,100017,100,98754,100,100049,200,98606,100,100074,100,98533,100
2019-06-28 09:54:40.513084053,99186,295,99113,395,99432,100,99065,100,99606,200,98954,100,99716,100,98951,100,99785,100,98877,100,99866,100,98851,100,99971,100,98761,100,100017,100,98754,100,100049,200,98606,100,100074,100,98533,100
2019-06-28 09:54:47.412863836,99186,295,99113,395,99432,100,99065,100,99606,200,98954,100,99716,100,98951,100,99785,100,98877,100,99866,100,98851,100,99971,100,98761,100,100017,100,98754,100,100049,200,98606,100,100074,100,98533,100
2019-06-28 09:54:47.935016093,99186,195,99113,395,99432,100,99065,100,99606,200,98954,100,99716,100,98951,100,99785,100,98877,100,99866,100,98851,100,99971,100,98761,100,100017,100,98754,100,100049,200,98533,100,100074,100,98462,100
2019-06-28 09:54:50.000000000,99432,248,99113,248,99606,348,99065,248,99716,100,98954,100,99785,100,98951,100,99866,100,98877,100,99971,100,98851,100,100017,100,98761,100,100049,200,98754,100,100074,100,98533,100,100077,100,98462,100
2019-06-28 09:54:51.406118106,99432,148,99113,248,99606,348,99065,248,99716,100,98954,100,99785,100,98951,100,99866,100,98877,100,99971,100,98851,100,100017,100,98761,100,100049,200,98754,100,100074,100,98533,100,100077,100,98462,100
2019-06-28 09:54:52.052819730,99432,148,99113,248,99606,348,99065,248,99716,100,98954,100,99785,100,98951,100,99866,100,98877,100,99971,100,98851,100,100017,100,98761,100,100049,200,98754,100,100074,100,98533,100,100077,100,98462,100
2019-06-28 09:54:55.739916622,99432,148,99113,248,99606,348,99065,248,99716,100,98954,100,99785,100,98951,100,99866,100,98877,100,99971,100,98851,100,100017,100,98761,100,100049,200,98754,100,100074,100,98533,100,100077,100,98462,100
2019-06-28 09:54:59.939395792,99432,48,99113,248,99606,348,99065,248,99716,100,98954,100,99785,100,98951,100,99866,100,98877,100,99971,100,98851,100,100017,100,98761,100,100049,200,98754,100,100074,100,98533,100,100077,100,98462,100
2019-06-28 09:55:00.000000000,99606,274,99113,174,99716,174,99065,174,99785,174,98954,174,99866,174,98951,174,99971,100,98877,100,100017,100,98851,100,100049,200,98761,100,100074,100,98754,100,100077,100,98533,100,100101,200,98462,100
2019-06-28 09:55:10.000000000,99606,300,99113,200,99716,197,99065,197,99785,197,98954,197,99866,100,98951,100,99971,100,98877,100,100017,100,98851,100,100049,200,98761,100,100074,100,98754,100,100077,100,98533,100,100101,200,98462,100
2019-06-28 09:55:18.932661260,99606,300,99113,200,99716,197,99065,197,99785,197,98954,197,99866,100,98951,100,99971,100,98877,100,100017,100,98851,100,100049,200,98761,100,100074,100,98754,100,100077,100,98533,100,100101,200,98462,100
2019-06-28 09:55:20.000000000,99606,348,99113,248,99716,248,99065,248,99785,100,98954,100,99866,100,98951,100,99971,100,98877,100,100017,100,98851,100,100049,200,98761,100,100074,100,98754,100,100077,100,98533,100,100101,200,98462,100
2019-06-28 09:55:30.000000000,99606,259,99113,159,99716,159,99065,159,99785,159,98954,159,99866,159,98951,159,99971,159,98877,159,100017,100,98851,100,100049,200,98761,100,100074,100,98754,100,100077,100,98533,100,100101,200,98462,100
2019-06-28 09:55:40.000000000,99606,274,99113,174,99716,174,99065,174,99785,174,98954,174,99866,174,98951,174,99971,100,98877,100,100017,100,98851,100,100049,200,98761,100,100074,100,98754,100,100077,100,98533,100,100101,200,98462,100
2019-06-28 09:55:49.999955975,99606,274,99432,100,99716,174,99113,174,99785,174,99065,174,99866,174,98954,174,99971,100,98951,174,100017,100,98877,100,100049,200,98851,100,100074,100,98761,100,100077,100,98754,100,100101,200,98533,100
2019-06-28 09:55:50.000000000,99606,274,99432,174,99716,174,99113,174,99785,174,99065,174,99866,174,98954,174,99971,100,98951,100,100017,100,98877,100,100049,200,98851,100,100074,100,98761,100,100077,100,98754,100,100101,200,98533,100
2019-06-28 09:56:00.000000000,99606,274,99432,174,99716,174,99113,174,99785,174,99065,174,99866,174,98954,174,99971,100,98951,100,100017,100,98877,100,100049,200,98851,100,100074,100,98761,100,100077,100,98754,100,100101,200,98533,100
2019-06-28 09:56:10.000000000,99606,259,99432,159,99716,159,99113,159,99785,159,99065,159,99866,159,98954,159,99971,159,98951,159,100017,100,98877,100,100049,200,98851,100,100074,100,98761,100,100077,100,98754,100,100101,200,98533,100
2019-06-28 09:56:10.660323496,99606,159,99432,159,99716,159,99113,159,99785,159,99065,159,99866,159,98954,159,99971,159,98951,159,100017,100,98877,100,100049,200,98851,100,100074,100,98761,100,100077,100,98754,100,100101,200,98533,100
2019-06-28 09:56:18.856932048,99606,59,99432,159,99716,159,99113,159,99785,159,99065,159,99866,159,98954,159,99971,159,98951,159,100017,100,98877,100,100049,200,98851,100,100074,100,98761,100,100077,100,98754,100,100101,200,98533,100
2019-06-28 09:56:20.000000000,99716,174,99432,174,99785,174,99113,174,99866,174,99065,174,99971,174,98954,174,100017,100,98951,100,100049,200,98877,100,100074,100,98851,100,100077,100,98761,100,100101,200,98754,100,100141,100,98533,100
2019-06-28 09:56:24.340845758,99716,174,99432,174,99785,174,99113,174,99866,174,99065,174,99971,174,98954,174,100017,100,98951,100,100049,200,98877,100,100074,100,98851,100,100077,100,98761,100,100101,200,98754,100,100141,100,98533,100
2019-06-28 09:56:27.051641980,99716,174,99432,174,99785,174,99113,174,99866,174,99065,174,99971,174,98954,174,100017,100,98951,100,100049,200,98877,100,100074,100,98851,100,100077,100,98761,100,100101,200,98754,100,100141,100,98533,100
2019-06-28 09:56:30.000000000,99716,159,99432,159,99785,159,99113,159,99866,159,99065,159,99971,159,98954,159,100017,159,98951,159,100049,200,98877,100,100074,100,98851,100,100077,100,98761,100,100101,200,98754,100,100141,100,98533,100
2019-06-28 09:56:40.000000000,99716,159,99432,159,99785,159,99113,159,99866,159,99065,159,99971,159,98954,159,100017,159,98951,159,100049,200,98877,100,100074,100,98851,100,100077,100,98761,100,100101,200,98754,100,100141,100,98533,100
2019-06-28 09:56:50.000000000,99716,174,99432,174,99785,174,99113,174,99866,174,99065,174,99971,174,98954,174,100017,100,98951,100,100049,200,98877,100,100074,100,98851,100,100077,100,98761,100,100101,200,98754,100,100141,100,98533,100
2019-06-28 09:56:59.385197282,99716,74,99432,174,99785,174,99113,174,99866,174,99065,174,99971,174,98954,174,100017,100,98951,100,100049,200,98877,100,100077,100,98851,100,100101,200,98761,100,100141,100,98754,100,100306,100,98533,100
2019-06-28 09:57:00.000000000,99785,248,99432,248,99866,248,99113,248,99971,100,99065,100,100017,100,98954,100,100049,200,98951,100,100077,100,98877,100,100101,200,98851,100,100141,100,98761,100,100306,100,98754,100,100363,100,98533,100
2019-06-28 09:57:04.280927821,99785,148,99432,248,99866,248,99113,248,99971,100,99065,100,100017,100,98954,100,100049,200,98951,100,100077,100,98877,100,100101,200,98851,100,100141,100,98761,100,100306,100,98754,100,100363,100,98533,100
2019-06-28 09:57:06.383259134,99785,148,99432,248,99866,248,99113,248,99971,100,99065,100,100017,100,98954,100,100049,200,98951,100,100077,100,98877,100,100101,200,98851,100,100118,100,98761,100,100141,100,98754,100,100306,100,98533,100
2019-06-28 09:57:06.837939168,99785,148,99432,148,99866,248,99113,248,99971,100,99065,100,100017,100,98954,100,100049,200,98951,100,100077,100,98877,100,100101,200,98851,100,100118,100,98761,100,100141,100,98754,100,100306,100,98533,100
2019-06-28 09:57:10.000000000,99866,174,99113,174,99971,174,99065,174,100017,174,98954,174,100049,274,98951,174,100077,100,98877,100,100101,200,98851,100,100118,100,98761,100,100141,100,98754,100,100306,100,98533,100,100363,100,98144,100
2019-06-28 09:57:20.000000000,99866,159,99113,159,99971,159,99065,159,100017,159,98954,159,100049,259,98951,159,100077,159,98877,159,100101,200,98851,100,100118,100,98761,100,100141,100,98754,100,100306,100,98533,100,100363,100,98144,100
2019-06-28 09:57:30.000000000,99866,159,99113,159,99971,159,99065,159,100017,159,98954,159,100049,259,98951,159,100077,159,98877,159,100101,200,98851,100,100118,100,98761,100,100141,100,98754,100,100306,100,98533,100,100363,100,98144,100
2019-06-28 09:57:31.790053924,99866,59,99113,159,99971,159,99065,159,100017,159,98954,159,100049,259,98951,159,100077,159,98877,159,100101,200,98851,100,100118,100,98761,100,100141,100,98754,100,100306,100,98533,100,100363,100,98144,100
2019-06-28 09:57:40.000000000,99971,200,99113,200,100017,197,99065,197,100049,297,98954,197,100077,100,98951,100,100101,200,98877,100,100118,100,98851,100,100141,100,98761,100,100306,100,98754,100,100363,100,98533,100,100384,100,98144,100
2019-06-28 09:57:50.000000000,99971,395,99113,395,100017,100,99065,100,100049,200,98954,100,100077,100,98951,100,100101,200,98877,100,100118,100,98851,100,100141,100,98761,100,100306,100,98754,100,100363,100,98533,100,100384,100,98144,100
2019-06-28 09:57:54.671232135,99971,395,99113,395,100017,100,99065,100,100049,200,98954,100,100077,100,98951,100,100101,200,98877,100,100118,100,98851,100,100141,100,98754,100,100306,100,98533,100,100363,100,98144,100,100384,100,,
2019-06-28 09:58:00.000000000,99971,159,99113,159,100017,159,99065,159,100049,259,98954,159,100077,159,98951,159,100101,259,98877,159,100118,100,98851,100,100141,100,98754,100,100306,100,98533,100,100363,100,98144,100,100384,100,,
2019-06-28 09:58:10.000000000,99971,200,99113,200,100017,197,99065,197,100049,297,98954,197,100077,100,98951,100,100101,200,98877,100,100118,100,98851,100,100141,100,98754,100,100306,100,98533,100,100363,100,98144,100,100384,100,,
2019-06-28 09:58:19.423924320,99971,100,99113,200,100017,197,99065,197,100049,297,98954,197,100077,100,98951,100,100101,200,98877,100,100118,100,98851,100,100141,100,98754,100,100306,100,98533,100,100363,100,98144,100,100384,100,,
2019-06-28 09:58:20.000000000,100017,174,99113,174,100049,274,99065,174,100077,174,98954,174,100101,274,98951,174,100118,100,98877,100,100141,100,98851,100,100306,100,98754,100,100363,100,98533,100,100384,100,98144,100,100435,100,,
2019-06-28 09:58:26.489006952,100017,174,99113,174,100049,274,99065,174,100077,174,98954,174,100101,274,98951,174,100118,100,98877,100,100141,100,98851,100,100306,100,98754,100,100363,100,98533,100,100384,100,98144,100,100435,100,,
2019-06-28 09:58:30.000000000,100017,200,99113,200,100049,297,99065,197,100077,197,98954,197,100101,200,98951,100,100118,100,98877,100,100141,100,98851,100,100306,100,98754,100,100363,100,98533,100,100384,100,98144,100,100435,100,,
2019-06-28 09:58:40.000000000,100017,174,99113,174,100049,274,99065,174,100077,174,98954,174,100101,274,98951,174,100118,100,98877,100,100141,100,98851,100,100306,100,98754,100,100363,100,98533,100,100384,100,98144,100,100435,100,,
2019-06-28 09:58:50.000000000,100017,200,99113,200,100049,297,99065,197,100077,197,98954,197,100101,200,98951,100,100118,100,98877,100,100141,100,98851,100,100306,100,98754,100,100363,100,98533,100,100384,100,98144,100,100435,100,,
2019-06-28 09:59:00.000000000,100017,248,99113,248,100049,348,99065,248,100077,100,98954,100,100101,200,98951,100,100118,100,98877,100,100141,100,98851,100,100306,100,98754,100,100363,100,98533,100,100384,100,98144,100,100435,100,,
2019-06-28 09:59:10.000000000,100017,200,99113,200,100049,297,99065,197,100077,197,98954,197,100101,200,98951,100,100118,100,98877,100,100141,100,98851,100,100306,100,98754,100,100363,100,98533,100,100384,100,98144,100,100435,100,,
2019-06-28 09:59:16.260269470,100017,100,99113,200,100049,297,99065,197,100077,197,98954,197,100101,200,98951,100,100118,100,98877,100,100141,100,98851,100,100306,100,98754,100,100363,100,98533,100,100384,100,98144,100,100435,100,,
2019-06-28 09:59:16.978167710,100049,297,99113,200,100077,197,99065,197,100101,200,98954,197,100118,100,98951,100,100141,100,98877,100,100306,100,98851,100,100363,100,98754,100,100384,100,98533,100,100435,100,98144,100,100510,100,,
2019-06-28 09:59:20.000000000,100049,274,99113,174,100077,174,99065,174,100101,274,98954,174,100118,174,98951,174,100141,100,98877,100,100306,100,98851,100,100363,100,98754,100,100384,100,98533,100,100435,100,98144,100,100510,100,,
2019-06-28 09:59:29.476083880,100049,274,100017,100,100077,174,99113,174,100101,274,99065,174,100118,174,98954,174,100141,100,98951,174,100306,100,98877,100,100363,100,98851,100,100384,100,98754,100,100435,100,98533,100,100510,100,98144,100
2019-06-28 09:59:30.000000000,100049,300,100017,200,100077,197,99113,197,100101,297,99065,197,100118,100,98954,100,100141,100,98951,100,100306,100,98877,100,100363,100,98851,100,100384,100,98754,100,100435,100,98533,100,100510,100,98144,100
2019-06-28 09:59:40.000000000,100049,300,100017,200,100077,197,99113,197,100101,297,99065,197,100118,100,98954,100,100141,100,98951,100,100306,100,98877,100,100363,100,98851,100,100384,100,98754,100,100435,100,98533,100,100510,100,98144,100
2019-06-28 09:59:40.526352929,100049,300,100017,200,100077,197,99113,197,100101,297,99065,197,100118,100,98954,100,100141,100,98951,100,100306,100,98877,100,100363,100,98851,100,100384,100,98754,100,100435,100,98533,100,100510,100,98144,100
2019-06-28 09:59:50.000000000,100049,495,100017,395,100077,100,99113,100,100101,200,99065,100,100118,100,98954,100,100141,100,98951,100,100306,100,98877,100,100363,100,98851,100,100384,100,98754,100,100435,100,98533,100,100510,100,98144,100
2019-06-28 10:00:00.000000000,100049,259,100017,159,100077,159,99113,159,100101,259,99065,159,100118,159,98954,159,100141,159,98951,159,100306,100,98877,100,100363,100,98851,100,100384,100,98754,100,100435,100,98533,100,100510,100,98144,100
2019-06-28 10:00:04.599905767,100049,159,100017,159,100077,159,99113,159,100101,259,99065,159,100118,159,98954,159,100141,159,98951,159,100306,100,98877,100,100363,100,98851,100,100384,100,98754,100,100435,100,98533,100,100510,100,98144,100
2019-06-28 10:00:10.000000000,100049,159,100017,159,100077,159,99113,159,100101,259,99065,159,100118,159,98954,159,100141,159,98951,159,100306,100,98877,100,100363,100,98851,100,100384,100,98754,100,100435,100,98533,100,100510,100,98144,100
2019-06-28 10:00:13.430640841,100049,159,100017,159,100077,159,99925,100,100101,259,99113,159,100118,159,99065,59,100141,159,98954,159,100306,100,98951,159,100363,100,98877,100,100384,100,98851,100,100435,100,98754,100,100510,100,98533,100
2019-06-28 10:00:20.000000000,100049,395,100017,395,100077,100,99925,100,100101,200,99113,100,100118,100,98954,100,100141,100,98951,100,100306,100,98877,100,100363,100,98851,100,100384,100,98754,100,100435,100,98533,100,100510,100,98144,100
2019-06-28 10:00:30.000000000,100049,174,100017,174,100077,174,99925,174,100101,274,99113,174,100118,174,98954,174,100141,100,98951,100,100306,100,98877,100,100363,100,98851,100,100384,100,98754,100,100435,100,98533,100,100510,100,98144,100
2019-06-28 10:00:37.696012427,100049,174,100017,174,100077,174,99925,174,100101,274,99113,174,100118,174,98954,174,100306,100,98951,100,100363,100,98877,100,100384,100,98851,100,100435,100,98754,100,100510,100,98533,100,100575,100,98144,100
2019-06-28 10:00:40.000000000,100049,248,100017,248,100077,248,99925,248,100101,200,99113,100,100118,100,98954,100,100306,100,98951,100,100363,100,98877,100,100384,100,98851,100,100435,100,98754,100,100510,100,98533,100,100575,100,98144,100
2019-06-28 10:00:46.808202892,100049,248,100017,148,100077,248,99925,248,100101,200,99113,100,100118,100,98954,100,100306,100,98951,100,100363,100,98877,100,100384,100,98851,100,100435,100,98754,100,100510,100,98533,100,100575,100,98144,100
2019-06-28 10:00:50.000000000,100049,395,99925,395,100077,100,99113,100,100101,200,98954,100,100118,100,98951,100,100306,100,98877,100,100363,100,98851,100,100384,100,98754,100,100435,100,98533,100,100510,100,98144,100,100575,100,,
2019-06-28 10:01:00.000000000,100049,159,99925,159,100077,159,99113,159,100101,259,98954,159,100118,159,98951,159,100306,159,98877,159,100363,100,98851,100,100384,100,98754,100,100435,100,98533,100,100510,100,98144,100,100575,100,,
2019-06-28 10:01:01.245882078,100048,100,99925,159,100049,159,99113,159,100077,159,98954,159,100101,259,98951,159,100118,159,98877,159,100306,159,98851,100,100363,100,98754,100,100384,100,98533,100,100435,100,98144,100,100510,100,,
2019-06-28 10:01:10.000000000,100048,200,99925,200,100049,197,99113,197,100077,197,98954,197,100101,200,98951,100,100118,100,98877,100,100306,100,98851,100,100363,100,98754,100,100384,100,98533,100,100435,100,98144,100,100510,100,,
2019-06-28 10:01:20.000000000,100048,174,99925,174,100049,174,99113,174,100077,174,98954,174,100101,274,98951,174,100118,100,98877,100,100306,100,98851,100,100363,100,98754,100,100384,100,98533,100,100435,100,98144,100,100510,100,,
2019-06-28 10:01:20.602767377,100048,74,99925,174,100049,174,99113,174,100077,174,98954,174,100101,274,98951,174,100118,100,98877,100,100306,100,98851,100,100363,100,98754,100,100384,100,98533,100,100435,100,98144,100,100510,100,,
2019-06-28 10:01:30.000000000,100049,174,99925,174,100077,174,99113,174,100101,274,98954,174,100118,174,98951,174,100306,100,98877,100,100363,100,98851,100,100384,100,98754,100,100435,100,98533,100,100510,100,98144,100,100604,100,,
2019-06-28 10:01:40.000000000,100049,174,99925,174,100077,174,99113,174,100101,274,98954,174,100118,174,98951,174,100306,100,98877,100,100363,100,98851,100,100384,100,98754,100,100435,100,98533,100,100510,100,98144,100,100604,100,,
2019-06-28 10:01:49.917544696,100049,74,99925,174,100077,174,99113,174,100101,274,98954,174,100118,174,98951,174,100306,100,98877,100,100363,100,98851,100,100384,100,98754,100,100435,100,98533,100,100510,100,98144,100,100604,100,,
2019-06-28 10:01:50.000000000,100077,248,99925,248,100101,348,99113,248,100118,100,98954,100,100306,100,98951,100,100363,100,98877,100,100384,100,98851,100,100435,100,98754,100,100510,100,98533,100,100604,100,98144,100,100616,100,,
2019-06-28 10:02:00.000000000,100077,248,99925,248,100101,348,99113,248,100118,100,98954,100,100306,100,98951,100,100363,100,98877,100,100384,100,98851,100,100435,100,98754,100,100510,100,98533,100,100604,100,98144,100,100616,100,,
2019-06-28 10:02:02.058252846,100077,248,100048,100,100101,348,99925,248,100118,100,99113,248,100306,100,98951,100,100363,100,98877,100,100384,100,98851,100,100435,100,98754,100,100510,100,98533,100,100604,100,98144,100,100616,100,,
2019-06-28 10:02:10.000000000,100077,248,100048,248,100101,348,99925,248,100118,100,99113,100,100306,100,98951,100,100363,100,98877,100,100384,100,98851,100,100435,100,98754,100,100510,100,98533,100,100604,100,98144,100,100616,100,,
2019-06-28 10:02:20.000000000,100077,159,100048,159,100101,259,99925,159,100118,159,99113,159,100306,159,98951,159,100363,159,98877,159,100384,100,98851,100,100435,100,98754,100,100510,100,98533,100,100604,100,98144,100,100616,100,,
2019-06-28 10:02:22.392705727,100077,159,100048,159,100101,259,99925,159,100118,159,99113,159,100306,159,98951,159,100363,159,98877,159,100384,100,98851,100,100435,100,98754,100,100510,100,98533,100,100604,100,98144,100,100616,100,,
2019-06-28 10:02:30.000000000,100077,395,100048,395,100101,200,99925,100,100118,100,99113,100,100306,100,98951,100,100363,100,98877,100,100384,100,98851,100,100435,100,98754,100,100510,100,98533,100,100604,100,98144,100,100616,100,,
2019-06-28 10:02:40.000000000,100077,174,100048,174,100101,274,99925,174,100118,174,99113,174,100306,174,98951,174,100363,100,98877,100,100384,100,98851,100,100435,100,98754,100,100510,100,98533,100,100604,100,98144,100,100616,100,,
2019-06-28 10:02:50.000000000,100077,395,100048,395,100101,200,99925,100,100118,100,99113,100,100306,100,98951,100,100363,100,98877,100,100384,100,98851,100,100435,100,98754,100,100510,100,98533,100,100604,100,98144,100,100616,100,,
2019-06-28 10:03:00.000000000,100077,159,100048,159,100101,259,99925,159,100118,159,99113,159,100306,159,98951,159,100363,159,98877,159,100384,100,98851,100,100435,100,98754,100,100510,100,98533,100,100604,100,98144,100,100616,100,,
2019-06-28 10:03:10.000000000,100077,248,100048,248,100101,348,99925,248,100118,100,99113,100,100306,100,98951,100,100363,100,98877,100,100384,100,98851,100,100435,100,98754,100,100510,100,98533,100,100604,100,98144,100,100616,100,,
2019-06-28 10:03:20.000000000,100077,174,100048,174,100101,274,99925,174,100118,174,99113,174,100306,174,98951,174,100363,100,98877,100,100384,100,98851,100,100435,100,98754,100,100510,100,98533,100,100604,100,98144,100,100616,100,,
2019-06-28 10:03:25.134822591,100077,174,100048,174,100101,274,99925,174,100118,174,99113,174,100306,174,98951,174,100363,100,98877,100,100384,100,98851,100,100510,100,98754,100,100604,100,98533,100,100616,100,98144,100,100636,100,,
2019-06-28 10:03:30.000000000,100077,200,100048,200,100101,297,99925,197,100118,197,99113,197,100306,100,98951,100,100363,100,98877,100,100384,100,98851,100,100510,100,98754,100,100604,100,98533,100,100616,100,98144,100,100636,100,,
2019-06-28 10:03:40.000000000,100077,159,100048,159,100101,259,99925,159,100118,159,99113,159,100306,159,98951,159,100363,159,98877,159,100384,100,98851,100,100510,100,98754,100,100604,100,98533,100,100616,100,98144,100,100636,100,,
2019-06-28 10:03:46.251928537,100077,159,100048,259,100101,259,99925,159,100118,159,99113,159,100306,159,98951,159,100363,159,98877,159,100384,100,98851,100,100510,100,98754,100,100604,100,98533,100,100616,100,98144,100,100636,100,,
2019-06-28 10:03:50.000000000,100077,200,100048,300,100101,297,99925,197,100118,197,99113,197,100306,100,98951,100,100363,100,98877,100,100384,100,98851,100,100510,100,98754,100,100604,100,98533,100,100616,100,98144,100,100636,100,,
2019-06-28 10:04:00.000000000,100077,200,100048,300,100101,297,99925,197,100118,197,99113,197,100306,100,98951,100,100363,100,98877,100,100384,100,98851,100,100510,100,98754,100,100604,100,98533,100,100616,100,98144,100,100636,100,,
2019-06-28 10:04:10.000000000,100077,395,100048,495,100101,200,99925,100,100118,100,99113,100,100306,100,98951,100,100363,100,98877,100,100384,100,98851,100,100510,100,98754,100,100604,100,98533,100,100616,100,98144,100,100636,100,,
2019-06-28 10:04:20.000000000,100077,395,100048,495,100101,200,99925,100,100118,100,99113,100,100306,100,98951,100,100363,100,98877,100,100384,100,98851,100,100510,100,98754,100,100604,100,98533,100,100616,100,98144,100,100636,100,,
2019-06-28 10:04:30.000000000,100077,200,100048,300,100101,297,99925,197,100118,197,99113,197,100306,100,98951,100,100363,100,98877,100,100384,100,98851,100,100510,100,98754,100,100604,100,98533,100,100616,100,98144,100,100636,100,,
2019-06-28 10:04:39.871321611,100101,297,100048,300,100118,197,99925,197,100306,100,99113,197,100363,100,98951,100,100384,100,98877,100,100510,100,98851,100,100604,100,98754,100,100616,100,98533,100,100636,100,98144,100,100744,100,,
2019-06-28 10:04:40.000000000,100101,348,100048,348,100118,248,99925,248,100306,100,99113,100,100363,100,98951,100,100384,100,98877,100,100510,100,98851,100,100604,100,98754,100,100616,100,98533,100,100636,100,98144,100,100744,100,,
2019-06-28 10:04:50.000000000,100101,274,100048,274,100118,174,99925,174,100306,174,99113,174,100363,174,98951,174,100384,100,98877,100,100510,100,98851,100,100604,100,98754,100,100616,100,98533,100,100636,100,98144,100,100744,100,,
2019-06-28 10:05:00.000000000,100101,348,100048,348,100118,248,99925,248,100306,100,99113,100,100363,100,98951,100,100384,100,98877,100,100510,100,98851,100,100604,100,98754,100,100616,100,98533,100,100636,100,98144,100,100744,100,,
2019-06-28 10:05:10.000000000,100101,300,100048,300,100118,197,99925,197,100306,197,99113,197,100363,100,98951,100,100384,100,98877,100,100510,100,98851,100,100604,100,98754,100,100616,100,98533,100,100636,100,98144,100,100744,100,,
2019-06-28 10:05:20.000000000,100101,274,100048,274,100118,174,99925,174,100306,174,99113,174,100363,174,98951,174,100384,100,98877,100,100510,100,98851,100,100604,100,98754,100,100616,100,98533,100,100636,100,98144,100,100744,100,,
2019-06-28 10:05:30.000000000,100101,348,100048,348,100118,248,99925,248,100306,100,99113,100,100363,100,98951,100,100384,100,98877,100,100510,100,98851,100,100604,100,98754,100,100616,100,98533,100,100636,100,98144,100,100744,100,,
2019-06-28 10:05:40.000000000,100101,495,100048,495,100118,100,99925,100,100306,100,99113,100,100363,100,98951,100,100384,100,98877,100,100510,100,98851,100,100604,100,98754,100,100616,100,98533,100,100636,100,98144,100,100744,100,,
2019-06-28 10:05:41.045810444,100101,395,100048,495,100118,100,99925,100,100306,100,99113,100,100363,100,98951,100,100384,100,98877,100,100510,100,98851,100,100604,100,98754,100,100616,100,98533,100,100744,100,98144,100,100970,100,,
2019-06-28 10:05:42.027070580,100101,295,100048,495,100118,100,99925,100,100306,100,99113,100,100363,100,98951,100,100384,100,98877,100,100510,100,98851,100,100604,100,98754,100,100616,100,98533,100,100744,100,98144,100,100970,100,,
2019-06-28 10:05:43.561701925,100101,295,100048,495,100118,100,99925,100,100306,100,99113,100,100363,100,98951,100,100384,100,98877,100,100510,100,98851,100,100616,100,98754,100,100744,100,98533,100,100970,100,98144,100,102111,100,,
2019-06-28 10:05:50.000000000,100118,200,100048,300,100306,197,99925,197,100363,197,99113,197,100384,100,98951,100,100510,100,98877,100,100616,100,98851,100,100744,100,98754,100,100970,100,98533,100,102111,100,98144,100,,,,
2019-06-28 10:06:00.000000000,100118,159,100048,259,100306,159,99925,159,100363,159,99113,159,100384,159,98951,159,100510,159,98877,159,100616,100,98851,100,100744,100,98754,100,100970,100,98533,100,102111,100,98144,100,,,,
2019-06-28 10:06:01.644739532,100118,159,100048,259,100306,159,99925,159,100363,159,99113,159,100384,159,98951,159,100510,159,98877,159,100616,100,98851,100,100744,100,98533,100,100970,100,98144,100,102111,100,,,102152,100,,
2019-06-28 10:06:10.000000000,100118,159,100048,259,100306,159,99925,159,100363,159,99113,159,100384,159,98951,159,100510,159,98877,159,100616,100,98851,100,100744,100,98533,100,100970,100,98144,100,102111,100,,,102152,100,,
2019-06-28 10:06:20.000000000,100118,248,100048,348,100306,248,99925,248,100363,100,99113,100,100384,100,98951,100,100510,100,98877,100,100616,100,98851,100,100744,100,98533,100,100970,100,98144,100,102111,100,,,102152,100,,
2019-06-28 10:06:27.058916858,100118,148,100048,348,100306,248,99925,248,100363,100,99113,100,100384,100,98951,100,100510,100,98877,100,100616,100,98851,100,100970,100,98533,100,102111,100,98144,100,102152,100,,,,,,
2019-06-28 10:06:27.370745768,100118,148,100048,348,100306,248,99925,248,100363,100,98951,100,100384,100,98877,100,100510,100,98851,100,100616,100,98533,100,100970,100,98144,100,102111,100,,,102152,100,,,,,,
2019-06-28 10:06:30.000000000,100306,395,100048,495,100363,100,99925,100,100384,100,98951,100,100510,100,98877,100,100616,100,98851,100,100970,100,98533,100,102111,100,98144,100,102152,100,,,,,,,,,,
2019-06-28 10:06:39.204203009,100306,395,100101,100,100363,100,100048,495,100384,100,99925,100,100510,100,98951,100,100616,100,98877,100,100970,100,98851,100,102111,100,98533,100,102152,100,98144,100,,,,,,,,
2019-06-28 10:06:40.000000000,100306,174,100101,174,100363,174,100048,274,100384,174,99925,174,100510,174,98951,174,100616,100,98877,100,100970,100,98851,100,102111,100,98533,100,102152,100,98144,100,,,,,,,,
2019-06-28 10:06:40.368826583,100306,174,100101,174,100363,174,100048,274,100384,174,99925,174,100510,174,98951,174,100616,100,98877,100,100970,100,98851,100,102111,100,98533,100,102152,100,98144,100,102187,100,,,,,,
