,ask_price_1,ask_size_1,bid_price_1,bid_size_1,ask_price_2,ask_size_2,bid_price_2,bid_size_2,ask_price_3,ask_size_3,bid_price_3,bid_size_3,ask_price_4,ask_size_4,bid_price_4,bid_size_4,ask_price_5,ask_size_5,bid_price_5,bid_size_5,ask_price_6,ask_size_6,bid_price_6,bid_size_6,ask_price_7,ask_size_7,bid_price_7,bid_size_7,ask_price_8,ask_size_8,bid_price_8,bid_size_8,ask_price_9,ask_size_9,bid_price_9,bid_size_9,ask_price_10,ask_size_10,bid_price_10,bid_size_10
2019-06-28 09:30:00.000000000,,,99908,100,,,99895,100,,,,,,,,,,,,,,,,,,,,,,,,,,,,,,,,
2019-06-28 09:30:00.000000001,,,99944,100,,,99908,100,,,99895,100,,,,,,,,,,,,,,,,,,,,,,,,,,,,
2019-06-28 09:30:00.000000002,100112,100,99984,100,,,99944,100,,,99908,100,,,99895,100,,,,,,,,,,,,,,,,,,,,,,,,
2019-06-28 09:30:00.000000004,99984,100,99944,100,100112,100,99908,100,,,99895,100,,,,,,,,,,,,,,,,,,,,,,,,,,,,
2019-06-28 09:30:00.000000005,99984,100,99944,100,100112,100,99908,100,100153,100,99895,100,,,,,,,,,,,,,,,,,,,,,,,,,,,,
2019-06-28 09:30:00.000000006,99984,100,99908,100,100112,100,99895,100,100153,100,,,,,,,,,,,,,,,,,,,,,,,,,,,,,,
2019-06-28 09:30:00.000000011,99984,100,99944,100,100018,100,99908,100,100112,100,99895,100,100153,100,,,,,,,,,,,,,,,,,,,,,,,,,,
2019-06-28 09:30:00.000000015,99984,100,99944,100,100018,100,99908,100,100036,100,99895,100,100112,100,,,100153,100,,,,,,,,,,,,,,,,,,,,,,
2019-06-28 09:30:00.000000016,99984,100,99944,100,100018,100,99908,100,100036,100,99895,100,100112,100,99792,100,100153,100,,,,,,,,,,,,,,,,,,,,,,
2019-06-28 09:30:00.000000017,99984,100,99944,100,100018,100,99908,100,100036,100,99895,100,100112,100,99792,100,100153,100,99780,100,,,,,,,,,,,,,,,,,,,,
2019-06-28 09:30:00.000000021,99984,100,99944,200,100018,100,99908,100,100036,100,99895,100,100112,100,99792,100,100153,100,99780,100,,,,,,,,,,,,,,,,,,,,
2019-06-28 09:30:00.000000023,99984,100,99944,300,100018,100,99908,100,100036,100,99895,100,100112,100,99792,100,100153,100,99780,100,,,,,,,,,,,,,,,,,,,,
2019-06-28 09:30:00.000000024,99983,100,99944,300,99984,100,99908,100,100018,100,99895,100,100036,100,99817,100,100060,100,99792,100,100083,100,99780,100,100112,100,,,100153,100,,,,,,,,,,
2019-06-28 09:30:00.000000025,99983,100,99944,300,99984,100,99908,100,100018,100,99895,100,100036,100,99817,100,100060,100,99792,100,100083,100,99780,100,100112,100,,,100131,100,,,100153,100,,,,,,
2019-06-28 09:30:00.000000028,99983,100,99944,300,99984,100,99908,100,100018,100,99895,100,100036,100,99817,100,100060,100,99792,100,100083,100,99780,100,100112,100,,,100130,100,,,100131,100,,,100153,100,,
2019-06-28 09:30:00.000000030,99983,100,99944,300,99984,100,99908,100,100018,100,99895,100,100036,100,99817,100,100058,100,99792,100,100060,100,99780,100,100083,100,,,100112,100,,,100130,100,,,100131,100,,
2019-06-28 09:30:00.000000032,99970,100,99944,300,99983,100,99908,100,99984,100,99895,100,100018,100,99817,100,100036,100,99792,100,100058,100,99780,100,100060,100,,,100083,100,,,100112,100,,,100130,100,,
2019-06-28 09:30:00.000000037,99970,100,99944,300,99983,100,99924,100,99984,100,99908,100,100018,100,99895,100,100036,100,99817,100,100058,100,99792,100,100060,100,99780,100,100083,100,,,100112,100,,,100130,100,,
2019-06-28 09:30:00.000000038,99970,100,99944,300,99983,100,99924,100,99984,100,99908,100,100018,100,99895,100,100036,100,99817,100,100058,100,99792,100,100060,100,99780,100,100083,100,,,100095,100,,,100112,100,,
2019-06-28 09:30:00.000000041,99970,100,99944,300,99983,100,99924,100,99984,100,99908,100,100018,100,99895,100,100036,100,99817,100,100058,100,99792,100,100060,100,99780,100,100083,100,,,100095,100,,,100105,100,,
2019-06-28 09:30:00.000000045,99970,100,99944,300,99983,100,99937,100,99984,100,99924,100,100018,100,99908,100,100036,100,99895,100,100058,100,99817,100,100060,100,99792,100,100083,100,99780,100,100095,100,,,100105,100,,
2019-06-28 09:30:00.000000046,99970,100,99944,400,99983,100,99937,100,99984,100,99924,100,100018,100,99908,100,100036,100,99895,100,100058,100,99817,100,100060,100,99792,100,100083,100,99780,100,100095,100,,,100105,100,,
2019-06-28 09:30:00.000000048,99970,100,99944,500,99983,100,99937,100,99984,100,99928,100,100018,100,99924,100,100036,100,99908,100,100058,100,99895,100,100060,100,99817,100,100083,100,99792,100,100095,100,99780,100,100105,100,,
2019-06-28 09:30:00.000000050,99970,100,99944,500,99983,200,99937,100,99984,100,99928,100,100018,100,99924,100,100036,100,99908,100,100058,100,99895,100,100060,100,99817,100,100083,100,99792,100,100095,100,99780,100,100105,100,,
2019-06-28 09:30:00.000000052,99970,100,99944,500,99983,200,99937,100,99984,100,99928,100,100018,100,99924,100,100036,100,99908,100,100037,100,99895,100,100058,100,99817,100,100060,100,99792,100,100083,100,99780,100,100084,100,,
2019-06-28 09:30:00.000000054,99970,100,99944,500,99983,200,99937,100,99984,100,99928,100,99997,100,99924,100,100018,100,99908,100,100019,100,99895,100,100036,100,99817,100,100037,100,99792,100,100058,100,99780,100,100060,100,,
2019-06-28 09:30:00.000000059,99970,100,99944,600,99983,200,99937,100,99984,100,99928,100,99997,100,99924,100,100018,100,99908,100,100019,100,99895,100,100036,100,99817,100,100037,100,99792,100,100058,100,99780,100,100060,100,,
2019-06-28 09:30:00.000000060,99970,100,99944,600,99983,200,99937,100,99984,100,99928,100,99997,100,99927,100,100018,100,99924,100,100019,100,99908,100,100036,100,99895,100,100037,100,99817,100,100058,100,99792,100,100060,100,99780,100
2019-06-28 09:30:00.000000063,99970,100,99959,100,99983,200,99944,600,99984,100,99937,100,99997,100,99928,100,100018,100,99927,100,100019,100,99924,100,100036,100,99908,100,100037,100,99895,100,100058,100,99817,100,100060,100,99792,100
2019-06-28 09:30:00.000000064,99970,100,99959,100,99983,200,99944,700,99984,100,99937,100,99997,100,99928,100,100018,100,99927,100,100019,100,99924,100,100036,100,99908,100,100037,100,99895,100,100058,100,99817,100,100060,100,99792,100
2019-06-28 09:30:00.000000066,99970,100,99959,100,99983,200,99945,100,99984,100,99944,700,99997,100,99937,100,100018,100,99928,100,100019,100,99927,100,100036,100,99924,100,100037,100,99908,100,100058,100,99895,100,100060,100,99817,100
2019-06-28 09:30:00.000000067,99970,100,99959,100,99983,200,99945,100,99984,100,99944,700,99997,100,99937,100,100018,100,99928,100,100019,100,99927,100,100036,100,99924,100,100037,100,99908,100,100058,100,99895,100,100060,100,99817,100
2019-06-28 09:30:00.000000070,99970,100,99959,100,99983,200,99945,100,99984,100,99944,700,99997,100,99937,100,100018,100,99928,100,100019,100,99927,100,100036,100,99924,100,100037,100,99908,100,100058,100,99895,100,100060,100,99817,100
2019-06-28 09:30:00.000000071,99970,100,99959,100,99983,200,99945,100,99984,100,99944,700,99997,100,99937,100,100018,100,99928,100,100019,100,99927,100,100036,100,99924,100,100037,100,99908,100,100058,100,99895,100,100060,100,99817,100
2019-06-28 09:30:00.000000072,99970,100,99959,100,99983,200,99945,100,99984,100,99944,700,99997,100,99937,100,100018,100,99928,100,100019,100,99927,100,100020,100,99924,100,100036,100,99908,100,100037,100,99895,100,100058,100,99817,100
2019-06-28 09:30:00.000000077,99970,100,99959,100,99983,200,99946,100,99984,100,99945,100,99997,100,99944,800,100018,100,99938,100,100019,100,99937,100,100020,100,99928,100,100036,100,99927,100,100037,100,99924,100,100058,100,99908,100
2019-06-28 09:30:00.000000078,99970,100,99959,100,99983,200,99946,100,99984,100,99945,100,99997,100,99944,900,100018,100,99938,100,100019,100,99937,100,100020,100,99928,100,100036,100,99927,100,100037,100,99924,100,100058,100,99908,100
2019-06-28 09:30:00.000000080,99983,200,99959,100,99984,100,99946,100,99997,100,99945,100,100018,100,99944,900,100019,100,99938,100,100020,100,99937,100,100036,100,99928,100,100037,100,99927,100,100058,100,99924,100,100060,100,99908,100
2019-06-28 09:30:00.000000083,99983,200,99959,100,99984,100,99946,100,99997,100,99945,100,100001,100,99944,900,100018,100,99938,100,100019,100,99937,100,100020,100,99928,100,100036,100,99927,100,100037,100,99924,100,100058,100,99908,100
2019-06-28 09:30:00.000000084,99983,200,99959,100,99984,100,99946,100,99997,100,99945,100,100001,100,99944,900,100018,100,99938,100,100019,100,99937,100,100020,100,99931,100,100036,100,99928,100,100037,100,99927,100,100058,100,99924,100
2019-06-28 09:30:00.000000088,99983,200,99972,100,99984,100,99959,100,99997,100,99946,100,100001,100,99945,100,100018,100,99944,900,100019,100,99938,100,100020,100,99937,100,100036,100,99931,100,100037,100,99928,100,100058,100,99927,100
2019-06-28 09:30:00.000000089,99983,200,99972,100,99984,100,99959,100,99997,100,99946,100,100001,100,99945,100,100018,100,99944,900,100019,100,99938,100,100020,100,99937,100,100036,100,99931,100,100037,100,99928,100,100058,100,99927,100
2019-06-28 09:30:00.000000092,99983,100,99972,100,99984,100,99959,100,99997,100,99946,100,100001,100,99945,100,100018,100,99944,900,100019,100,99938,100,100020,100,99937,100,100036,100,99931,100,100037,100,99928,100,100058,100,99927,100
2019-06-28 09:30:00.000000096,99983,100,99973,200,99984,100,99972,100,99997,100,99959,100,100001,100,99946,100,100018,100,99945,100,100019,100,99944,900,100020,100,99938,100,100036,100,99937,100,100037,100,99931,100,100058,100,99928,100
2019-06-28 09:30:00.000000097,99983,100,99974,100,99984,100,99973,200,99997,100,99972,100,100001,100,99959,100,100018,100,99946,100,100019,100,99945,100,100020,100,99944,900,100036,100,99938,100,100037,100,99937,100,100058,100,99931,100
2019-06-28 09:30:00.000000098,99983,100,99974,100,99984,100,99973,300,99997,100,99972,100,100001,100,99959,100,100018,100,99946,100,100019,100,99945,100,100020,100,99944,900,100036,100,99938,100,100037,100,99937,100,100058,100,99931,100
2019-06-28 09:30:10.000000000,99983,232,99974,232,99984,232,99973,432,99997,100,99972,100,100001,100,99959,100,100018,100,99946,100,100019,100,99945,100,100020,100,99944,900,100036,100,99938,100,100037,100,99937,100,100058,100,99931,100
2019-06-28 09:30:20.000000000,99983,190,99974,190,99984,187,99973,387,99997,187,99972,187,100001,100,99959,100,100018,100,99946,100,100019,100,99945,100,100020,100,99944,900,100036,100,99938,100,100037,100,99937,100,100058,100,99931,100
2019-06-28 09:30:26.354992166,99983,190,99974,190,99984,187,99973,387,99997,187,99972,187,100001,100,99959,100,100018,100,99946,100,100019,100,99945,100,100020,100,99944,900,100036,100,99938,100,100037,100,99937,100,100058,100,99931,100
2019-06-28 09:30:30.000000000,99983,166,99974,166,99984,166,99973,366,99997,166,99972,166,100001,166,99959,166,100018,100,99946,100,100019,100,99945,100,100020,100,99944,900,100036,100,99938,100,100037,100,99937,100,100058,100,99931,100
2019-06-28 09:30:36.499315921,99983,166,99974,166,99984,166,99973,366,99997,166,99972,166,100001,166,99959,166,100018,100,99946,100,100019,100,99944,900,100020,100,99938,100,100036,100,99937,100,100037,100,99931,100,100058,100,99928,100
2019-06-28 09:30:40.000000000,99983,364,99974,364,99984,100,99973,300,99997,100,99972,100,100001,100,99959,100,100018,100,99946,100,100019,100,99944,900,100020,100,99938,100,100036,100,99937,100,100037,100,99931,100,100058,100,99928,100
2019-06-28 09:30:50.000000000,99983,190,99974,190,99984,187,99973,387,99997,187,99972,187,100001,100,99959,100,100018,100,99946,100,100019,100,99944,900,100020,100,99938,100,100036,100,99937,100,100037,100,99931,100,100058,100,99928,100
2019-06-28 09:31:00.000000000,99983,166,99974,166,99984,166,99973,366,99997,166,99972,166,100001,166,99959,166,100018,100,99946,100,100019,100,99944,900,100020,100,99938,100,100036,100,99937,100,100037,100,99931,100,100058,100,99928,100
2019-06-28 09:31:10.000000000,99983,190,99974,190,99984,187,99973,387,99997,187,99972,187,100001,100,99959,100,100018,100,99946,100,100019,100,99944,900,100020,100,99938,100,100036,100,99937,100,100037,100,99931,100,100058,100,99928,100
2019-06-28 09:31:20.000000000,99983,166,99974,166,99984,166,99973,366,99997,166,99972,166,100001,166,99959,166,100018,100,99946,100,100019,100,99944,900,100020,100,99938,100,100036,100,99937,100,100037,100,99931,100,100058,100,99928,100
2019-06-28 09:31:30.000000000,99983,166,99974,166,99984,166,99973,366,99997,166,99972,166,100001,166,99959,166,100018,100,99946,100,100019,100,99944,900,100020,100,99938,100,100036,100,99937,100,100037,100,99931,100,100058,100,99928,100
2019-06-28 09:31:40.000000000,99983,166,99974,166,99984,166,99973,366,99997,166,99972,166,100001,166,99959,166,100018,100,99946,100,100019,100,99944,900,100020,100,99938,100,100036,100,99937,100,100037,100,99931,100,100058,100,99928,100
2019-06-28 09:31:47.523464716,99983,166,99974,166,99984,166,99973,366,99997,166,99972,166,100001,166,99959,166,100018,100,99946,100,100019,100,99944,900,100020,100,99938,100,100036,100,99937,100,100037,100,99931,100,100058,100,99928,100
2019-06-28 09:31:50.000000000,99983,190,99974,190,99984,187,99973,387,99997,187,99972,187,100001,100,99959,100,100018,100,99946,100,100019,100,99944,900,100020,100,99938,100,100036,100,99937,100,100037,100,99931,100,100058,100,99928,100
2019-06-28 09:32:00.000000000,99983,232,99974,232,99984,232,99973,432,99997,100,99972,100,100001,100,99959,100,100018,100,99946,100,100019,100,99944,900,100020,100,99938,100,100036,100,99937,100,100037,100,99931,100,100058,100,99928,100
2019-06-28 09:32:04.895688487,99982,100,99974,232,99983,232,99973,432,99984,232,99972,100,99997,100,99959,100,100001,100,99946,100,100018,100,99944,900,100019,100,99938,100,100020,100,99937,100,100036,100,99931,100,100037,100,99928,100
2019-06-28 09:32:10.000000000,99982,232,99974,232,99983,232,99973,432,99984,100,99972,100,99997,100,99959,100,100001,100,99946,100,100018,100,99944,900,100019,100,99938,100,100020,100,99937,100,100036,100,99931,100,100037,100,99928,100
2019-06-28 09:32:19.303290671,99982,232,99974,132,99983,232,99973,432,99984,100,99972,100,99997,100,99959,100,100001,100,99946,100,100018,100,99944,900,100019,100,99938,100,100020,100,99937,100,100036,100,99931,100,100058,100,99928,100
2019-06-28 09:32:20.000000000,99982,364,99973,564,99983,100,99972,100,99984,100,99959,100,99997,100,99946,100,100001,100,99944,900,100018,100,99938,100,100019,100,99937,100,100020,100,99931,100,100036,100,99928,100,100058,100,99927,100
2019-06-28 09:32:22.278537734,99982,364,99973,464,99983,100,99972,100,99984,100,99959,100,99997,100,99946,100,100001,100,99944,900,100018,100,99938,100,100019,100,99937,100,100020,100,99931,100,100036,100,99928,100,100058,100,99927,100
2019-06-28 09:32:24.206457266,99974,100,99973,464,99982,364,99972,100,99983,100,99959,100,99984,100,99946,100,99997,100,99944,900,100001,100,99938,100,100018,100,99937,100,100019,100,99931,100,100020,100,99928,100,100036,100,99927,100
2019-06-28 09:32:30.000000000,99974,166,99973,266,99982,166,99972,166,99983,166,99959,166,99984,166,99946,166,99997,100,99944,900,100001,100,99938,100,100018,100,99937,100,100019,100,99931,100,100020,100,99928,100,100036,100,99927,100
2019-06-28 09:32:40.000000000,99974,190,99973,290,99982,187,99972,187,99983,187,99959,187,99984,100,99946,100,99997,100,99944,900,100001,100,99938,100,100018,100,99937,100,100019,100,99931,100,100020,100,99928,100,100036,100,99927,100
2019-06-28 09:32:41.405951638,99974,190,99973,290,99982,187,99972,187,99983,187,99959,187,99984,100,99946,100,99997,100,99944,800,100001,100,99938,100,100018,100,99937,100,100019,100,99931,100,100020,100,99928,100,100036,100,99927,100
2019-06-28 09:32:43.487261622,99974,190,99973,290,99982,187,99972,187,99983,187,99959,187,99984,100,99946,100,99997,100,99944,800,100001,100,99938,100,100018,100,99937,100,100019,100,99931,100,100020,100,99927,100,100036,100,99924,100
2019-06-28 09:32:50.000000000,99974,364,99973,464,99982,100,99972,100,99983,100,99959,100,99984,100,99946,100,99997,100,99944,800,100001,100,99938,100,100018,100,99937,100,100019,100,99931,100,100020,100,99927,100,100036,100,99924,100
2019-06-28 09:33:00.000000000,99974,232,99973,332,99982,232,99972,232,99983,100,99959,100,99984,100,99946,100,99997,100,99944,800,100001,100,99938,100,100018,100,99937,100,100019,100,99931,100,100020,100,99927,100,100036,100,99924,100
2019-06-28 09:33:10.000000000,99974,364,99973,464,99982,100,99972,100,99983,100,99959,100,99984,100,99946,100,99997,100,99944,800,100001,100,99938,100,100018,100,99937,100,100019,100,99931,100,100020,100,99927,100,100036,100,99924,100
2019-06-28 09:33:20.000000000,99974,364,99973,464,99982,100,99972,100,99983,100,99959,100,99984,100,99946,100,99997,100,99944,800,100001,100,99938,100,100018,100,99937,100,100019,100,99931,100,100020,100,99927,100,100036,100,99924,100
2019-06-28 09:33:30.000000000,99974,166,99973,266,99982,166,99972,166,99983,166,99959,166,99984,166,99946,166,99997,100,99944,800,100001,100,99938,100,100018,100,99937,100,100019,100,99931,100,100020,100,99927,100,100036,100,99924,100
2019-06-28 09:33:40.000000000,99974,364,99973,464,99982,100,99972,100,99983,100,99959,100,99984,100,99946,100,99997,100,99944,800,100001,100,99938,100,100018,100,99937,100,100019,100,99931,100,100020,100,99927,100,100036,100,99924,100
2019-06-28 09:33:50.000000000,99974,190,99973,290,99982,187,99972,187,99983,187,99959,187,99984,100,99946,100,99997,100,99944,800,100001,100,99938,100,100018,100,99937,100,100019,100,99931,100,100020,100,99927,100,100036,100,99924,100
2019-06-28 09:34:00.000000000,99974,190,99973,290,99982,187,99972,187,99983,187,99959,187,99984,100,99946,100,99997,100,99944,800,100001,100,99938,100,100018,100,99937,100,100019,100,99931,100,100020,100,99927,100,100036,100,99924,100
2019-06-28 09:34:10.000000000,99974,232,99973,332,99982,232,99972,232,99983,100,99959,100,99984,100,99946,100,99997,100,99944,800,100001,100,99938,100,100018,100,99937,100,100019,100,99931,100,100020,100,99927,100,100036,100,99924,100
2019-06-28 09:34:20.000000000,99974,166,99973,266,99982,166,99972,166,99983,166,99959,166,99984,166,99946,166,99997,100,99944,800,100001,100,99938,100,100018,100,99937,100,100019,100,99931,100,100020,100,99927,100,100036,100,99924,100
2019-06-28 09:34:20.838735181,99974,166,99973,266,99982,166,99972,166,99983,166,99959,166,99984,166,99946,166,99997,100,99944,800,100001,100,99938,100,100019,100,99937,100,100020,100,99931,100,100036,100,99927,100,100058,100,99924,100
2019-06-28 09:34:30.000000000,99974,364,99973,464,99982,100,99972,100,99983,100,99959,100,99984,100,99946,100,99997,100,99944,800,100001,100,99938,100,100019,100,99937,100,100020,100,99931,100,100036,100,99927,100,100058,100,99924,100
2019-06-28 09:34:30.193480659,99974,364,99973,364,99982,100,99972,100,99983,100,99959,100,99984,100,99946,100,99997,100,99944,800,100001,100,99937,100,100019,100,99931,100,100020,100,99927,100,100036,100,99924,100,100058,100,99908,100
2019-06-28 09:34:35.276853064,99974,364,99973,264,99982,100,99972,100,99983,100,99959,100,99984,100,99946,100,99997,100,99944,800,100001,100,99937,100,100019,100,99931,100,100020,100,99927,100,100036,100,99924,100,100058,100,99908,100
2019-06-28 09:34:40.000000000,99974,166,99972,166,99982,166,99959,166,99983,166,99946,166,99984,166,99944,866,99997,100,99937,100,100001,100,99931,100,100019,100,99927,100,100020,100,99924,100,100036,100,99908,100,100058,100,99895,100
2019-06-28 09:34:50.000000000,99974,364,99972,364,99982,100,99959,100,99983,100,99946,100,99984,100,99944,800,99997,100,99937,100,100001,100,99931,100,100019,100,99927,100,100020,100,99924,100,100036,100,99908,100,100058,100,99895,100
2019-06-28 09:35:00.000000000,99974,364,99972,364,99982,100,99959,100,99983,100,99946,100,99984,100,99944,800,99997,100,99937,100,100001,100,99931,100,100019,100,99927,100,100020,100,99924,100,100036,100,99908,100,100058,100,99895,100
2019-06-28 09:35:10.000000000,99974,190,99972,190,99982,187,99959,187,99983,187,99946,187,99984,100,99944,800,99997,100,99937,100,100001,100,99931,100,100019,100,99927,100,100020,100,99924,100,100036,100,99908,100,100058,100,99895,100
2019-06-28 09:35:12.896034880,99974,190,99972,190,99982,187,99959,187,99983,187,99946,187,99984,100,99944,800,99997,100,99937,100,100001,100,99931,100,100019,100,99927,100,100020,100,99924,100,100036,100,99908,100,100058,100,99895,100
2019-06-28 09:35:13.851768289,99974,190,99972,190,99982,187,99959,187,99983,187,99946,187,99984,100,99944,800,99997,100,99937,100,100001,100,99931,100,100019,100,99927,100,100020,100,99924,100,100036,100,99908,100,100058,100,99895,100
2019-06-28 09:35:15.599638295,99974,190,99972,90,99982,187,99959,187,99983,187,99946,187,99984,100,99944,800,99997,100,99937,100,100001,100,99931,100,100019,100,99927,100,100036,100,99924,100,100058,100,99908,100,100060,100,99895,100
2019-06-28 09:35:20.000000000,99974,364,99959,364,99982,100,99946,100,99983,100,99944,800,99984,100,99937,100,99997,100,99931,100,100001,100,99927,100,100019,100,99924,100,100036,100,99908,100,100058,100,99895,100,100060,100,99880,100
2019-06-28 09:35:30.000000000,99974,190,99959,190,99982,187,99946,187,99983,187,99944,887,99984,100,99937,100,99997,100,99931,100,100001,100,99927,100,100019,100,99924,100,100036,100,99908,100,100058,100,99895,100,100060,100,99880,100
2019-06-28 09:35:31.791283767,99974,190,99959,190,99982,187,99946,187,99983,187,99944,887,99984,100,99937,100,99997,100,99931,100,100001,100,99927,100,100019,100,99924,100,100036,100,99908,100,100058,100,99895,100,100060,100,99880,100
2019-06-28 09:35:40.000000000,99974,232,99959,232,99982,232,99946,232,99983,100,99944,800,99984,100,99937,100,99997,100,99931,100,100001,100,99927,100,100019,100,99924,100,100036,100,99908,100,100058,100,99895,100,100060,100,99880,100
2019-06-28 09:35:46.240079584,99974,232,99959,32,99982,232,99946,232,99983,100,99944,800,99984,100,99937,100,99997,100,99931,100,100001,100,99927,100,100019,100,99924,100,100036,100,99908,100,100058,100,99895,100,100060,100,99880,100
2019-06-28 09:35:50.000000000,99974,153,99946,153,99982,153,99944,853,99983,153,99937,153,99984,153,99931,153,99997,153,99927,153,100001,100,99924,100,100019,100,99908,100,100036,100,99895,100,100058,100,99880,100,100060,100,99792,100
2019-06-28 09:36:00.000000000,99974,364,99946,364,99982,100,99944,800,99983,100,99937,100,99984,100,99931,100,99997,100,99927,100,100001,100,99924,100,100019,100,99908,100,100036,100,99895,100,100058,100,99880,100,100060,100,99792,100
2019-06-28 09:36:10.000000000,99974,166,99946,166,99982,166,99944,866,99983,166,99937,166,99984,166,99931,166,99997,100,99927,100,100001,100,99924,100,100019,100,99908,100,100036,100,99895,100,100058,100,99880,100,100060,100,99792,100
2019-06-28 09:36:12.917819440,99974,166,99946,66,99982,166,99944,866,99983,166,99937,166,99984,166,99931,166,99997,100,99927,100,100001,100,99924,100,100019,100,99908,100,100036,100,99895,100,100058,100,99880,100,100060,100,99792,100
2019-06-28 09:36:18.380462894,99959,100,99946,66,99974,166,99944,866,99982,166,99937,166,99983,166,99931,166,99984,166,99927,100,99997,100,99924,100,100001,100,99908,100,100019,100,99895,100,100036,100,99880,100,100058,100,99792,100
2019-06-28 09:36:20.000000000,99959,190,99944,890,99974,187,99937,187,99982,187,99931,187,99983,100,99927,100,99984,100,99924,100,99997,100,99908,100,100001,100,99895,100,100019,100,99880,100,100036,100,99792,100,100058,100,99791,100
2019-06-28 09:36:30.000000000,99959,232,99944,932,99974,232,99937,232,99982,100,99931,100,99983,100,99927,100,99984,100,99924,100,99997,100,99908,100,100001,100,99895,100,100019,100,99880,100,100036,100,99792,100,100058,100,99791,100
2019-06-28 09:36:40.000000000,99959,364,99944,1064,99974,100,99937,100,99982,100,99931,100,99983,100,99927,100,99984,100,99924,100,99997,100,99908,100,100001,100,99895,100,100019,100,99880,100,100036,100,99792,100,100058,100,99791,100
2019-06-28 09:36:48.705416674,99959,364,99944,964,99974,100,99937,100,99982,100,99931,100,99983,100,99927,100,99984,100,99924,100,99997,100,99908,100,100001,100,99895,100,100019,100,99880,100,100036,100,99792,100,100058,100,99791,100
2019-06-28 09:36:50.000000000,99959,190,99944,790,99974,187,99937,187,99982,187,99931,187,99983,100,99927,100,99984,100,99924,100,99997,100,99908,100,100001,100,99895,100,100019,100,99880,100,100036,100,99792,100,100058,100,99791,100
2019-06-28 09:36:55.699890099,99959,90,99944,790,99974,187,99937,187,99982,187,99931,187,99983,100,99927,100,99984,100,99924,100,99997,100,99908,100,100001,100,99895,100,100019,100,99880,100,100036,100,99792,100,100058,100,99791,100
2019-06-28 09:37:00.000000000,99974,190,99944,790,99982,187,99937,187,99983,187,99931,187,99984,100,99927,100,99997,100,99924,100,100001,100,99908,100,100019,100,99895,100,100036,100,99880,100,100058,100,99792,100,100060,100,99791,100
2019-06-28 09:37:09.810593920,99974,190,99944,690,99982,187,99937,187,99983,187,99931,187,99984,100,99927,100,99997,100,99924,100,100001,100,99908,100,100019,100,99895,100,100036,100,99880,100,100058,100,99792,100,100060,100,99791,100
2019-06-28 09:37:10.000000000,99974,364,99944,864,99982,100,99937,100,99983,100,99931,100,99984,100,99927,100,99997,100,99924,100,100001,100,99908,100,100019,100,99895,100,100036,100,99880,100,100058,100,99792,100,100060,100,99791,100
2019-06-28 09:37:19.787820895,99974,364,99944,864,99982,100,99937,100,99983,100,99931,100,99984,100,99927,100,99997,100,99924,100,100001,100,99908,100,100019,100,99895,100,100036,100,99880,100,100058,100,99792,100,100060,100,99791,100
2019-06-28 09:37:20.000000000,99974,232,99944,732,99982,232,99937,232,99983,100,99931,100,99984,100,99927,100,99997,100,99924,100,100001,100,99908,100,100019,100,99895,100,100036,100,99880,100,100058,100,99792,100,100060,100,99791,100
2019-06-28 09:37:21.855106285,99974,232,99944,632,99982,232,99937,232,99983,100,99931,100,99984,100,99927,100,99997,100,99924,100,100001,100,99908,100,100019,100,99895,100,100036,100,99880,100,100058,100,99792,100,100060,100,99791,100
2019-06-28 09:37:25.735327157,99974,232,99944,532,99982,232,99937,232,99983,100,99931,100,99984,100,99927,100,99997,100,99924,100,100019,100,99908,100,100036,100,99895,100,100058,100,99880,100,100060,100,99792,100,100068,100,99791,100
2019-06-28 09:37:30.000000000,99974,153,99944,453,99982,153,99937,153,99983,153,99931,153,99984,153,99927,153,99997,153,99924,153,100019,100,99908,100,100036,100,99895,100,100058,100,99880,100,100060,100,99792,100,100068,100,99791,100
2019-06-28 09:37:37.943937361,99974,153,99944,353,99982,153,99937,153,99983,153,99931,153,99984,153,99927,153,99997,153,99924,153,100019,100,99908,100,100036,100,99895,100,100058,100,99880,100,100060,100,99792,100,100068,100,99791,100
2019-06-28 09:37:40.000000000,99974,166,99944,366,99982,166,99937,166,99983,166,99931,166,99984,166,99927,166,99997,100,99924,100,100019,100,99908,100,100036,100,99895,100,100058,100,99880,100,100060,100,99792,100,100068,100,99791,100
2019-06-28 09:37:50.000000000,99974,364,99944,564,99982,100,99937,100,99983,100,99931,100,99984,100,99927,100,99997,100,99924,100,100019,100,99908,100,100036,100,99895,100,100058,100,99880,100,100060,100,99792,100,100068,100,99791,100
2019-06-28 09:38:00.000000000,99974,190,99944,390,99982,187,99937,187,99983,187,99931,187,99984,100,99927,100,99997,100,99924,100,100019,100,99908,100,100036,100,99895,100,100058,100,99880,100,100060,100,99792,100,100068,100,99791,100
2019-06-28 09:38:06.848304007,99974,190,99944,290,99982,187,99937,187,99983,187,99931,187,99984,100,99927,100,99997,100,99924,100,100019,100,99908,100,100036,100,99895,100,100058,100,99880,100,100060,100,99792,100,100068,100,99791,100
2019-06-28 09:38:10.000000000,99974,364,99944,464,99982,100,99937,100,99983,100,99931,100,99984,100,99927,100,99997,100,99924,100,100019,100,99908,100,100036,100,99895,100,100058,100,99880,100,100060,100,99792,100,100068,100,99791,100
2019-06-28 09:38:16.140910570,99974,364,99944,364,99982,100,99937,100,99983,100,99931,100,99984,100,99927,100,99997,100,99924,100,100019,100,99908,100,100036,100,99895,100,100058,100,99880,100,100060,100,99792,100,100068,100,99791,100
2019-06-28 09:38:16.727280089,99974,364,99944,264,99982,100,99937,100,99983,100,99931,100,99984,100,99927,100,99997,100,99908,100,100019,100,99895,100,100036,100,99880,100,100058,100,99792,100,100060,100,99791,100,100068,100,99780,100
2019-06-28 09:38:20.000000000,99974,190,99937,190,99982,187,99931,187,99983,187,99927,187,99984,100,99908,100,99997,100,99895,100,100019,100,99880,100,100036,100,99792,100,100058,100,99791,100,100060,100,99780,100,100068,100,99688,100
2019-06-28 09:38:30.000000000,99974,190,99937,190,99982,187,99931,187,99983,187,99927,187,99984,100,99908,100,99997,100,99895,100,100019,100,99880,100,100036,100,99792,100,100058,100,99791,100,100060,100,99780,100,100068,100,99688,100
2019-06-28 09:38:40.000000000,99974,166,99937,166,99982,166,99931,166,99983,166,99927,166,99984,166,99908,166,99997,100,99895,100,100019,100,99880,100,100036,100,99792,100,100058,100,99791,100,100060,100,99780,100,100068,100,99688,100
2019-06-28 09:38:50.000000000,99974,166,99937,166,99982,166,99931,166,99983,166,99927,166,99984,166,99908,166,99997,100,99895,100,100019,100,99880,100,100036,100,99792,100,100058,100,99791,100,100060,100,99780,100,100068,100,99688,100
2019-06-28 09:39:00.000000000,99974,166,99937,166,99982,166,99931,166,99983,166,99927,166,99984,166,99908,166,99997,100,99895,100,100019,100,99880,100,100036,100,99792,100,100058,100,99791,100,100060,100,99780,100,100068,100,99688,100
2019-06-28 09:39:06.967202354,99974,166,99937,66,99982,166,99931,166,99983,166,99927,166,99984,166,99908,166,100019,100,99895,100,100036,100,99880,100,100058,100,99792,100,100060,100,99791,100,100068,100,99780,100,100084,100,99688,100
2019-06-28 09:39:09.121558728,99937,34,99931,166,99974,166,99927,166,99982,166,99908,166,99983,166,99895,100,99984,166,99880,100,100019,100,99792,100,100036,100,99780,100,100058,100,99688,100,100060,100,99630,100,100068,100,99316,100
2019-06-28 09:39:10.000000000,99937,124,99931,190,99974,187,99927,187,99982,187,99908,187,99983,100,99895,100,99984,100,99880,100,100019,100,99792,100,100036,100,99780,100,100058,100,99688,100,100060,100,99630,100,100068,100,99316,100
2019-06-28 09:39:20.000000000,99937,298,99931,364,99974,100,99927,100,99982,100,99908,100,99983,100,99895,100,99984,100,99880,100,100019,100,99792,100,100036,100,99780,100,100058,100,99688,100,100060,100,99630,100,100068,100,99316,100
2019-06-28 09:39:22.652466258,99937,298,99931,264,99974,100,99927,100,99982,100,99908,100,99983,100,99895,100,99984,100,99880,100,100019,100,99792,100,100036,100,99780,100,100058,100,99688,100,100060,100,99630,100,100068,100,99316,100
2019-06-28 09:39:30.000000000,99937,298,99927,364,99974,100,99908,100,99982,100,99895,100,99983,100,99880,100,99984,100,99792,100,100019,100,99780,100,100036,100,99688,100,100058,100,99630,100,100060,100,99316,100,100068,100,98366,100
2019-06-28 09:39:33.501484439,99937,298,99927,364,99974,100,99908,100,99982,100,99895,100,99983,100,99880,100,99984,100,99792,100,100019,100,99780,100,100036,100,99688,100,100058,100,99630,100,100060,100,99316,100,100068,100,98366,100
2019-06-28 09:39:35.667073437,99937,298,99927,364,99974,100,99908,100,99982,100,99895,100,99983,100,99880,100,99984,100,99792,100,100019,100,99780,100,100036,100,99688,100,100058,100,99630,100,100060,100,99316,100,100068,100,98366,100
2019-06-28 09:39:40.000000000,99937,100,99927,166,99974,166,99908,166,99982,166,99895,166,99983,166,99880,166,99984,100,99792,100,100019,100,99780,100,100036,100,99688,100,100058,100,99630,100,100060,100,99316,100,100068,100,98366,100
2019-06-28 09:39:49.511200983,99937,100,99927,166,99974,166,99908,166,99982,166,99895,166,99983,166,99880,166,99984,100,99792,100,100019,100,99780,100,100036,100,99688,100,100058,100,99630,100,100060,100,99316,100,100068,100,98366,100
2019-06-28 09:39:50.000000000,99937,298,99927,364,99974,100,99908,100,99982,100,99895,100,99983,100,99880,100,99984,100,99792,100,100019,100,99780,100,100036,100,99688,100,100058,100,99630,100,100060,100,99316,100,100068,100,98366,100
2019-06-28 09:39:58.699331379,99937,298,99927,364,99974,100,99908,100,99982,100,99895,100,99983,100,99880,100,99984,100,99792,100,100019,100,99780,100,100036,100,99688,100,100058,100,99630,100,100060,100,99316,100,100068,100,98366,100
2019-06-28 09:40:00.000000000,99937,100,99927,166,99974,166,99908,166,99982,166,99895,166,99983,166,99880,166,99984,100,99792,100,100019,100,99780,100,100036,100,99688,100,100058,100,99630,100,100060,100,99316,100,100068,100,98366,100
2019-06-28 09:40:10.000000000,99937,124,99927,190,99974,187,99908,187,99982,187,99895,187,99983,100,99880,100,99984,100,99792,100,100019,100,99780,100,100036,100,99688,100,100058,100,99630,100,100060,100,99316,100,100068,100,98366,100
2019-06-28 09:40:12.712374960,99937,124,99927,190,99974,187,99908,187,99982,187,99895,187,99983,100,99880,100,99984,100,99792,100,100019,100,99780,100,100036,100,99688,100,100058,100,99630,100,100060,100,99316,100,100068,100,98366,100
2019-06-28 09:40:20.000000000,99937,298,99927,364,99974,100,99908,100,99982,100,99895,100,99983,100,99880,100,99984,100,99792,100,100019,100,99780,100,100036,100,99688,100,100058,100,99630,100,100060,100,99316,100,100068,100,98366,100
2019-06-28 09:40:20.759989734,99936,100,99927,364,99937,298,99908,100,99974,100,99895,100,99983,100,99880,100,99984,100,99792,100,100019,100,99780,100,100036,100,99688,100,100058,100,99630,100,100060,100,99316,100,100068,100,98366,100
2019-06-28 09:40:22.150025651,99936,100,99927,364,99937,298,99908,100,99974,100,99895,100,99983,100,99880,100,99984,100,99792,100,100019,100,99780,100,100036,100,99688,100,100058,100,99630,100,100060,100,99316,100,100068,100,98366,100
2019-06-28 09:40:30.000000000,99936,232,99927,232,99937,166,99908,232,99974,100,99895,100,99983,100,99880,100,99984,100,99792,100,100019,100,99780,100,100036,100,99688,100,100058,100,99630,100,100060,100,99316,100,100068,100,98366,100
2019-06-28 09:40:40.000000000,99936,153,99927,153,99937,87,99908,153,99974,153,99895,153,99983,153,99880,153,99984,153,99792,153,100019,100,99780,100,100036,100,99688,100,100058,100,99630,100,100060,100,99316,100,100068,100,98366,100
2019-06-28 09:40:50.000000000,99936,190,99927,190,99937,121,99908,187,99974,187,99895,187,99983,100,99880,100,99984,100,99792,100,100019,100,99780,100,100036,100,99688,100,100058,100,99630,100,100060,100,99316,100,100068,100,98366,100
2019-06-28 09:40:55.469525172,99936,190,99927,190,99937,121,99908,187,99974,187,99895,187,99983,100,99880,100,99984,100,99792,100,100019,100,99780,100,100036,100,99688,100,100058,100,99630,100,100060,100,99316,100,100068,100,98337,100
2019-06-28 09:41:00.000000000,99936,364,99927,364,99937,34,99908,100,99974,100,99895,100,99983,100,99880,100,99984,100,99792,100,100019,100,99780,100,100036,100,99688,100,100058,100,99630,100,100060,100,99316,100,100068,100,98337,100
2019-06-28 09:41:10.000000000,99936,166,99927,166,99937,100,99908,166,99974,166,99895,166,99983,166,99880,166,99984,100,99792,100,100019,100,99780,100,100036,100,99688,100,100058,100,99630,100,100060,100,99316,100,100068,100,98337,100
2019-06-28 09:41:14.358807387,99936,166,99927,166,99937,100,99908,166,99974,166,99895,166,99983,166,99880,166,99984,100,99780,100,100019,100,99688,100,100036,100,99630,100,100058,100,99316,100,100060,100,98337,100,100068,100,98295,100
2019-06-28 09:41:20.000000000,99936,364,99927,364,99937,34,99908,100,99974,100,99895,100,99983,100,99880,100,99984,100,99780,100,100019,100,99688,100,100036,100,99630,100,100058,100,99316,100,100060,100,98337,100,100068,100,98295,100
2019-06-28 09:41:30.000000000,99936,364,99927,364,99937,34,99908,100,99974,100,99895,100,99983,100,99880,100,99984,100,99780,100,100019,100,99688,100,100036,100,99630,100,100058,100,99316,100,100060,100,98337,100,100068,100,98295,100
2019-06-28 09:41:40.000000000,99936,364,99927,364,99937,34,99908,100,99974,100,99895,100,99983,100,99880,100,99984,100,99780,100,100019,100,99688,100,100036,100,99630,100,100058,100,99316,100,100060,100,98337,100,100068,100,98295,100
2019-06-28 09:41:49.703954887,99936,364,99927,364,99937,34,99908,100,99974,100,99895,100,99983,100,99880,100,99984,100,99780,100,100019,100,99688,100,100036,100,99630,100,100058,100,99316,100,100060,100,98337,100,100068,100,98295,100
2019-06-28 09:41:50.000000000,99936,153,99927,153,99937,87,99908,153,99974,153,99895,153,99983,153,99880,153,99984,153,99780,153,100019,100,99688,100,100036,100,99630,100,100058,100,99316,100,100060,100,98337,100,100068,100,98295,100
2019-06-28 09:41:53.491202443,99936,153,99927,53,99937,87,99908,153,99974,153,99895,153,99983,153,99880,153,99984,53,99780,153,100019,100,99688,100,100036,100,99630,100,100058,100,99316,100,100060,100,98337,100,100068,100,98295,100
2019-06-28 09:41:59.065942752,99927,47,99908,153,99936,153,99895,153,99937,87,99880,153,99974,153,99780,153,99983,153,99688,100,99984,53,99630,100,100019,100,99316,100,100036,100,98337,100,100058,100,98295,100,100060,100,98235,100
2019-06-28 09:42:00.000000000,99927,100,99908,153,99936,153,99895,153,99937,87,99880,153,99974,153,99780,153,99983,153,99688,153,100019,100,99630,100,100036,100,99316,100,100058,100,98337,100,100060,100,98295,100,100068,100,98235,100
2019-06-28 09:42:06.191735942,99927,100,99908,153,99936,153,99895,153,99937,87,99880,153,99974,153,99780,153,99983,153,99688,153,100019,100,99630,100,100036,100,99316,100,100058,100,98337,100,100060,100,98295,100,100068,100,98235,100
2019-06-28 09:42:10.000000000,99927,179,99908,232,99936,232,99895,232,99937,34,99880,100,99974,100,99780,100,99983,100,99688,100,100019,100,99630,100,100036,100,99316,100,100058,100,98337,100,100060,100,98295,100,100068,100,98235,100
2019-06-28 09:42:20.000000000,99927,100,99908,153,99936,153,99895,153,99937,87,99880,153,99974,153,99780,153,99983,153,99688,153,100019,100,99630,100,100036,100,99316,100,100058,100,98337,100,100060,100,98295,100,100068,100,98235,100
2019-06-28 09:42:30.000000000,99927,137,99908,190,99936,187,99895,187,99937,121,99880,187,99974,100,99780,100,99983,100,99688,100,100019,100,99630,100,100036,100,99316,100,100058,100,98337,100,100060,100,98295,100,100068,100,98235,100
2019-06-28 09:42:40.000000000,99927,179,99908,232,99936,232,99895,232,99937,34,99880,100,99974,100,99780,100,99983,100,99688,100,100019,100,99630,100,100036,100,99316,100,100058,100,98337,100,100060,100,98295,100,100068,100,98235,100
2019-06-28 09:42:50.000000000,99927,100,99908,153,99936,153,99895,153,99937,87,99880,153,99974,153,99780,153,99983,153,99688,153,100019,100,99630,100,100036,100,99316,100,100058,100,98337,100,100060,100,98295,100,100068,100,98235,100
2019-06-28 09:42:57.487113948,99927,100,99908,153,99936,153,99895,153,99937,87,99880,153,99974,153,99780,153,99983,153,99688,153,100019,100,99630,100,100036,100,99316,100,100058,100,98337,100,100060,100,98295,100,100068,100,98235,100
2019-06-28 09:43:00.000000000,99927,311,99908,364,99936,100,99895,100,99937,34,99880,100,99974,100,99780,100,99983,100,99688,100,100019,100,99630,100,100036,100,99316,100,100058,100,98337,100,100060,100,98295,100,100068,100,98235,100
2019-06-28 09:43:00.285289373,99927,311,99908,264,99936,100,99895,100,99937,34,99880,100,99974,100,99780,100,99983,100,99688,100,100019,100,99630,100,100036,100,99316,100,100058,100,98337,100,100060,100,98295,100,100068,100,98235,100
2019-06-28 09:43:02.682701666,99927,311,99908,164,99936,100,99895,100,99937,34,99880,100,99974,100,99780,100,99983,100,99688,100,100019,100,99630,100,100036,100,99316,100,100058,100,98337,100,100060,100,98295,100,100068,100,98235,100
2019-06-28 09:43:10.000000000,99927,311,99895,364,99936,100,99880,100,99937,34,99780,100,99974,100,99688,100,99983,100,99630,100,100019,100,99316,100,100036,100,98337,100,100058,100,98295,100,100060,100,98235,100,100068,100,98228,100
2019-06-28 09:43:20.000000000,99927,137,99895,190,99936,187,99880,187,99937,121,99780,187,99974,100,99688,100,99983,100,99630,100,100019,100,99316,100,100036,100,98337,100,100058,100,98295,100,100060,100,98235,100,100068,100,98228,100
2019-06-28 09:43:30.000000000,99927,311,99895,364,99936,100,99880,100,99937,34,99780,100,99974,100,99688,100,99983,100,99630,100,100019,100,99316,100,100036,100,98337,100,100058,100,98295,100,100060,100,98235,100,100068,100,98228,100
2019-06-28 09:43:40.000000000,99927,100,99895,153,99936,153,99880,153,99937,87,99780,153,99974,153,99688,153,99983,153,99630,153,100019,100,99316,100,100036,100,98337,100,100058,100,98295,100,100060,100,98235,100,100068,100,98228,100
2019-06-28 09:43:41.190748505,99927,100,99895,153,99936,153,99880,153,99937,87,99780,153,99974,153,99688,153,99983,153,99630,153,100019,100,99316,100,100036,100,98719,100,100058,100,98337,100,100060,100,98295,100,100068,100,98235,100
2019-06-28 09:43:50.000000000,99927,100,99895,153,99936,153,99880,153,99937,87,99780,153,99974,153,99688,153,99983,153,99630,153,100019,100,99316,100,100036,100,98719,100,100058,100,98337,100,100060,100,98295,100,100068,100,98235,100
2019-06-28 09:44:00.000000000,99927,100,99895,153,99936,153,99880,153,99937,87,99780,153,99974,153,99688,153,99983,153,99630,153,100019,100,99316,100,100036,100,98719,100,100058,100,98337,100,100060,100,98295,100,100068,100,98235,100
2019-06-28 09:44:03.938522448,99927,100,99895,153,99936,153,99880,153,99937,87,99780,153,99974,153,99688,153,99983,153,99630,153,100019,100,99316,100,100036,100,98740,100,100058,100,98719,100,100060,100,98337,100,100068,100,98295,100
2019-06-28 09:44:10.000000000,99927,311,99895,364,99936,100,99880,100,99937,34,99780,100,99974,100,99688,100,99983,100,99630,100,100019,100,99316,100,100036,100,98740,100,100058,100,98719,100,100060,100,98337,100,100068,100,98295,100
2019-06-28 09:44:11.577294709,99908,100,99895,364,99927,311,99880,100,99936,100,99780,100,99937,34,99688,100,99974,100,99630,100,99983,100,99316,100,100019,100,98740,100,100036,100,98719,100,100058,100,98337,100,100060,100,98295,100
2019-06-28 09:44:19.186403599,99908,100,99895,264,99927,311,99880,100,99936,100,99780,100,99974,100,99688,100,99983,100,99630,100,100019,100,99316,100,100036,100,98740,100,100058,100,98719,100,100060,100,98337,100,100068,100,98295,100
2019-06-28 09:44:20.000000000,99908,232,99880,232,99927,179,99780,232,99936,100,99688,100,99974,100,99630,100,99983,100,99316,100,100019,100,98740,100,100036,100,98719,100,100058,100,98337,100,100060,100,98295,100,100068,100,98235,100
2019-06-28 09:44:28.807075746,99908,232,99880,132,99927,179,99780,232,99936,100,99688,100,99974,100,99630,100,99983,100,99316,100,100019,100,98740,100,100036,100,98719,100,100058,100,98337,100,100060,100,98295,100,100068,100,98228,100
2019-06-28 09:44:30.000000000,99908,232,99780,232,99927,179,99688,232,99936,100,99630,100,99974,100,99316,100,99983,100,98740,100,100019,100,98719,100,100036,100,98337,100,100058,100,98295,100,100060,100,98228,100,100068,100,98193,100
2019-06-28 09:44:31.197168058,99908,232,99780,232,99927,179,99688,232,99936,100,99630,100,99974,100,99316,100,99983,100,98740,100,100019,100,98719,100,100036,100,98367,100,100058,100,98337,100,100060,100,98295,100,100068,100,98228,100
2019-06-28 09:44:40.000000000,99908,364,99780,364,99927,47,99688,100,99936,100,99630,100,99974,100,99316,100,99983,100,98740,100,100019,100,98719,100,100036,100,98367,100,100058,100,98337,100,100060,100,98295,100,100068,100,98228,100
2019-06-28 09:44:44.113413970,99908,364,99780,364,99927,47,99688,100,99974,100,99630,100,99983,100,99316,100,100019,100,98740,100,100036,100,98719,100,100058,100,98367,100,100060,100,98337,100,100068,100,98295,100,100084,100,98228,100
2019-06-28 09:44:50.000000000,99908,153,99780,153,99927,100,99688,153,99974,153,99630,153,99983,153,99316,153,100019,153,98740,153,100036,100,98719,100,100058,100,98367,100,100060,100,98337,100,100068,100,98295,100,100084,100,98228,100
2019-06-28 09:44:57.811310220,99895,100,99780,153,99908,153,99688,153,99927,100,99630,153,99974,153,99316,153,99983,153,98740,153,100019,153,98719,100,100036,100,98367,100,100058,100,98337,100,100060,100,98295,100,100068,100,98228,100
2019-06-28 09:45:00.000000000,99895,190,99780,190,99908,187,99688,187,99927,134,99630,187,99974,100,99316,100,99983,100,98740,100,100019,100,98719,100,100036,100,98367,100,100058,100,98337,100,100060,100,98295,100,100068,100,98228,100
2019-06-28 09:45:04.155672004,99895,190,99780,190,99908,187,99688,187,99927,134,99630,187,99974,100,99316,100,99983,100,98740,100,100019,100,98719,100,100036,100,98700,100,100058,100,98367,100,100068,100,98337,100,100084,100,98295,100
2019-06-28 09:45:06.637371386,99895,190,99780,90,99908,187,99688,187,99927,134,99630,87,99974,100,99316,100,99983,100,98740,100,100019,100,98719,100,100036,100,98700,100,100058,100,98367,100,100068,100,98337,100,100084,100,98295,100
2019-06-28 09:45:10.000000000,99895,190,99688,190,99908,187,99316,187,99927,134,98740,187,99974,100,98719,100,99983,100,98700,100,100019,100,98367,100,100036,100,98337,100,100058,100,98295,100,100068,100,98228,100,100084,100,98193,100
2019-06-28 09:45:17.683433767,99880,100,99688,190,99895,190,99316,187,99908,187,98740,187,99927,134,98719,100,99974,100,98700,100,99983,100,98367,100,100019,100,98337,100,100036,100,98295,100,100058,100,98228,100,100068,100,98193,100
2019-06-28 09:45:20.000000000,99880,166,99688,166,99895,166,99316,166,99908,166,98740,166,99927,113,98719,166,99974,100,98700,100,99983,100,98367,100,100019,100,98337,100,100036,100,98295,100,100058,100,98228,100,100068,100,98193,100
2019-06-28 09:45:30.000000000,99880,364,99688,364,99895,100,99316,100,99908,100,98740,100,99927,47,98719,100,99974,100,98700,100,99983,100,98367,100,100019,100,98337,100,100036,100,98295,100,100058,100,98228,100,100068,100,98193,100
2019-06-28 09:45:40.000000000,99880,153,99688,153,99895,153,99316,153,99908,153,98740,153,99927,100,98719,153,99974,153,98700,153,99983,100,98367,100,100019,100,98337,100,100036,100,98295,100,100058,100,98228,100,100068,100,98193,100
2019-06-28 09:45:50.000000000,99880,166,99688,166,99895,166,99316,166,99908,166,98740,166,99927,113,98719,166,99974,100,98700,100,99983,100,98367,100,100019,100,98337,100,100036,100,98295,100,100058,100,98228,100,100068,100,98193,100
2019-06-28 09:46:00.000000000,99880,153,99688,153,99895,153,99316,153,99908,153,98740,153,99927,100,98719,153,99974,153,98700,153,99983,100,98367,100,100019,100,98337,100,100036,100,98295,100,100058,100,98228,100,100068,100,98193,100
2019-06-28 09:46:09.454279441,99880,153,99688,153,99895,153,99316,153,99908,153,98740,153,99927,100,98719,153,99974,153,98700,153,99983,100,98367,100,100019,100,98337,100,100036,100,98295,100,100058,100,98228,100,100068,100,98193,100
2019-06-28 09:46:10.000000000,99880,364,99688,364,99895,100,99316,100,99908,100,98740,100,99927,47,98719,100,99974,100,98700,100,99983,100,98367,100,100019,100,98337,100,100036,100,98295,100,100058,100,98228,100,100068,100,98193,100
2019-06-28 09:46:13.934364274,99880,364,99688,364,99895,100,99316,100,99908,100,98740,100,99927,47,98719,100,99974,100,98700,100,99983,100,98367,100,100019,100,98337,100,100036,100,98295,100,100058,100,98228,100,100068,100,98193,100
2019-06-28 09:46:15.801063062,99880,264,99688,364,99895,100,99316,100,99908,100,98740,100,99927,47,98719,100,99974,100,98700,100,99983,100,98367,100,100019,100,98337,100,100036,100,98295,100,100058,100,98228,100,100068,100,98193,100
2019-06-28 09:46:20.000000000,99895,364,99688,364,99908,100,99316,100,99927,47,98740,100,99974,100,98719,100,99983,100,98700,100,100019,100,98367,100,100036,100,98337,100,100058,100,98295,100,100068,100,98228,100,100084,100,98193,100
2019-06-28 09:46:26.889867376,99895,364,99688,364,99908,100,99316,100,99927,47,98740,100,99974,100,98719,100,99983,100,98700,100,100019,100,98367,100,100036,100,98337,100,100058,100,98295,100,100068,100,98228,100,100077,100,98193,100
2019-06-28 09:46:30.000000000,99895,166,99688,166,99908,166,99316,166,99927,113,98740,166,99974,166,98719,166,99983,100,98700,100,100019,100,98367,100,100036,100,98337,100,100058,100,98295,100,100068,100,98228,100,100077,100,98193,100
2019-06-28 09:46:39.022249554,99895,166,99781,100,99908,166,99688,166,99927,113,99316,166,99974,166,98740,166,99983,100,98719,166,100019,100,98700,100,100036,100,98367,100,100058,100,98337,100,100068,100,98295,100,100077,100,98228,100
2019-06-28 09:46:40.000000000,99895,153,99781,153,99908,153,99688,153,99927,100,99316,153,99974,153,98740,153,99983,153,98719,153,100019,100,98700,100,100036,100,98367,100,100058,100,98337,100,100068,100,98295,100,100077,100,98228,100
2019-06-28 09:46:41.716812647,99895,153,99781,153,99908,153,99688,153,99927,100,99316,153,99974,153,98740,153,99983,153,98719,153,100019,100,98700,100,100036,100,98367,100,100058,100,98337,100,100068,100,98295,100,100077,100,98228,100
2019-06-28 09:46:42.684002499,99895,153,99781,253,99908,153,99688,153,99927,100,99316,153,99974,53,98740,153,99983,153,98719,153,100019,100,98700,100,100036,100,98367,100,100058,100,98337,100,100068,100,98295,100,100077,100,98228,100
2019-06-28 09:46:43.357608650,99895,153,99781,253,99908,153,99688,153,99927,100,99316,153,99974,53,98740,153,99983,153,98719,153,100019,100,98700,100,100036,100,98367,100,100058,100,98337,100,100068,100,98295,100,100077,100,98228,100
2019-06-28 09:46:50.000000000,99895,232,99781,332,99908,232,99688,232,99927,47,99316,100,99983,100,98740,100,100019,100,98719,100,100036,100,98700,100,100058,100,98367,100,100068,100,98337,100,100077,100,98295,100,100084,100,98228,100
2019-06-28 09:47:00.000000000,99895,166,99781,266,99908,166,99688,166,99927,113,99316,166,99983,166,98740,166,100019,100,98719,100,100036,100,98700,100,100058,100,98367,100,100068,100,98337,100,100077,100,98295,100,100084,100,98228,100
2019-06-28 09:47:10.000000000,99895,166,99781,266,99908,166,99688,166,99927,113,99316,166,99983,166,98740,166,100019,100,98719,100,100036,100,98700,100,100058,100,98367,100,100068,100,98337,100,100077,100,98295,100,100084,100,98228,100
2019-06-28 09:47:20.000000000,99895,166,99781,266,99908,166,99688,166,99927,113,99316,166,99983,166,98740,166,100019,100,98719,100,100036,100,98700,100,100058,100,98367,100,100068,100,98337,100,100077,100,98295,100,100084,100,98228,100
2019-06-28 09:47:24.529414999,99895,166,99781,366,99908,166,99688,166,99927,113,99316,166,99983,166,98740,166,100019,100,98719,100,100036,100,98700,100,100058,100,98367,100,100068,100,98337,100,100077,100,98295,100,100084,100,98228,100
2019-06-28 09:47:30.000000000,99895,190,99781,390,99908,187,99688,187,99927,134,99316,187,99983,100,98740,100,100019,100,98719,100,100036,100,98700,100,100058,100,98367,100,100068,100,98337,100,100077,100,98295,100,100084,100,98228,100
2019-06-28 09:47:40.000000000,99895,190,99781,390,99908,187,99688,187,99927,134,99316,187,99983,100,98740,100,100019,100,98719,100,100036,100,98700,100,100058,100,98367,100,100068,100,98337,100,100077,100,98295,100,100084,100,98228,100
2019-06-28 09:47:50.000000000,99895,364,99781,564,99908,100,99688,100,99927,47,99316,100,99983,100,98740,100,100019,100,98719,100,100036,100,98700,100,100058,100,98367,100,100068,100,98337,100,100077,100,98295,100,100084,100,98228,100
2019-06-28 09:47:55.326863664,99895,264,99781,564,99908,100,99688,100,99927,47,99316,100,99983,100,98740,100,100019,100,98719,100,100036,100,98700,100,100058,100,98367,100,100068,100,98337,100,100077,100,98295,100,100084,100,98228,100
2019-06-28 09:48:00.000000000,99908,190,99781,390,99927,134,99688,187,99983,187,99316,187,100019,100,98740,100,100036,100,98719,100,100058,100,98700,100,100068,100,98367,100,100077,100,98337,100,100084,100,98295,100,100105,100,98228,100
2019-06-28 09:48:10.000000000,99908,153,99781,353,99927,100,99688,153,99983,153,99316,153,100019,153,98740,153,100036,153,98719,153,100058,100,98700,100,100068,100,98367,100,100077,100,98337,100,100084,100,98295,100,100105,100,98228,100
2019-06-28 09:48:20.000000000,99908,364,99781,564,99927,47,99688,100,99983,100,99316,100,100019,100,98740,100,100036,100,98719,100,100058,100,98700,100,100068,100,98367,100,100077,100,98337,100,100084,100,98295,100,100105,100,98228,100
2019-06-28 09:48:22.133406816,99845,100,99781,564,99908,364,99316,100,99927,47,98740,100,99983,100,98719,100,100019,100,98700,100,100036,100,98367,100,100058,100,98337,100,100068,100,98295,100,100077,100,98228,100,100084,100,98193,100
2019-06-28 09:48:29.963416752,99845,100,99781,564,99908,364,99316,100,99927,47,98740,100,99962,100,98719,100,99983,100,98700,100,100019,100,98367,100,100036,100,98337,100,100058,100,98295,100,100068,100,98228,100,100077,100,98193,100
2019-06-28 09:48:30.000000000,99845,364,99781,564,99908,100,99316,100,99927,47,98740,100,99962,100,98719,100,99983,100,98700,100,100019,100,98367,100,100036,100,98337,100,100058,100,98295,100,100068,100,98228,100,100077,100,98193,100
2019-06-28 09:48:30.670077153,99845,364,99781,564,99888,100,99316,100,99908,100,98740,100,99927,47,98719,100,99962,100,98700,100,99983,100,98367,100,100019,100,98337,100,100036,100,98295,100,100058,100,98228,100,100068,100,98193,100
2019-06-28 09:48:40.000000000,99845,153,99781,353,99888,153,99316,153,99908,153,98740,153,99927,100,98719,153,99962,153,98700,153,99983,100,98367,100,100019,100,98337,100,100036,100,98295,100,100058,100,98228,100,100068,100,98193,100
2019-06-28 09:48:50.000000000,99845,166,99781,366,99888,166,99316,166,99908,166,98740,166,99927,113,98719,166,99962,100,98700,100,99983,100,98367,100,100019,100,98337,100,100036,100,98295,100,100058,100,98228,100,100068,100,98193,100
2019-06-28 09:49:00.000000000,99845,232,99781,432,99888,232,99316,232,99908,100,98740,100,99927,47,98719,100,99962,100,98700,100,99983,100,98367,100,100019,100,98337,100,100036,100,98295,100,100058,100,98228,100,100068,100,98193,100
2019-06-28 09:49:03.820877799,99845,232,99781,432,99888,232,99316,232,99897,100,98740,100,99908,100,98719,100,99927,47,98367,100,99962,100,98337,100,99983,100,98295,100,100019,100,98228,100,100036,100,98193,100,100058,100,98170,100
2019-06-28 09:49:10.000000000,99845,364,99781,564,99888,100,99316,100,99897,100,98740,100,99908,100,98719,100,99927,47,98367,100,99962,100,98337,100,99983,100,98295,100,100019,100,98228,100,100036,100,98193,100,100058,100,98170,100
2019-06-28 09:49:17.674417742,99845,364,99781,464,99888,100,99316,100,99897,100,98740,100,99908,100,98719,100,99927,47,98367,100,99962,100,98337,100,99983,100,98295,100,100019,100,98228,100,100036,100,98193,100,100058,100,98170,100
2019-06-28 09:49:20.000000000,99845,232,99781,332,99888,232,99316,232,99897,100,98740,100,99908,100,98719,100,99927,47,98367,100,99962,100,98337,100,99983,100,98295,100,100019,100,98228,100,100036,100,98193,100,100058,100,98170,100
2019-06-28 09:49:30.000000000,99845,232,99781,332,99888,232,99316,232,99897,100,98740,100,99908,100,98719,100,99927,47,98367,100,99962,100,98337,100,99983,100,98295,100,100019,100,98228,100,100036,100,98193,100,100058,100,98170,100
2019-06-28 09:49:30.974789226,99845,232,99781,332,99888,232,99316,232,99897,100,98740,100,99908,100,98719,100,99927,47,98367,100,99962,100,98337,100,99972,100,98295,100,99983,100,98228,100,100019,100,98193,100,100058,100,98170,100
2019-06-28 09:49:40.000000000,99845,153,99781,253,99888,153,99316,153,99897,153,98740,153,99908,153,98719,153,99927,100,98367,153,99962,100,98337,100,99972,100,98295,100,99983,100,98228,100,100019,100,98193,100,100058,100,98170,100
2019-06-28 09:49:50.000000000,99845,232,99781,332,99888,232,99316,232,99897,100,98740,100,99908,100,98719,100,99927,47,98367,100,99962,100,98337,100,99972,100,98295,100,99983,100,98228,100,100019,100,98193,100,100058,100,98170,100
2019-06-28 09:49:57.516891594,99845,132,99781,332,99888,232,99316,232,99897,100,98740,100,99908,100,98719,100,99927,47,98367,100,99962,100,98337,100,99972,100,98295,100,99983,100,98228,100,100019,100,98193,100,100058,100,98170,100
2019-06-28 09:50:00.000000000,99888,166,99781,266,99897,166,99316,166,99908,166,98740,166,99927,113,98719,166,99962,100,98367,100,99972,100,98337,100,99983,100,98295,100,100019,100,98228,100,100058,100,98193,100,100068,100,98170,100
2019-06-28 09:50:10.000000000,99888,166,99781,266,99897,166,99316,166,99908,166,98740,166,99927,113,98719,166,99962,100,98367,100,99972,100,98337,100,99983,100,98295,100,100019,100,98228,100,100058,100,98193,100,100068,100,98170,100
2019-06-28 09:50:19.604277494,99888,166,99845,100,99897,166,99781,266,99908,166,99316,166,99927,113,98740,166,99962,100,98719,166,99972,100,98367,100,99983,100,98337,100,100019,100,98295,100,100058,100,98228,100,100068,100,98193,100
2019-06-28 09:50:20.000000000,99888,166,99845,166,99897,166,99781,266,99908,166,99316,166,99927,113,98740,166,99962,100,98719,100,99972,100,98367,100,99983,100,98337,100,100019,100,98295,100,100058,100,98228,100,100068,100,98193,100
2019-06-28 09:50:24.533550152,99888,166,99845,166,99897,66,99781,266,99908,166,99316,166,99927,113,98740,166,99962,100,98719,100,99972,100,98367,100,99983,100,98337,100,100005,100,98295,100,100019,100,98228,100,100058,100,98193,100
2019-06-28 09:50:25.108978848,99888,166,99845,166,99897,66,99781,266,99908,166,99316,166,99927,113,98740,166,99962,100,98719,100,99972,100,98367,100,99983,100,98337,100,100005,100,98295,100,100019,100,98228,100,100058,100,98170,100
2019-06-28 09:50:30.000000000,99888,364,99845,364,99908,100,99781,200,99927,47,99316,100,99962,100,98740,100,99972,100,98719,100,99983,100,98367,100,100005,100,98337,100,100019,100,98295,100,100058,100,98228,100,100068,100,98170,100
2019-06-28 09:50:32.606998667,99888,264,99845,364,99908,100,99781,200,99927,47,99316,100,99962,100,98740,100,99972,100,98719,100,99983,100,98367,100,100005,100,98337,100,100019,100,98295,100,100058,100,98228,100,100068,100,98170,100
2019-06-28 09:50:40.000000000,99908,232,99845,232,99927,179,99781,332,99962,100,99316,100,99972,100,98740,100,99983,100,98719,100,100005,100,98367,100,100019,100,98337,100,100058,100,98295,100,100068,100,98228,100,100077,100,98170,100
2019-06-28 09:50:50.000000000,99908,166,99845,166,99927,113,99781,266,99962,166,99316,166,99972,166,98740,166,99983,100,98719,100,100005,100,98367,100,100019,100,98337,100,100058,100,98295,100,100068,100,98228,100,100077,100,98170,100
2019-06-28 09:50:51.702549114,99908,166,99846,100,99927,113,99845,166,99962,166,99781,166,99972,166,99316,166,99983,100,98740,166,100005,100,98719,100,100019,100,98367,100,100058,100,98337,100,100068,100,98295,100,100077,100,98228,100
2019-06-28 09:51:00.000000000,99908,232,99846,232,99927,179,99845,232,99962,100,99781,100,99972,100,99316,100,99983,100,98740,100,100005,100,98719,100,100019,100,98367,100,100058,100,98337,100,100068,100,98295,100,100077,100,98228,100
2019-06-28 09:51:06.732045649,99908,232,99846,332,99927,179,99845,232,99962,100,99781,100,99972,100,99316,100,99983,100,98740,100,100005,100,98719,100,100019,100,98367,100,100058,100,98337,100,100068,100,98295,100,100077,100,98228,100
2019-06-28 09:51:10.000000000,99908,153,99846,253,99927,100,99845,153,99962,153,99781,153,99972,153,99316,153,99983,153,98740,153,100005,100,98719,100,100019,100,98367,100,100058,100,98337,100,100068,100,98295,100,100077,100,98228,100
2019-06-28 09:51:16.910334570,99908,153,99846,253,99920,100,99845,153,99927,100,99781,153,99962,153,99316,153,99972,153,98740,153,99983,153,98719,100,100005,100,98367,100,100019,100,98337,100,100058,100,98295,100,100068,100,98228,100
2019-06-28 09:51:17.527571592,99908,153,99846,253,99920,100,99845,153,99927,100,99781,153,99962,153,99316,153,99972,153,98740,153,99983,153,98719,100,99999,100,98367,100,100005,100,98295,100,100019,100,98228,100,100058,100,98170,100
2019-06-28 09:51:20.000000000,99908,232,99846,332,99920,232,99845,232,99927,47,99781,100,99962,100,99316,100,99972,100,98740,100,99983,100,98719,100,99999,100,98367,100,100005,100,98295,100,100019,100,98228,100,100058,100,98170,100
2019-06-28 09:51:30.000000000,99908,232,99846,332,99920,232,99845,232,99927,47,99781,100,99962,100,99316,100,99972,100,98740,100,99983,100,98719,100,99999,100,98367,100,100005,100,98295,100,100019,100,98228,100,100058,100,98170,100
2019-06-28 09:51:35.656295118,99908,232,99846,332,99920,232,99845,232,99927,47,99781,100,99962,100,99316,100,99972,100,98740,100,99983,100,98719,100,99999,100,98367,100,100005,100,98295,100,100019,100,98228,100,100058,100,98170,100
2019-06-28 09:51:37.617983904,99908,132,99846,332,99920,232,99845,232,99927,47,99781,100,99962,100,99316,100,99972,100,98740,100,99983,100,98719,100,99999,100,98367,100,100005,100,98295,100,100019,100,98228,100,100058,100,98170,100
2019-06-28 09:51:40.000000000,99920,232,99846,332,99927,179,99845,232,99962,100,99781,100,99972,100,99316,100,99983,100,98740,100,99999,100,98719,100,100005,100,98367,100,100019,100,98295,100,100058,100,98228,100,100068,100,98170,100
2019-06-28 09:51:50.000000000,99920,166,99846,266,99927,113,99845,166,99962,166,99781,166,99972,166,99316,166,99983,100,98740,100,99999,100,98719,100,100005,100,98367,100,100019,100,98295,100,100058,100,98228,100,100068,100,98170,100
2019-06-28 09:51:56.899648161,99920,166,99888,100,99927,113,99846,266,99962,166,99845,166,99972,166,99781,166,99983,100,99316,166,99999,100,98740,100,100005,100,98719,100,100019,100,98367,100,100058,100,98295,100,100068,100,98228,100
2019-06-28 09:52:00.000000000,99920,190,99888,190,99927,134,99846,287,99962,187,99845,187,99972,100,99781,100,99983,100,99316,100,99999,100,98740,100,100005,100,98719,100,100019,100,98367,100,100058,100,98295,100,100068,100,98228,100
2019-06-28 09:52:10.000000000,99920,153,99888,153,99927,100,99846,253,99962,153,99845,153,99972,153,99781,153,99983,153,99316,153,99999,100,98740,100,100005,100,98719,100,100019,100,98367,100,100058,100,98295,100,100068,100,98228,100
2019-06-28 09:52:20.000000000,99920,153,99888,153,99927,100,99846,253,99962,153,99845,153,99972,153,99781,153,99983,153,99316,153,99999,100,98740,100,100005,100,98719,100,100019,100,98367,100,100058,100,98295,100,100068,100,98228,100
2019-06-28 09:52:30.000000000,99920,232,99888,232,99927,179,99846,332,99962,100,99845,100,99972,100,99781,100,99983,100,99316,100,99999,100,98740,100,100005,100,98719,100,100019,100,98367,100,100058,100,98295,100,100068,100,98228,100
2019-06-28 09:52:40.000000000,99920,153,99888,153,99927,100,99846,253,99962,153,99845,153,99972,153,99781,153,99983,153,99316,153,99999,100,98740,100,100005,100,98719,100,100019,100,98367,100,100058,100,98295,100,100068,100,98228,100
2019-06-28 09:52:47.226945628,99920,153,99888,53,99927,100,99846,253,99962,153,99845,153,99972,153,99781,153,99983,153,99316,153,99999,100,98740,100,100005,100,98719,100,100019,100,98367,100,100058,100,98295,100,100068,100,98228,100
2019-06-28 09:52:50.000000000,99920,364,99846,464,99927,47,99845,100,99962,100,99781,100,99972,100,99316,100,99983,100,98740,100,99999,100,98719,100,100005,100,98367,100,100019,100,98295,100,100058,100,98228,100,100068,100,98170,100
2019-06-28 09:52:52.882763775,99920,364,99846,364,99927,47,99845,100,99962,100,99781,100,99972,100,99316,100,99983,100,98740,100,99999,100,98719,100,100005,100,98367,100,100019,100,98295,100,100058,100,98228,100,100068,100,98170,100
2019-06-28 09:53:00.000000000,99920,364,99846,364,99927,47,99845,100,99962,100,99781,100,99972,100,99316,100,99983,100,98740,100,99999,100,98719,100,100005,100,98367,100,100019,100,98295,100,100058,100,98228,100,100068,100,98170,100
2019-06-28 09:53:10.000000000,99920,153,99846,153,99927,100,99845,153,99962,153,99781,153,99972,153,99316,153,99983,153,98740,153,99999,100,98719,100,100005,100,98367,100,100019,100,98295,100,100058,100,98228,100,100068,100,98170,100
2019-06-28 09:53:20.000000000,99920,190,99846,190,99927,134,99845,187,99962,187,99781,187,99972,100,99316,100,99983,100,98740,100,99999,100,98719,100,100005,100,98367,100,100019,100,98295,100,100058,100,98228,100,100068,100,98170,100
2019-06-28 09:53:30.000000000,99920,190,99846,190,99927,134,99845,187,99962,187,99781,187,99972,100,99316,100,99983,100,98740,100,99999,100,98719,100,100005,100,98367,100,100019,100,98295,100,100058,100,98228,100,100068,100,98170,100
2019-06-28 09:53:35.419174170,99920,190,99846,90,99927,134,99845,187,99962,187,99781,187,99972,100,99316,100,99983,100,98740,100,99999,100,98719,100,100005,100,98367,100,100019,100,98295,100,100058,100,98228,100,100068,100,98170,100
2019-06-28 09:53:39.189261827,99846,10,99845,187,99920,190,99781,187,99927,134,99316,100,99962,187,98740,100,99972,100,98719,100,99983,100,98367,100,99999,100,98295,100,100005,100,98228,100,100019,100,98170,100,100058,100,98152,100
2019-06-28 09:53:40.000000000,99846,63,99845,153,99920,153,99781,153,99927,100,99316,153,99962,153,98740,153,99972,153,98719,153,99983,100,98367,100,99999,100,98295,100,100005,100,98228,100,100019,100,98170,100,100058,100,98152,100
2019-06-28 09:53:40.838982970,99846,63,99845,53,99920,153,99781,153,99927,100,99316,153,99962,153,98740,153,99972,153,98719,153,99983,100,98367,100,99999,100,98295,100,100005,100,98228,100,100019,100,98170,100,100058,100,98152,100
2019-06-28 09:53:43.539380785,99845,47,99781,153,99846,63,99316,153,99920,153,98740,153,99927,53,98719,153,99962,153,98367,100,99972,153,98295,100,99983,100,98228,100,99999,100,98170,100,100005,100,98152,100,100019,100,98093,100
2019-06-28 09:53:50.000000000,99845,137,99781,190,99846,97,99316,187,99920,187,98740,187,99962,100,98719,100,99972,100,98367,100,99983,100,98295,100,99999,100,98228,100,100005,100,98170,100,100019,100,98152,100,100058,100,98093,100
2019-06-28 09:53:51.582286282,99845,90,99781,190,99846,97,99316,187,99920,187,98948,100,99962,100,98740,187,99972,100,98719,100,99983,100,98367,100,99999,100,98295,100,100005,100,98228,100,100019,100,98170,100,100058,100,98152,100
2019-06-28 09:54:00.000000000,99846,100,99781,190,99920,187,99316,187,99962,187,98948,187,99972,100,98740,100,99983,100,98719,100,99999,100,98367,100,100005,100,98295,100,100019,100,98228,100,100058,100,98170,100,100068,100,98152,100
2019-06-28 09:54:10.000000000,99846,100,99781,190,99920,187,99316,187,99962,187,98948,187,99972,100,98740,100,99983,100,98719,100,99999,100,98367,100,100005,100,98295,100,100019,100,98228,100,100058,100,98170,100,100068,100,98152,100
2019-06-28 09:54:19.204572034,99846,100,99781,90,99920,187,99316,187,99962,187,98948,187,99972,100,98740,100,99983,100,98719,100,99999,100,98367,100,100005,100,98295,100,100019,100,98228,100,100068,100,98170,100,100077,100,98152,100
2019-06-28 09:54:20.000000000,99846,63,99316,153,99920,153,98948,153,99962,153,98740,153,99972,153,98719,153,99983,153,98367,153,99999,100,98295,100,100005,100,98228,100,100019,100,98170,100,100068,100,98152,100,100077,100,98093,100
2019-06-28 09:54:30.000000000,99846,63,99316,153,99920,153,98948,153,99962,153,98740,153,99972,153,98719,153,99983,153,98367,153,99999,100,98295,100,100005,100,98228,100,100019,100,98170,100,100068,100,98152,100,100077,100,98093,100
2019-06-28 09:54:40.000000000,99846,100,99316,190,99920,187,98948,187,99962,187,98740,187,99972,100,98719,100,99983,100,98367,100,99999,100,98295,100,100005,100,98228,100,100019,100,98170,100,100068,100,98152,100,100077,100,98093,100
2019-06-28 09:54:43.869203574,99846,100,99316,190,99920,187,98948,187,99962,187,98740,187,99972,100,98719,100,99983,100,98687,100,99999,100,98367,100,100005,100,98295,100,100019,100,98228,100,100068,100,98170,100,100077,100,98152,100
2019-06-28 09:54:46.226390914,99846,100,99316,90,99920,187,98948,187,99962,187,98740,187,99972,100,98719,100,99983,100,98687,100,99999,100,98367,100,100005,100,98295,100,100019,100,98228,100,100068,100,98170,100,100077,100,98152,100
2019-06-28 09:54:50.000000000,99846,76,98948,166,99920,166,98740,166,99962,166,98719,166,99972,166,98687,166,99983,100,98367,100,99999,100,98295,100,100005,100,98228,100,100019,100,98170,100,100068,100,98152,100,100077,100,98093,100
2019-06-28 09:55:00.000000000,99846,76,98948,166,99920,166,98740,166,99962,166,98719,166,99972,166,98687,166,99983,100,98367,100,99999,100,98295,100,100005,100,98228,100,100019,100,98170,100,100068,100,98152,100,100077,100,98093,100
2019-06-28 09:55:09.481226372,99781,100,98948,166,99846,76,98740,166,99920,166,98719,166,99962,166,98687,166,99972,166,98367,100,99983,100,98295,100,99999,100,98228,100,100005,100,98170,100,100019,100,98152,100,100068,100,98093,100
2019-06-28 09:55:10.000000000,99781,166,98948,166,99846,76,98740,166,99920,166,98719,166,99962,166,98687,166,99972,100,98367,100,99983,100,98295,100,99999,100,98228,100,100005,100,98170,100,100019,100,98152,100,100068,100,98093,100
2019-06-28 09:55:11.740287524,99781,166,98948,66,99846,76,98740,166,99920,166,98719,166,99962,166,98687,166,99972,100,98450,100,99983,100,98367,100,99999,100,98295,100,100005,100,98228,100,100019,100,98170,100,100068,100,98152,100
2019-06-28 09:55:20.000000000,99781,232,98740,232,99846,142,98719,232,99920,100,98687,100,99962,100,98450,100,99972,100,98367,100,99983,100,98295,100,99999,100,98228,100,100005,100,98170,100,100019,100,98152,100,100068,100,98093,100
2019-06-28 09:55:29.396895142,99781,232,98740,232,99846,132,98719,232,99920,100,98687,100,99962,100,98450,100,99972,100,98367,100,99983,100,98345,100,99999,100,98295,100,100005,100,98228,100,100019,100,98170,100,100068,100,98152,100
2019-06-28 09:55:30.000000000,99781,232,98740,232,99920,232,98719,232,99962,100,98687,100,99972,100,98450,100,99983,100,98367,100,99999,100,98345,100,100005,100,98295,100,100019,100,98228,100,100068,100,98170,100,100077,100,98152,100
2019-06-28 09:55:34.129690638,98864,100,98740,232,99781,232,98719,232,99920,232,98687,100,99962,100,98450,100,99972,100,98367,100,99983,100,98345,100,99999,100,98295,100,100005,100,98228,100,100019,100,98170,100,100068,100,98152,100
2019-06-28 09:55:40.000000000,98864,190,98740,190,99781,187,98719,187,99920,187,98687,187,99962,100,98450,100,99972,100,98367,100,99983,100,98345,100,99999,100,98295,100,100005,100,98228,100,100019,100,98170,100,100068,100,98152,100
2019-06-28 09:55:44.887556400,98864,190,98740,190,99781,187,98719,87,99920,187,98687,187,99962,100,98569,100,99972,100,98450,100,99983,100,98367,100,99999,100,98345,100,100005,100,98295,100,100019,100,98228,100,100068,100,98170,100
2019-06-28 09:55:50.000000000,98864,364,98740,364,99781,100,98687,100,99920,100,98569,100,99962,100,98450,100,99972,100,98367,100,99983,100,98345,100,99999,100,98295,100,100005,100,98228,100,100019,100,98170,100,100068,100,98152,100
2019-06-28 09:55:59.063874011,98864,364,98740,264,99781,100,98687,100,99920,100,98569,100,99962,100,98450,100,99972,100,98367,100,99983,100,98345,100,99999,100,98295,100,100005,100,98228,100,100019,100,98170,100,100068,100,98152,100
2019-06-28 09:56:00.000000000,98864,166,98687,166,99781,166,98569,166,99920,166,98450,166,99962,166,98367,166,99972,100,98345,100,99983,100,98295,100,99999,100,98228,100,100005,100,98170,100,100019,100,98152,100,100068,100,98093,100
2019-06-28 09:56:00.634645956,98864,166,98687,166,98906,100,98569,66,99781,166,98450,166,99920,166,98367,166,99962,166,98345,100,99972,100,98295,100,99983,100,98228,100,99999,100,98170,100,100005,100,98152,100,100019,100,98093,100
2019-06-28 09:56:10.000000000,98864,166,98687,166,98906,166,98450,166,99781,166,98367,166,99920,166,98345,166,99962,100,98295,100,99972,100,98228,100,99983,100,98170,100,99999,100,98152,100,100005,100,98093,100,100019,100,97544,100
2019-06-28 09:56:16.572058934,98864,166,98687,166,98906,166,98544,100,99781,166,98450,166,99920,166,98367,166,99962,100,98345,166,99972,100,98295,100,99983,100,98228,100,99999,100,98170,100,100005,100,98152,100,100019,100,98093,100
2019-06-28 09:56:20.000000000,98864,166,98687,166,98906,166,98544,166,99781,166,98450,166,99920,166,98367,166,99962,100,98345,100,99972,100,98295,100,99983,100,98228,100,99999,100,98170,100,100005,100,98152,100,100019,100,98093,100
2019-06-28 09:56:30.000000000,98864,232,98687,232,98906,232,98544,232,99781,100,98450,100,99920,100,98367,100,99962,100,98345,100,99972,100,98295,100,99983,100,98228,100,99999,100,98170,100,100005,100,98152,100,100019,100,98093,100
2019-06-28 09:56:35.527679866,98864,232,98687,132,98906,232,98544,232,99781,100,98450,100,99920,100,98367,100,99962,100,98345,100,99972,100,98295,100,99983,100,98228,100,99999,100,98170,100,100005,100,98152,100,100019,100,98093,100
2019-06-28 09:56:40.000000000,98864,190,98544,190,98906,187,98450,187,99781,187,98367,187,99920,100,98345,100,99962,100,98295,100,99972,100,98228,100,99983,100,98170,100,99999,100,98152,100,100005,100,98093,100,100019,100,97544,100
2019-06-28 09:56:50.000000000,98864,364,98544,364,98906,100,98450,100,99781,100,98367,100,99920,100,98345,100,99962,100,98295,100,99972,100,98228,100,99983,100,98170,100,99999,100,98152,100,100005,100,98093,100,100019,100,97544,100
2019-06-28 09:56:53.535974719,98864,364,98544,264,98906,100,98450,100,99781,100,98367,100,99920,100,98345,100,99962,100,98295,100,99972,100,98228,100,99983,100,98170,100,99999,100,98152,100,100005,100,98093,100,100019,100,97544,100
2019-06-28 09:57:00.000000000,98864,232,98450,232,98906,232,98367,232,99781,100,98345,100,99920,100,98295,100,99962,100,98228,100,99972,100,98170,100,99983,100,98152,100,99999,100,98093,100,100005,100,97544,100,100019,100,,
2019-06-28 09:57:10.000000000,98864,232,98450,232,98906,232,98367,232,99781,100,98345,100,99920,100,98295,100,99962,100,98228,100,99972,100,98170,100,99983,100,98152,100,99999,100,98093,100,100005,100,97544,100,100019,100,,
2019-06-28 09:57:18.124664137,98864,232,98450,232,98906,232,98367,232,99781,100,98345,100,99920,100,98295,100,99962,100,98228,100,99983,100,98170,100,99999,100,98152,100,100005,100,98093,100,100019,100,97963,100,100068,100,97544,100
2019-06-28 09:57:20.000000000,98864,166,98450,166,98906,166,98367,166,99781,166,98345,166,99920,166,98295,166,99962,100,98228,100,99983,100,98170,100,99999,100,98152,100,100005,100,98093,100,100019,100,97963,100,100068,100,97544,100
2019-06-28 09:57:20.487499248,98864,166,98450,66,98906,166,98367,166,99781,166,98345,166,99920,166,98295,166,99962,100,98228,100,99983,100,98170,100,99999,100,98152,100,100005,100,98093,100,100019,100,97544,100,100068,100,,
2019-06-28 09:57:30.000000000,98864,166,98367,166,98906,166,98345,166,99781,166,98295,166,99920,166,98228,166,99962,100,98170,100,99983,100,98152,100,99999,100,98093,100,100005,100,97544,100,100019,100,,,100068,100,,
2019-06-28 09:57:32.056919069,98864,166,98367,166,98906,166,98345,166,99781,166,98295,166,99920,166,98228,166,99962,100,98170,100,99983,100,98152,100,99999,100,98093,100,100005,100,97973,100,100019,100,97544,100,100068,100,,
2019-06-28 09:57:40.000000000,98864,153,98367,153,98906,153,98345,153,99781,153,98295,153,99920,153,98228,153,99962,153,98170,153,99983,100,98152,100,99999,100,98093,100,100005,100,97973,100,100019,100,97544,100,100068,100,,
2019-06-28 09:57:50.000000000,98864,232,98367,232,98906,232,98345,232,99781,100,98295,100,99920,100,98228,100,99962,100,98170,100,99983,100,98152,100,99999,100,98093,100,100005,100,97973,100,100019,100,97544,100,100068,100,,
2019-06-28 09:57:51.336267645,98544,100,98367,232,98864,232,98345,232,98906,232,98295,100,99781,100,98228,100,99920,100,98170,100,99962,100,98152,100,99983,100,98093,100,99999,100,97973,100,100005,100,97544,100,100019,100,,
2019-06-28 09:57:55.053108251,98485,100,98367,232,98544,100,98345,232,98864,232,98295,100,98906,232,98228,100,99781,100,98170,100,99920,100,98152,100,99962,100,98093,100,99983,100,97973,100,99999,100,97544,100,100005,100,,
2019-06-28 09:57:58.238289968,98485,100,98367,132,98544,100,98345,232,98864,232,98295,100,98906,232,98228,100,99781,100,98170,100,99920,100,98152,100,99962,100,98093,100,99983,100,97973,100,99999,100,97544,100,100005,100,,
2019-06-28 09:58:00.000000000,98485,190,98345,190,98544,187,98295,187,98864,187,98228,187,98906,100,98170,100,99781,100,98152,100,99920,100,98093,100,99962,100,97973,100,99983,100,97544,100,99999,100,,,100005,100,,
2019-06-28 09:58:10.000000000,98485,153,98345,153,98544,153,98295,153,98864,153,98228,153,98906,153,98170,153,99781,153,98152,153,99920,100,98093,100,99962,100,97973,100,99983,100,97544,100,99999,100,,,100005,100,,
2019-06-28 09:58:20.000000000,98485,153,98345,153,98544,153,98295,153,98864,153,98228,153,98906,153,98170,153,99781,153,98152,153,99920,100,98093,100,99962,100,97973,100,99983,100,97544,100,99999,100,,,100005,100,,
2019-06-28 09:58:22.460340678,98485,153,98345,153,98544,153,98295,153,98681,100,98228,153,98864,153,98170,153,98906,53,98152,153,99781,153,98093,100,99920,100,97973,100,99962,100,97544,100,99983,100,,,99999,100,,
2019-06-28 09:58:23.784804607,98485,153,98345,153,98533,100,98295,153,98544,153,98228,153,98681,100,98170,153,98864,153,98152,153,98906,53,98093,100,99781,153,97973,100,99920,100,,,99962,100,,,99983,100,,
2019-06-28 09:58:30.000000000,98485,166,98345,166,98533,166,98295,166,98544,166,98228,166,98681,166,98170,166,98864,100,98152,100,99781,100,98093,100,99920,100,97973,100,99962,100,,,99983,100,,,99999,100,,
2019-06-28 09:58:40.000000000,98485,166,98345,166,98533,166,98295,166,98544,166,98228,166,98681,166,98170,166,98864,100,98152,100,99781,100,98093,100,99920,100,97973,100,99962,100,,,99983,100,,,99999,100,,
2019-06-28 09:58:50.000000000,98485,166,98345,166,98533,166,98295,166,98544,166,98228,166,98681,166,98170,166,98864,100,98152,100,99781,100,98093,100,99920,100,97973,100,99962,100,,,99983,100,,,99999,100,,
2019-06-28 09:58:56.560352886,98485,66,98345,166,98533,166,98295,166,98544,166,98228,166,98681,166,98170,166,98864,100,98152,100,99781,100,97973,100,99920,100,,,99962,100,,,99983,100,,,99999,100,,
2019-06-28 09:59:00.000000000,98533,190,98345,190,98544,187,98295,187,98681,187,98228,187,98864,100,98170,100,99781,100,98152,100,99920,100,97973,100,99962,100,,,99983,100,,,99999,100,,,100005,100,,
2019-06-28 09:59:05.360795446,98533,190,98368,100,98544,187,98345,190,98681,187,98295,187,98864,100,98228,187,99781,100,98170,100,99920,100,98152,100,99962,100,97973,100,99983,100,,,99999,100,,,100005,100,,
2019-06-28 09:59:10.000000000,98533,190,98368,190,98544,187,98345,187,98681,187,98295,187,98864,100,98228,100,99781,100,98170,100,99920,100,98152,100,99962,100,97973,100,99983,100,,,99999,100,,,100005,100,,
2019-06-28 09:59:17.817791833,98533,190,98368,90,98544,187,98345,187,98681,187,98295,187,98864,100,98228,100,99781,100,98170,100,99962,100,98152,100,99983,100,97973,100,99999,100,,,100005,100,,,100019,100,,
2019-06-28 09:59:20.000000000,98533,153,98345,153,98544,153,98295,153,98681,153,98228,153,98864,153,98170,153,99781,153,98152,153,99962,100,97973,100,99983,100,,,99999,100,,,100005,100,,,100019,100,,
2019-06-28 09:59:26.367792164,98445,100,98345,153,98533,153,98295,153,98544,153,98228,153,98681,153,98170,153,98864,153,98152,153,99781,153,97973,100,99962,100,,,99983,100,,,99999,100,,,100005,100,,
2019-06-28 09:59:30.000000000,98445,190,98345,190,98533,187,98295,187,98544,187,98228,187,98681,100,98170,100,98864,100,98152,100,99781,100,97973,100,99962,100,,,99983,100,,,99999,100,,,100005,100,,
2019-06-28 09:59:40.000000000,98445,153,98345,153,98533,153,98295,153,98544,153,98228,153,98681,153,98170,153,98864,153,98152,153,99781,100,97973,100,99962,100,,,99983,100,,,99999,100,,,100005,100,,
2019-06-28 09:59:50.000000000,98445,166,98345,166,98533,166,98295,166,98544,166,98228,166,98681,166,98170,166,98864,100,98152,100,99781,100,97973,100,99962,100,,,99983,100,,,99999,100,,,100005,100,,
2019-06-28 09:59:59.160254146,98445,166,98345,166,98484,100,98295,166,98533,166,98228,166,98544,166,98170,166,98681,166,98152,100,98864,100,97973,100,99781,100,,,99962,100,,,99983,100,,,99999,100,,
2019-06-28 10:00:00.000000000,98445,232,98345,232,98484,232,98295,232,98533,100,98228,100,98544,100,98170,100,98681,100,98152,100,98864,100,97973,100,99781,100,,,99962,100,,,99983,100,,,99999,100,,
2019-06-28 10:00:10.000000000,98445,190,98345,190,98484,187,98295,187,98533,187,98228,187,98544,100,98170,100,98681,100,98152,100,98864,100,97973,100,99781,100,,,99962,100,,,99983,100,,,99999,100,,
2019-06-28 10:00:20.000000000,98445,190,98345,190,98484,187,98295,187,98533,187,98228,187,98544,100,98170,100,98681,100,98152,100,98864,100,97973,100,99781,100,,,99962,100,,,99983,100,,,99999,100,,
2019-06-28 10:00:30.000000000,98445,190,98345,190,98484,187,98295,187,98533,187,98228,187,98544,100,98170,100,98681,100,98152,100,98864,100,97973,100,99781,100,,,99962,100,,,99983,100,,,99999,100,,
2019-06-28 10:00:35.235947547,98445,190,98345,190,98484,187,98300,100,98533,187,98295,187,98544,100,98228,187,98681,100,98170,100,98864,100,98152,100,99781,100,97973,100,99962,100,,,99983,100,,,99999,100,,
2019-06-28 10:00:40.000000000,98445,364,98345,364,98484,100,98300,100,98533,100,98295,100,98544,100,98228,100,98681,100,98170,100,98864,100,98152,100,99781,100,97973,100,99962,100,,,99983,100,,,99999,100,,
2019-06-28 10:00:42.123720787,98445,364,98345,364,98533,100,98300,100,98544,100,98295,100,98681,100,98228,100,98864,100,98170,100,99781,100,98152,100,99962,100,97973,100,99983,100,,,99999,100,,,100005,100,,
2019-06-28 10:00:46.068187452,98445,364,98345,364,98484,100,98300,100,98533,100,98295,100,98544,100,98228,100,98681,100,98170,100,98864,100,98152,100,99781,100,97973,100,99962,100,,,99983,100,,,99999,100,,
2019-06-28 10:00:50.000000000,98445,364,98345,364,98484,100,98300,100,98533,100,98295,100,98544,100,98228,100,98681,100,98170,100,98864,100,98152,100,99781,100,97973,100,99962,100,,,99983,100,,,99999,100,,
2019-06-28 10:00:56.755935419,98445,364,98345,364,98484,100,98300,100,98533,100,98295,100,98544,100,98228,100,98550,100,98170,100,98681,100,98152,100,98864,100,97973,100,99781,100,,,99962,100,,,99983,100,,
2019-06-28 10:01:00.000000000,98445,166,98345,166,98484,166,98300,166,98533,166,98295,166,98544,166,98228,166,98550,100,98170,100,98681,100,98152,100,98864,100,97973,100,99781,100,,,99962,100,,,99983,100,,
2019-06-28 10:01:00.364048478,98445,166,98345,166,98484,166,98300,166,98533,66,98295,166,98544,166,98228,166,98550,100,98209,100,98681,100,98170,100,98864,100,98152,100,99781,100,97973,100,99962,100,,,99983,100,,
2019-06-28 10:01:05.979471109,98445,166,98345,66,98484,166,98300,166,98533,66,98295,166,98544,166,98228,166,98550,100,98209,100,98681,100,98170,100,98864,100,98152,100,99781,100,97973,100,99962,100,,,99983,100,,
2019-06-28 10:01:10.000000000,98445,190,98300,190,98484,187,98295,187,98544,187,98228,187,98550,100,98209,100,98681,100,98170,100,98864,100,98152,100,99781,100,97973,100,99962,100,,,99983,100,,,99999,100,,
2019-06-28 10:01:20.000000000,98445,232,98300,232,98484,232,98295,232,98544,100,98228,100,98550,100,98209,100,98681,100,98170,100,98864,100,98152,100,99781,100,97973,100,99962,100,,,99983,100,,,99999,100,,
2019-06-28 10:01:21.299562738,98445,232,98300,132,98484,232,98295,232,98544,100,98228,100,98550,100,98209,100,98681,100,98170,100,98864,100,98152,100,99781,100,97973,100,99962,100,,,99983,100,,,99999,100,,
2019-06-28 10:01:30.000000000,98445,190,98295,190,98484,187,98228,187,98544,187,98209,187,98550,100,98170,100,98681,100,98152,100,98864,100,97973,100,99781,100,,,99962,100,,,99983,100,,,99999,100,,
2019-06-28 10:01:40.000000000,98445,364,98295,364,98484,100,98228,100,98544,100,98209,100,98550,100,98170,100,98681,100,98152,100,98864,100,97973,100,99781,100,,,99962,100,,,99983,100,,,99999,100,,
2019-06-28 10:01:48.035153247,98445,364,98295,364,98484,100,98228,100,98550,100,98209,100,98681,100,98170,100,98864,100,98152,100,99781,100,97973,100,99962,100,,,99983,100,,,99999,100,,,100005,100,,
2019-06-28 10:01:50.000000000,98445,232,98295,232,98484,232,98228,232,98550,100,98209,100,98681,100,98170,100,98864,100,98152,100,99781,100,97973,100,99962,100,,,99983,100,,,99999,100,,,100005,100,,
2019-06-28 10:01:51.612857435,98445,232,98295,132,98484,232,98228,232,98550,100,98209,100,98681,100,98170,100,98864,100,98152,100,99781,100,97973,100,99962,100,,,99983,100,,,99999,100,,,100005,100,,
2019-06-28 10:01:53.374080884,98445,232,98295,32,98484,232,98228,232,98550,100,98209,100,98681,100,98170,100,98864,100,98152,100,99781,100,97973,100,99962,100,,,99983,100,,,99999,100,,,100005,100,,
2019-06-28 10:02:00.000000000,98445,166,98228,166,98484,166,98209,166,98550,166,98170,166,98681,166,98152,166,98864,100,97973,100,99781,100,,,99962,100,,,99983,100,,,99999,100,,,100005,100,,
2019-06-28 10:02:10.000000000,98445,190,98228,190,98484,187,98209,187,98550,187,98170,187,98681,100,98152,100,98864,100,97973,100,99781,100,,,99962,100,,,99983,100,,,99999,100,,,100005,100,,
2019-06-28 10:02:12.154280528,98445,190,98228,90,98484,187,98209,187,98550,187,98170,187,98681,100,98152,100,98864,100,97973,100,99781,100,,,99962,100,,,99983,100,,,99999,100,,,100005,100,,
2019-06-28 10:02:20.000000000,98445,153,98209,153,98484,153,98170,153,98550,153,98152,153,98681,153,97973,153,98864,153,97972,53,99781,100,,,99962,100,,,99983,100,,,99999,100,,,100005,100,,
2019-06-28 10:02:20.318150295,98295,100,98209,153,98445,153,98170,153,98484,153,98152,153,98550,153,97973,153,98681,153,97972,53,98864,153,,,99781,100,,,99962,100,,,99983,100,,,99999,100,,
2019-06-28 10:02:30.000000000,98295,190,98209,190,98445,187,98170,187,98484,187,98152,187,98550,100,97973,100,98681,100,,,98864,100,,,99781,100,,,99962,100,,,99983,100,,,99999,100,,
2019-06-28 10:02:40.000000000,98295,166,98209,166,98445,166,98170,166,98484,166,98152,166,98550,166,97973,166,98681,100,,,98864,100,,,99781,100,,,99962,100,,,99983,100,,,99999,100,,
2019-06-28 10:02:50.000000000,98295,153,98209,153,98445,153,98170,153,98484,153,98152,153,98550,153,97973,153,98681,153,97972,53,98864,100,,,99781,100,,,99962,100,,,99983,100,,,99999,100,,
2019-06-28 10:03:00.000000000,98295,166,98209,166,98445,166,98170,166,98484,166,98152,166,98550,166,97973,166,98681,100,,,98864,100,,,99781,100,,,99962,100,,,99983,100,,,99999,100,,
2019-06-28 10:03:10.000000000,98295,153,98209,153,98445,153,98170,153,98484,153,98152,153,98550,153,97973,153,98681,153,97972,53,98864,100,,,99781,100,,,99962,100,,,99983,100,,,99999,100,,
2019-06-28 10:03:12.237770633,98295,153,98209,153,98445,153,98170,153,98484,153,98152,153,98550,153,97973,153,98681,153,97972,53,98864,100,97162,100,99781,100,,,99962,100,,,99983,100,,,99999,100,,
2019-06-28 10:03:20.000000000,98295,364,98209,364,98445,100,98170,100,98484,100,98152,100,98550,100,97973,100,98681,100,97162,100,98864,100,,,99781,100,,,99962,100,,,99983,100,,,99999,100,,
2019-06-28 10:03:20.107959668,98295,364,98209,364,98445,100,98170,100,98484,100,98152,100,98550,100,97973,100,98681,100,97306,100,98864,100,97162,100,99781,100,,,99962,100,,,99983,100,,,99999,100,,
2019-06-28 10:03:27.044414872,98295,464,98209,364,98445,100,98170,100,98484,100,98152,100,98550,100,97973,100,98681,100,97306,100,98864,100,97162,100,99781,100,,,99962,100,,,99983,100,,,99999,100,,
2019-06-28 10:03:30.000000000,98295,464,98209,364,98445,100,98170,100,98484,100,98152,100,98550,100,97973,100,98681,100,97306,100,98864,100,97162,100,99781,100,,,99962,100,,,99983,100,,,99999,100,,
2019-06-28 10:03:36.541648139,98295,464,98209,264,98445,100,98170,100,98484,100,98152,100,98550,100,97973,100,98681,100,97306,100,98864,100,97162,100,99781,100,,,99962,100,,,99983,100,,,99999,100,,
2019-06-28 10:03:40.000000000,98295,290,98170,190,98445,187,98152,187,98484,187,97973,187,98550,100,97306,100,98681,100,97162,100,98864,100,,,99781,100,,,99962,100,,,99983,100,,,99999,100,,
2019-06-28 10:03:50.000000000,98295,266,98170,166,98445,166,98152,166,98484,166,97973,166,98550,166,97306,166,98681,100,97162,100,98864,100,,,99781,100,,,99962,100,,,99983,100,,,99999,100,,
2019-06-28 10:03:56.842897468,98295,266,98170,66,98445,166,98152,166,98484,166,97973,166,98550,166,97306,166,98681,100,97162,100,98864,100,,,99781,100,,,99962,100,,,99983,100,,,99999,100,,
2019-06-28 10:03:59.956261137,98295,266,98170,66,98445,166,98152,166,98484,166,97973,166,98550,166,97476,100,98681,100,97306,166,98864,100,97162,100,99781,100,,,99962,100,,,99983,100,,,99999,100,,
2019-06-28 10:04:00.000000000,98295,290,98152,190,98445,187,97973,187,98484,187,97476,187,98550,100,97306,100,98681,100,97162,100,98864,100,,,99781,100,,,99962,100,,,99983,100,,,99999,100,,
2019-06-28 10:04:10.000000000,98295,290,98152,190,98445,187,97973,187,98484,187,97476,187,98550,100,97306,100,98681,100,97162,100,98864,100,,,99781,100,,,99962,100,,,99983,100,,,99999,100,,
2019-06-28 10:04:20.000000000,98295,266,98152,166,98445,166,97973,166,98484,166,97476,166,98550,166,97306,166,98681,100,97162,100,98864,100,,,99781,100,,,99962,100,,,99983,100,,,99999,100,,
2019-06-28 10:04:26.998111766,98209,100,98152,166,98295,266,97973,166,98445,166,97476,166,98484,166,97306,166,98550,166,97162,100,98681,100,,,98864,100,,,99781,100,,,99962,100,,,99983,100,,
2019-06-28 10:04:30.000000000,98209,153,98152,153,98295,253,97973,153,98445,153,97476,153,98484,153,97306,153,98550,153,97162,153,98681,100,,,98864,100,,,99781,100,,,99962,100,,,99983,100,,
2019-06-28 10:04:34.383060286,98209,153,98152,53,98295,253,97973,153,98445,153,97476,153,98484,153,97306,153,98550,153,97162,153,98681,100,,,98864,100,,,99781,100,,,99962,100,,,99983,100,,
2019-06-28 10:04:40.000000000,98209,364,97973,364,98295,200,97476,100,98445,100,97306,100,98484,100,97162,100,98550,100,,,98681,100,,,98864,100,,,99781,100,,,99962,100,,,99983,100,,
2019-06-28 10:04:41.995291579,98209,364,97973,364,98295,200,97476,100,98445,100,97306,100,98484,100,97162,100,98550,100,,,98681,100,,,98864,100,,,99781,100,,,99962,100,,,99999,100,,
2019-06-28 10:04:50.000000000,98209,364,97973,364,98295,200,97476,100,98445,100,97306,100,98484,100,97162,100,98550,100,,,98681,100,,,98864,100,,,99781,100,,,99962,100,,,99999,100,,
2019-06-28 10:05:00.000000000,98209,166,97973,166,98295,266,97476,166,98445,166,97306,166,98484,166,97162,166,98550,100,,,98681,100,,,98864,100,,,99781,100,,,99962,100,,,99999,100,,
2019-06-28 10:05:10.000000000,98209,166,97973,166,98295,266,97476,166,98445,166,97306,166,98484,166,97162,166,98550,100,,,98681,100,,,98864,100,,,99781,100,,,99962,100,,,99999,100,,
2019-06-28 10:05:20.000000000,98209,364,97973,364,98295,200,97476,100,98445,100,97306,100,98484,100,97162,100,98550,100,,,98681,100,,,98864,100,,,99781,100,,,99962,100,,,99999,100,,
2019-06-28 10:05:30.000000000,98209,166,97973,166,98295,266,97476,166,98445,166,97306,166,98484,166,97162,166,98550,100,,,98681,100,,,98864,100,,,99781,100,,,99962,100,,,99999,100,,
2019-06-28 10:05:38.977170811,98209,166,97973,66,98295,266,97476,166,98445,166,97306,166,98484,166,97162,166,98550,100,,,98681,100,,,98864,100,,,99781,100,,,99962,100,,,99999,100,,
2019-06-28 10:05:40.000000000,98209,190,97476,190,98295,287,97306,187,98445,187,97162,187,98484,100,,,98550,100,,,98681,100,,,98864,100,,,99781,100,,,99962,100,,,99999,100,,
2019-06-28 10:05:50.000000000,98209,232,97476,232,98295,332,97306,232,98445,100,97162,100,98484,100,,,98550,100,,,98681,100,,,98864,100,,,99781,100,,,99962,100,,,99999,100,,
2019-06-28 10:06:00.000000000,98209,364,97476,364,98295,200,97306,100,98445,100,97162,100,98484,100,,,98550,100,,,98681,100,,,98864,100,,,99781,100,,,99962,100,,,99999,100,,
2019-06-28 10:06:10.000000000,98209,364,97476,364,98295,200,97306,100,98445,100,97162,100,98484,100,,,98550,100,,,98681,100,,,98864,100,,,99781,100,,,99962,100,,,99999,100,,
2019-06-28 10:06:17.961546020,97959,100,97476,364,98209,364,97306,100,98295,200,97162,100,98445,100,,,98484,100,,,98550,100,,,98681,100,,,98864,100,,,99781,100,,,99962,100,,
2019-06-28 10:06:20.000000000,97959,166,97476,166,98209,166,97306,166,98295,266,97162,166,98445,166,97161,66,98484,100,,,98550,100,,,98681,100,,,98864,100,,,99781,100,,,99962,100,,
2019-06-28 10:06:30.000000000,97959,190,97476,190,98209,187,97306,187,98295,287,97162,187,98445,100,,,98484,100,,,98550,100,,,98681,100,,,98864,100,,,99781,100,,,99962,100,,
2019-06-28 10:06:40.000000000,97959,190,97476,190,98209,187,97306,187,98295,287,97162,187,98445,100,,,98484,100,,,98550,100,,,98681,100,,,98864,100,,,99781,100,,,99962,100,,
2019-06-28 10:06:42.816141788,97959,90,97476,190,98209,187,97306,187,98295,287,97162,187,98445,100,,,98484,100,,,98550,100,,,98681,100,,,98864,100,,,99781,100,,,99962,100,,
2019-06-28 10:06:46.105842521,98209,187,97959,10,98295,287,97476,190,98445,100,97306,187,98484,100,97162,187,98550,100,,,98681,100,,,98864,100,,,99781,100,,,99962,100,,,99999,100,,
2019-06-28 10:06:50.000000000,98209,153,97959,63,98295,253,97476,153,98445,153,97306,153,98484,153,97162,153,98550,153,97161,53,98681,100,,,98864,100,,,99781,100,,,99962,100,,,99999,100,,
2019-06-28 10:06:51.399960973,98209,53,97959,63,98295,253,97476,153,98445,153,97306,153,98484,153,97162,153,98550,153,97161,53,98681,100,,,98864,100,,,99781,100,,,99962,100,,,99999,100,,
2019-06-28 10:07:00.000000000,98295,464,97959,274,98445,100,97476,100,98484,100,97306,100,98550,100,97162,100,98681,100,,,98864,100,,,99781,100,,,99962,100,,,99999,100,,,100005,100,,
2019-06-28 10:07:10.000000000,98295,464,97959,274,98445,100,97476,100,98484,100,97306,100,98550,100,97162,100,98681,100,,,98864,100,,,99781,100,,,99962,100,,,99999,100,,,100005,100,,
2019-06-28 10:07:17.156216279,98295,464,98209,100,98445,100,97959,274,98484,100,97476,100,98550,100,97306,100,98681,100,97162,100,98864,100,,,99781,100,,,99962,100,,,99999,100,,,100005,100,,
2019-06-28 10:07:20.000000000,98295,266,98209,166,98445,166,97959,76,98484,166,97476,166,98550,166,97306,166,98681,100,97162,100,98864,100,,,99781,100,,,99962,100,,,99999,100,,,100005,100,,
2019-06-28 10:07:25.053596048,98295,166,98209,166,98445,166,97959,76,98484,166,97476,166,98550,166,97306,166,98681,100,97162,100,98864,100,,,99781,100,,,99962,100,,,99999,100,,,100005,100,,
2019-06-28 10:07:30.000000000,98295,153,98209,153,98445,153,97959,63,98484,153,97476,153,98550,153,97306,153,98681,153,97162,153,98864,100,,,99781,100,,,99962,100,,,99999,100,,,100005,100,,
2019-06-28 10:07:40.000000000,98295,153,98209,153,98445,153,97959,63,98484,153,97476,153,98550,153,97306,153,98681,153,97162,153,98864,100,,,99781,100,,,99962,100,,,99999,100,,,100005,100,,
2019-06-28 10:07:44.416232441,98295,53,98209,153,98445,153,97959,63,98484,153,97476,153,98550,153,97306,153,98681,153,97162,153,98864,100,,,99781,100,,,99962,100,,,99999,100,,,100005,100,,
2019-06-28 10:07:50.000000000,98445,232,98209,232,98484,232,97959,142,98550,100,97476,100,98681,100,97306,100,98864,100,97162,100,99781,100,,,99962,100,,,99999,100,,,100005,100,,,100077,100,,
2019-06-28 10:08:00.000000000,98445,190,98209,190,98484,187,97959,97,98550,187,97476,187,98681,100,97306,100,98864,100,97162,100,99781,100,,,99962,100,,,99999,100,,,100005,100,,,100077,100,,
2019-06-28 10:08:03.489100078,98445,90,98209,190,98484,187,97959,97,98550,187,97476,187,98681,100,97306,100,98864,100,97162,100,99781,100,,,99962,100,,,99999,100,,,100005,100,,,100077,100,,
2019-06-28 10:08:04.269910128,98445,90,98295,100,98484,187,98209,190,98550,187,97959,97,98681,100,97476,187,98864,100,97306,100,99781,100,97162,100,99962,100,,,99999,100,,,100005,100,,,100077,100,,
2019-06-28 10:08:10.000000000,98484,166,98295,166,98550,166,98209,166,98681,166,97959,76,98864,166,97476,166,99781,100,97306,100,99962,100,97162,100,99999,100,,,100005,100,,,100077,100,,,100084,100,,
2019-06-28 10:08:11.959147073,98484,166,98295,166,98550,166,98209,166,98666,100,97959,76,98681,166,97476,166,98864,166,97306,100,99781,100,97162,100,99962,100,,,99999,100,,,100005,100,,,100077,100,,
2019-06-28 10:08:20.000000000,98484,364,98295,364,98550,100,98209,100,98666,100,97959,10,98681,100,97476,100,98864,100,97306,100,99781,100,97162,100,99962,100,,,99999,100,,,100005,100,,,100077,100,,
2019-06-28 10:08:30.000000000,98484,190,98295,190,98550,187,98209,187,98666,187,97959,97,98681,100,97476,100,98864,100,97306,100,99781,100,97162,100,99962,100,,,99999,100,,,100005,100,,,100077,100,,
2019-06-28 10:08:40.000000000,98484,364,98295,364,98550,100,98209,100,98666,100,97959,10,98681,100,97476,100,98864,100,97306,100,99781,100,97162,100,99962,100,,,99999,100,,,100005,100,,,100077,100,,
2019-06-28 10:08:48.807276806,98484,364,98303,100,98550,100,98295,364,98666,100,98209,100,98864,100,97959,10,99781,100,97476,100,99962,100,97306,100,99999,100,97162,100,100005,100,,,100077,100,,,100084,100,,
2019-06-28 10:08:50.000000000,98484,232,98303,232,98550,232,98295,232,98666,100,98209,100,98864,100,97959,10,99781,100,97476,100,99962,100,97306,100,99999,100,97162,100,100005,100,,,100077,100,,,100084,100,,
2019-06-28 10:09:00.000000000,98484,153,98303,153,98550,153,98295,153,98666,153,98209,153,98864,153,97959,63,99781,153,97476,153,99962,100,97306,100,99999,100,97162,100,100005,100,,,100077,100,,,100084,100,,
2019-06-28 10:09:02.797218726,98484,153,98303,153,98550,153,98295,153,98666,153,98209,153,98864,153,97959,63,99781,153,97476,153,99962,100,97306,100,99999,100,97162,100,100005,100,,,100077,100,,,100084,100,,
2019-06-28 10:09:02.878816092,98404,100,98303,153,98484,153,98295,153,98550,153,98209,153,98666,153,97959,63,98864,153,97476,153,99781,153,97306,100,99962,100,97162,100,99999,100,,,100005,100,,,100077,100,,
2019-06-28 10:09:10.000000000,98404,166,98303,166,98484,166,98295,166,98550,166,98209,166,98666,166,97959,76,98864,100,97476,100,99781,100,97306,100,99962,100,97162,100,99999,100,,,100005,100,,,100077,100,,
2019-06-28 10:09:20.000000000,98404,364,98303,364,98484,100,98295,100,98550,100,98209,100,98666,100,97959,10,98864,100,97476,100,99781,100,97306,100,99962,100,97162,100,99999,100,,,100005,100,,,100077,100,,
2019-06-28 10:09:24.679200050,98404,364,98303,364,98484,100,98295,100,98550,100,98209,100,98666,100,97959,10,98720,100,97476,100,98864,100,97162,100,99781,100,,,99962,100,,,99999,100,,,100005,100,,
2019-06-28 10:09:30.000000000,98404,153,98303,153,98484,153,98295,153,98550,153,98209,153,98666,153,97959,63,98720,153,97476,153,98864,100,97162,100,99781,100,,,99962,100,,,99999,100,,,100005,100,,
2019-06-28 10:09:40.000000000,98404,153,98303,153,98484,153,98295,153,98550,153,98209,153,98666,153,97959,63,98720,153,97476,153,98864,100,97162,100,99781,100,,,99962,100,,,99999,100,,,100005,100,,
2019-06-28 10:09:40.272083874,98404,153,98303,153,98484,153,98295,253,98550,153,98209,153,98666,153,97959,63,98720,153,97476,153,98864,100,97162,100,99781,100,,,99962,100,,,99999,100,,,100005,100,,
2019-06-28 10:09:50.000000000,98404,364,98303,364,98484,100,98295,200,98550,100,98209,100,98666,100,97959,10,98720,100,97476,100,98864,100,97162,100,99781,100,,,99962,100,,,99999,100,,,100005,100,,
2019-06-28 10:10:00.000000000,98404,364,98303,364,98484,100,98295,200,98550,100,98209,100,98666,100,97959,10,98720,100,97476,100,98864,100,97162,100,99781,100,,,99962,100,,,99999,100,,,100005,100,,
2019-06-28 10:10:10.000000000,98404,232,98303,232,98484,232,98295,332,98550,100,98209,100,98666,100,97959,10,98720,100,97476,100,98864,100,97162,100,99781,100,,,99962,100,,,99999,100,,,100005,100,,
2019-06-28 10:10:17.376586396,98404,132,98303,232,98484,232,98295,332,98550,100,98209,100,98666,100,97959,10,98720,100,97476,100,98864,100,97162,100,99781,100,,,99962,100,,,99999,100,,,100005,100,,
2019-06-28 10:10:20.000000000,98484,166,98303,166,98550,166,98295,266,98666,166,98209,166,98720,166,97959,76,98864,100,97476,100,99781,100,97162,100,99962,100,,,99999,100,,,100005,100,,,100077,100,,
2019-06-28 10:10:30.000000000,98484,153,98303,153,98550,153,98295,253,98666,153,98209,153,98720,153,97959,63,98864,153,97476,153,99781,100,97162,100,99962,100,,,99999,100,,,100005,100,,,100077,100,,
2019-06-28 10:10:37.861385011,98417,100,98303,153,98484,153,98295,253,98550,153,98209,153,98666,153,97959,63,98720,153,97476,153,98864,153,97162,100,99781,100,,,99962,100,,,100005,100,,,100077,100,,
2019-06-28 10:10:40.000000000,98417,364,98303,364,98484,100,98295,200,98550,100,98209,100,98666,100,97959,10,98720,100,97476,100,98864,100,97162,100,99781,100,,,99962,100,,,100005,100,,,100077,100,,
2019-06-28 10:10:50.000000000,98417,190,98303,190,98484,187,98295,287,98550,187,98209,187,98666,100,97959,10,98720,100,97476,100,98864,100,97162,100,99781,100,,,99962,100,,,100005,100,,,100077,100,,
2019-06-28 10:10:50.032025223,98403,100,98303,190,98417,190,98295,287,98484,187,98209,187,98550,187,97959,10,98666,100,97476,100,98720,100,97162,100,98864,100,,,99781,100,,,99962,100,,,100005,100,,
2019-06-28 10:10:51.411133412,98417,190,98303,190,98484,187,98295,287,98550,187,98209,187,98666,100,97959,10,98720,100,97476,100,98864,100,97162,100,99781,100,,,99962,100,,,100005,100,,,100077,100,,
2019-06-28 10:10:54.259789571,98417,190,98399,100,98484,187,98303,190,98550,187,98295,287,98666,100,98209,187,98720,100,97959,10,98864,100,97476,100,99781,100,97162,100,99962,100,,,100005,100,,,100077,100,,
