,ask_price_1,ask_size_1,bid_price_1,bid_size_1,ask_price_2,ask_size_2,bid_price_2,bid_size_2,ask_price_3,ask_size_3,bid_price_3,bid_size_3,ask_price_4,ask_size_4,bid_price_4,bid_size_4,ask_price_5,ask_size_5,bid_price_5,bid_size_5,ask_price_6,ask_size_6,bid_price_6,bid_size_6,ask_price_7,ask_size_7,bid_price_7,bid_size_7,ask_price_8,ask_size_8,bid_price_8,bid_size_8,ask_price_9,ask_size_9,bid_price_9,bid_size_9,ask_price_10,ask_size_10,bid_price_10,bid_size_10
2019-06-28 09:30:00.000000001,,,99972,100,,,,,,,,,,,,,,,,,,,,,,,,,,,,,,,,,,,,
2019-06-28 09:30:00.000000005,,,99972,100,,,99916,100,,,,,,,,,,,,,,,,,,,,,,,,,,,,,,,,
2019-06-28 09:30:00.000000011,,,99977,100,,,99972,100,,,99916,100,,,,,,,,,,,,,,,,,,,,,,,,,,,,
2019-06-28 09:30:00.000000013,,,100022,100,,,99977,100,,,99972,100,,,99916,100,,,,,,,,,,,,,,,,,,,,,,,,
2019-06-28 09:30:00.000000016,100054,100,100022,100,,,99977,100,,,99972,100,,,99947,100,,,99916,100,,,,,,,,,,,,,,,,,,,,
2019-06-28 09:30:00.000000018,100054,100,99977,100,,,99972,100,,,99947,100,,,99916,100,,,,,,,,,,,,,,,,,,,,,,,,
2019-06-28 09:30:00.000000021,100054,100,100016,100,100079,100,99977,100,100095,100,99972,100,100175,100,99947,100,,,99916,100,,,,,,,,,,,,,,,,,,,,
2019-06-28 09:30:00.000000022,100042,100,100016,100,100050,100,99977,100,100054,100,99972,100,100079,100,99962,100,100095,100,99947,100,100175,100,99916,100,,,,,,,,,,,,,,,,
2019-06-28 09:30:00.000000023,100042,100,100016,100,100050,100,99977,100,100054,100,99975,100,100079,100,99972,100,100095,100,99962,100,100175,100,99947,100,,,99916,100,,,,,,,,,,,,
2019-06-28 09:30:00.000000025,100042,100,100016,100,100050,100,99977,100,100054,100,99975,100,100069,100,99972,100,100079,100,99962,100,100095,100,99947,100,100175,100,99916,100,,,99900,100,,,,,,,,
2019-06-28 09:30:00.000000026,100042,100,100016,100,100050,100,99977,100,100054,100,99975,100,100069,100,99972,100,100079,100,99968,100,100095,100,99962,100,100175,100,99947,100,,,99916,100,,,99900,100,,,,
2019-06-28 09:30:00.000000028,100042,100,100016,100,100050,100,99977,100,100054,100,99975,100,100069,200,99972,100,100079,100,99968,100,100095,100,99962,100,100175,100,99947,100,,,99934,100,,,99916,100,,,99907,100
2019-06-28 09:30:00.000000029,100042,100,100016,100,100050,100,99977,100,100054,100,99975,100,100069,200,99972,100,100079,100,99968,100,100095,100,99962,100,100175,100,99950,100,,,99947,100,,,99934,100,,,99916,100
2019-06-28 09:30:00.000000030,100050,100,100016,100,100054,100,99977,100,100069,200,99975,100,100079,100,99972,100,100095,100,99968,100,100175,100,99962,100,,,99950,100,,,99947,100,,,99934,100,,,99916,100
2019-06-28 09:30:00.000000031,100050,100,100016,100,100054,100,99977,100,100069,200,99975,100,100079,100,99972,100,100095,100,99968,100,100175,100,99962,100,,,99950,100,,,99947,100,,,99934,100,,,99931,100
2019-06-28 09:30:00.000000033,100050,100,100016,100,100054,100,99977,100,100069,200,99975,100,100079,100,99972,100,100095,100,99968,100,100175,100,99962,100,,,99950,100,,,99947,100,,,99934,100,,,99931,100
2019-06-28 09:30:00.000000038,100050,100,100016,100,100054,100,99977,100,100069,200,99975,100,100079,100,99972,100,100095,100,99968,100,100175,100,99962,100,,,99950,100,,,99947,100,,,99934,100,,,99931,100
2019-06-28 09:30:00.000000039,100042,100,100016,100,100050,100,99977,100,100054,100,99975,100,100069,200,99972,100,100079,100,99968,100,100095,100,99962,100,100175,100,99950,100,,,99947,100,,,99934,100,,,99931,100
2019-06-28 09:30:00.000000042,100042,100,99977,100,100050,100,99975,100,100054,100,99972,100,100069,200,99968,100,100079,100,99962,100,100095,100,99950,100,100175,100,99947,100,,,99934,100,,,99931,100,,,99916,100
2019-06-28 09:30:00.000000043,100042,100,99977,100,100050,100,99975,100,100054,100,99972,100,100069,200,99968,100,100079,100,99962,100,100095,100,99950,100,100164,100,99947,100,100175,100,99934,100,,,99931,100,,,99916,100
2019-06-28 09:30:00.000000045,100042,100,99977,100,100050,100,99975,100,100054,100,99974,100,100069,200,99972,100,100079,100,99968,100,100095,100,99962,100,100164,100,99950,100,100175,100,99947,100,,,99934,100,,,99931,100
2019-06-28 09:30:00.000000047,100041,100,99977,100,100042,100,99975,100,100050,100,99974,100,100054,100,99972,100,100069,200,99968,100,100079,100,99962,100,100095,100,99950,100,100164,100,99947,100,100175,100,99934,100,,,99931,100
2019-06-28 09:30:00.000000049,100041,200,99977,100,100042,100,99975,100,100050,100,99974,100,100054,100,99972,100,100069,200,99968,100,100079,100,99962,100,100095,100,99950,100,100105,100,99947,100,100164,100,99934,100,100175,100,99931,100
2019-06-28 09:30:00.000000050,100041,300,99977,100,100042,100,99975,100,100050,100,99974,100,100054,100,99972,100,100069,200,99968,100,100079,100,99962,100,100095,100,99950,100,100096,100,99947,100,100105,100,99934,100,100164,100,99931,100
2019-06-28 09:30:00.000000051,100041,300,100035,100,100042,100,99977,100,100050,100,99975,100,100054,100,99974,100,100069,200,99972,100,100079,100,99968,100,100095,100,99962,100,100096,100,99950,100,100105,100,99947,100,100164,100,99934,100
2019-06-28 09:30:00.000000054,100041,300,100035,100,100042,100,100016,100,100050,100,99977,100,100054,100,99975,100,100069,200,99974,100,100079,100,99972,100,100095,100,99968,100,100096,100,99962,100,100105,100,99950,100,100164,100,99947,100
2019-06-28 09:30:00.000000055,100041,300,100016,100,100042,100,99977,100,100050,100,99975,100,100054,100,99974,100,100069,200,99972,100,100079,100,99968,100,100095,100,99962,100,100096,100,99950,100,100105,100,99947,100,100164,100,99934,100
2019-06-28 09:30:00.000000056,100033,100,100016,100,100041,300,99977,100,100042,100,99975,100,100050,100,99974,100,100054,100,99972,100,100069,200,99968,100,100079,100,99962,100,100095,100,99950,100,100096,100,99947,100,100105,100,99934,100
2019-06-28 09:30:00.000000057,100033,100,100016,100,100041,300,99977,100,100042,100,99975,100,100050,100,99974,100,100054,100,99972,100,100069,200,99968,100,100079,100,99962,100,100095,100,99957,100,100096,100,99950,100,100105,100,99947,100
2019-06-28 09:30:00.000000063,100033,100,99977,100,100041,300,99975,100,100042,100,99974,100,100050,100,99972,100,100054,100,99968,100,100069,200,99962,100,100079,100,99957,100,100095,100,99950,100,100096,100,99947,100,100105,100,99934,100
2019-06-28 09:30:00.000000067,100033,100,99977,100,100041,300,99975,100,100042,100,99974,100,100050,100,99972,100,100054,100,99968,100,100069,200,99962,100,100079,100,99957,100,100095,100,99950,100,100096,100,99947,100,100105,100,99934,100
2019-06-28 09:30:00.000000068,100033,100,99977,100,100041,300,99975,100,100042,100,99974,100,100050,100,99972,100,100054,100,99968,100,100069,200,99962,100,100079,100,99957,100,100095,100,99950,100,100096,100,99947,100,100105,100,99934,100
2019-06-28 09:30:00.000000071,100033,100,99977,100,100041,300,99975,100,100042,100,99974,100,100050,100,99972,200,100054,100,99968,100,100069,200,99962,100,100079,100,99957,100,100095,100,99950,100,100096,100,99947,100,100105,100,99934,100
2019-06-28 09:30:00.000000075,100033,100,100007,100,100041,300,99977,100,100042,100,99975,100,100050,100,99974,100,100054,100,99972,200,100069,200,99968,100,100079,100,99962,100,100095,100,99957,100,100096,100,99950,100,100105,100,99947,100
2019-06-28 09:30:00.000000076,100033,100,100007,100,100041,300,99977,100,100042,100,99975,100,100050,100,99974,100,100054,100,99972,200,100069,200,99971,100,100079,100,99968,100,100095,100,99962,100,100096,100,99957,100,100105,100,99950,100
2019-06-28 09:30:00.000000078,100033,100,100007,100,100041,300,99977,100,100042,100,99975,100,100050,100,99974,100,100054,100,99972,200,100069,200,99971,100,100079,100,99968,100,100095,100,99962,100,100096,100,99957,100,100105,100,99950,100
2019-06-28 09:30:00.000000079,100033,100,99977,100,100041,300,99975,100,100042,100,99974,100,100050,100,99972,200,100054,100,99971,100,100069,200,99968,100,100079,100,99962,100,100095,100,99957,100,100096,100,99950,100,100105,100,99947,100
2019-06-28 09:30:00.000000081,100022,100,99977,100,100033,100,99975,100,100041,300,99974,100,100042,100,99972,200,100050,100,99971,100,100054,100,99968,100,100069,200,99962,100,100079,100,99957,100,100095,100,99950,100,100096,100,99947,100
2019-06-28 09:30:00.000000083,100022,100,99977,100,100033,100,99975,100,100041,300,99974,100,100042,100,99972,200,100050,100,99971,100,100054,100,99968,100,100055,100,99962,100,100069,200,99957,100,100079,100,99950,100,100095,100,99947,100
2019-06-28 09:30:00.000000084,100022,100,99977,100,100033,100,99975,100,100041,300,99974,100,100042,100,99972,200,100048,100,99971,100,100050,100,99968,100,100054,100,99962,100,100055,100,99957,100,100069,200,99950,100,100079,100,99947,100
2019-06-28 09:30:00.000000085,100022,100,99977,100,100033,100,99975,100,100041,300,99974,100,100042,100,99972,200,100048,100,99971,100,100050,100,99968,100,100054,100,99962,100,100055,100,99957,100,100069,300,99950,100,100079,100,99947,100
2019-06-28 09:30:00.000000088,100022,100,99977,100,100033,100,99975,100,100041,300,99974,100,100042,100,99972,200,100048,100,99971,100,100050,100,99968,100,100054,100,99962,100,100055,100,99957,100,100069,300,99950,100,100079,100,99947,100
2019-06-28 09:30:00.000000091,100022,100,99993,100,100033,100,99977,100,100041,300,99975,100,100042,100,99974,100,100048,100,99972,200,100050,100,99971,100,100054,100,99968,100,100055,100,99962,100,100069,300,99957,100,100079,100,99950,100
2019-06-28 09:30:00.000000092,100022,100,99993,100,100033,100,99977,100,100041,300,99975,100,100042,100,99974,100,100048,200,99972,200,100050,100,99971,100,100054,100,99968,100,100055,100,99962,100,100069,300,99957,100,100079,100,99950,100
2019-06-28 09:30:00.000000095,100022,100,99993,100,100033,100,99977,100,100041,300,99975,100,100042,100,99974,100,100048,200,99972,200,100050,100,99971,100,100054,100,99968,100,100055,100,99962,100,100069,300,99957,100,100071,100,99950,100
2019-06-28 09:30:00.000000096,100022,100,99977,100,100033,100,99975,100,100041,300,99974,100,100042,100,99972,200,100048,200,99971,100,100050,100,99968,100,100054,100,99962,100,100055,100,99957,100,100069,300,99950,100,100071,100,99947,100
2019-06-28 09:30:00.000000097,100007,100,99977,100,100022,100,99975,100,100033,100,99974,100,100041,300,99972,200,100042,100,99971,100,100048,200,99968,100,100050,100,99962,100,100054,100,99957,100,100055,100,99950,100,100069,300,99947,100
2019-06-28 09:30:00.000000098,100007,100,99977,100,100022,100,99975,100,100027,100,99974,100,100033,100,99972,200,100041,300,99971,100,100042,100,99968,100,100048,200,99962,100,100050,100,99957,100,100054,100,99950,100,100055,100,99947,100
2019-06-28 09:30:10.000000000,100007,256,99977,256,100022,256,99975,256,100027,100,99974,100,100033,100,99972,200,100041,300,99971,100,100042,100,99968,100,100048,200,99962,100,100050,100,99957,100,100054,100,99950,100,100055,100,99947,100
2019-06-28 09:30:20.000000000,100007,163,99977,163,100022,163,99975,163,100027,163,99974,163,100033,163,99972,263,100041,363,99971,163,100042,100,99968,100,100048,200,99962,100,100050,100,99957,100,100054,100,99950,100,100055,100,99947,100
2019-06-28 09:30:23.909225316,100007,263,99977,163,100022,163,99975,163,100027,163,99974,163,100033,163,99972,263,100041,363,99971,163,100042,100,99968,100,100048,200,99962,100,100050,100,99957,100,100054,100,99947,100,100055,100,99934,100
2019-06-28 09:30:30.000000000,100007,306,99977,206,100022,203,99975,203,100027,203,99974,203,100033,100,99972,200,100041,300,99971,100,100042,100,99968,100,100048,200,99962,100,100050,100,99957,100,100054,100,99947,100,100055,100,99934,100
2019-06-28 09:30:40.000000000,100007,306,99977,206,100022,203,99975,203,100027,203,99974,203,100033,100,99972,200,100041,300,99971,100,100042,100,99968,100,100048,200,99962,100,100050,100,99957,100,100054,100,99947,100,100055,100,99934,100
2019-06-28 09:30:41.332211276,100007,306,99977,206,100022,203,99975,203,100027,203,99974,203,100033,100,99972,200,100041,300,99971,100,100042,100,99968,100,100048,200,99962,100,100050,100,99957,100,100054,100,99947,100,100055,100,99934,100
2019-06-28 09:30:50.000000000,100007,263,99977,163,100022,163,99975,163,100027,163,99974,163,100033,163,99972,263,100041,363,99971,163,100042,100,99968,100,100048,200,99962,100,100050,100,99957,100,100054,100,99947,100,100055,100,99934,100
2019-06-28 09:31:00.000000000,100007,263,99977,163,100022,163,99975,163,100027,163,99974,163,100033,163,99972,263,100041,363,99971,163,100042,100,99968,100,100048,200,99962,100,100050,100,99957,100,100054,100,99947,100,100055,100,99934,100
2019-06-28 09:31:10.000000000,100007,306,99977,206,100022,203,99975,203,100027,203,99974,203,100033,100,99972,200,100041,300,99971,100,100042,100,99968,100,100048,200,99962,100,100050,100,99957,100,100054,100,99947,100,100055,100,99934,100
2019-06-28 09:31:18.737923680,100007,306,99977,206,100022,203,99975,203,100027,203,99974,203,100033,100,99972,200,100041,300,99971,100,100042,100,99968,100,100048,200,99962,100,100050,100,99957,100,100055,100,99947,100,100069,300,99934,100
2019-06-28 09:31:20.000000000,100007,263,99977,163,100022,163,99975,163,100027,163,99974,163,100033,163,99972,263,100041,363,99971,163,100042,100,99968,100,100048,200,99962,100,100050,100,99957,100,100055,100,99947,100,100069,300,99934,100
2019-06-28 09:31:30.000000000,100007,306,99977,206,100022,203,99975,203,100027,203,99974,203,100033,100,99972,200,100041,300,99971,100,100042,100,99968,100,100048,200,99962,100,100050,100,99957,100,100055,100,99947,100,100069,300,99934,100
2019-06-28 09:31:40.000000000,100007,356,99977,256,100022,256,99975,256,100027,100,99974,100,100033,100,99972,200,100041,300,99971,100,100042,100,99968,100,100048,200,99962,100,100050,100,99957,100,100055,100,99947,100,100069,300,99934,100
2019-06-28 09:31:50.000000000,100007,356,99977,256,100022,256,99975,256,100027,100,99974,100,100033,100,99972,200,100041,300,99971,100,100042,100,99968,100,100048,200,99962,100,100050,100,99957,100,100055,100,99947,100,100069,300,99934,100
2019-06-28 09:31:55.316984148,100007,356,99977,256,100022,256,99975,256,100027,100,99974,100,100033,100,99972,200,100041,300,99971,100,100042,100,99968,100,100048,200,99962,100,100050,100,99957,100,100055,100,99947,100,100069,300,99934,100
2019-06-28 09:31:59.572015350,100007,356,99977,256,100022,256,99975,256,100027,100,99974,100,100033,100,99972,200,100041,300,99971,100,100042,100,99962,100,100048,200,99957,100,100050,100,99947,100,100055,100,99934,100,100069,300,99931,100
2019-06-28 09:32:00.000000000,100007,356,99977,256,100022,256,99975,256,100027,100,99974,100,100033,100,99972,200,100041,300,99971,100,100042,100,99962,100,100048,200,99957,100,100050,100,99947,100,100055,100,99934,100,100069,300,99931,100
2019-06-28 09:32:07.695034852,100007,256,99977,256,100022,256,99975,256,100033,100,99974,100,100041,300,99972,200,100042,100,99971,100,100048,200,99962,100,100050,100,99957,100,100055,100,99947,100,100069,300,99934,100,100071,100,99931,100
2019-06-28 09:32:10.000000000,100007,163,99977,163,100022,163,99975,163,100033,163,99974,163,100041,363,99972,263,100042,163,99971,163,100048,200,99962,100,100050,100,99957,100,100055,100,99947,100,100069,300,99934,100,100071,100,99931,100
2019-06-28 09:32:20.000000000,100007,256,99977,256,100022,256,99975,256,100033,100,99974,100,100041,300,99972,200,100042,100,99971,100,100048,200,99962,100,100050,100,99957,100,100055,100,99947,100,100069,300,99934,100,100071,100,99931,100
2019-06-28 09:32:20.460295357,100007,256,99977,256,100022,256,99975,256,100033,100,99974,100,100041,300,99972,200,100042,100,99971,100,100048,200,99962,100,100050,100,99957,100,100055,100,99947,100,100069,300,99934,100,100071,100,99931,100
2019-06-28 09:32:30.000000000,100007,256,99977,256,100022,256,99975,256,100033,100,99974,100,100041,300,99972,200,100042,100,99971,100,100048,200,99962,100,100050,100,99957,100,100055,100,99947,100,100069,300,99934,100,100071,100,99931,100
2019-06-28 09:32:40.000000000,100007,413,99977,413,100022,100,99975,100,100033,100,99974,100,100041,300,99972,200,100042,100,99971,100,100048,200,99962,100,100050,100,99957,100,100055,100,99947,100,100069,300,99934,100,100071,100,99931,100
2019-06-28 09:32:50.000000000,100007,178,99977,178,100022,178,99975,178,100033,178,99974,178,100041,378,99972,278,100042,100,99971,100,100048,200,99962,100,100050,100,99957,100,100055,100,99947,100,100069,300,99934,100,100071,100,99931,100
2019-06-28 09:32:50.695321640,100007,178,99977,178,100022,178,99975,178,100033,178,99974,178,100041,378,99972,278,100042,100,99971,100,100048,200,99962,100,100050,100,99957,100,100055,100,99947,100,100069,300,99934,100,100071,100,99931,100
2019-06-28 09:33:00.000000000,100007,163,99977,163,100022,163,99975,163,100033,163,99974,163,100041,363,99972,263,100042,163,99971,163,100048,200,99962,100,100050,100,99957,100,100055,100,99947,100,100069,300,99934,100,100071,100,99931,100
2019-06-28 09:33:10.000000000,100007,163,99977,163,100022,163,99975,163,100033,163,99974,163,100041,363,99972,263,100042,163,99971,163,100048,200,99962,100,100050,100,99957,100,100055,100,99947,100,100069,300,99934,100,100071,100,99931,100
2019-06-28 09:33:11.482698562,100007,163,99993,100,100022,163,99977,163,100033,163,99975,163,100041,363,99974,163,100042,163,99972,263,100048,200,99971,163,100050,100,99962,100,100055,100,99957,100,100069,300,99947,100,100071,100,99934,100
2019-06-28 09:33:20.000000000,100007,256,99993,256,100022,256,99977,256,100033,100,99975,100,100041,300,99974,100,100042,100,99972,200,100048,200,99971,100,100050,100,99962,100,100055,100,99957,100,100069,300,99947,100,100071,100,99934,100
2019-06-28 09:33:30.000000000,100007,178,99993,178,100022,178,99977,178,100033,178,99975,178,100041,378,99974,178,100042,100,99972,200,100048,200,99971,100,100050,100,99962,100,100055,100,99957,100,100069,300,99947,100,100071,100,99934,100
2019-06-28 09:33:35.570061659,100007,178,99993,178,100022,78,99977,178,100033,178,99975,178,100041,378,99974,178,100042,100,99972,200,100048,200,99971,100,100050,100,99962,100,100055,100,99957,100,100069,300,99947,100,100071,100,99934,100
2019-06-28 09:33:40.000000000,100007,163,99993,163,100033,163,99977,163,100041,363,99975,163,100042,163,99974,163,100048,263,99972,263,100050,100,99971,100,100055,100,99962,100,100069,300,99957,100,100071,100,99947,100,100078,100,99934,100
2019-06-28 09:33:50.000000000,100007,256,99993,256,100033,256,99977,256,100041,300,99975,100,100042,100,99974,100,100048,200,99972,200,100050,100,99971,100,100055,100,99962,100,100069,300,99957,100,100071,100,99947,100,100078,100,99934,100
2019-06-28 09:34:00.000000000,100007,178,99993,178,100033,178,99977,178,100041,378,99975,178,100042,178,99974,178,100048,200,99972,200,100050,100,99971,100,100055,100,99962,100,100069,300,99957,100,100071,100,99947,100,100078,100,99934,100
2019-06-28 09:34:00.063703852,100007,78,99993,178,100033,178,99977,178,100041,378,99975,178,100042,178,99974,178,100048,200,99972,200,100050,100,99971,100,100055,100,99962,100,100069,300,99947,100,100071,100,99934,100,100078,100,99931,100
2019-06-28 09:34:10.000000000,100033,413,99993,413,100041,300,99977,100,100042,100,99975,100,100048,200,99974,100,100050,100,99972,200,100055,100,99971,100,100069,300,99962,100,100071,100,99947,100,100078,100,99934,100,100079,100,99931,100
2019-06-28 09:34:13.451444157,100033,413,99993,413,100041,300,99977,100,100042,100,99975,100,100048,200,99974,100,100050,100,99972,200,100055,100,99971,100,100069,300,99962,100,100071,100,99947,100,100078,100,99934,100,100079,100,99931,100
2019-06-28 09:34:18.475331325,100033,413,99993,413,100041,300,99977,100,100042,100,99975,100,100048,200,99974,100,100050,100,99972,200,100055,100,99971,100,100069,300,99962,100,100071,100,99947,100,100078,100,99934,100,100079,100,99931,100
2019-06-28 09:34:20.000000000,100033,163,99993,163,100041,363,99977,163,100042,163,99975,163,100048,263,99974,163,100050,163,99972,263,100055,100,99971,100,100069,300,99962,100,100071,100,99947,100,100078,100,99934,100,100079,100,99931,100
2019-06-28 09:34:20.183450414,100033,163,100007,100,100041,263,99993,163,100042,163,99977,163,100048,263,99975,163,100050,163,99974,163,100055,100,99972,263,100069,300,99971,100,100071,100,99962,100,100078,100,99947,100,100079,100,99934,100
2019-06-28 09:34:30.000000000,100033,163,100007,163,100041,263,99993,163,100042,163,99977,163,100048,263,99975,163,100050,163,99974,163,100055,100,99972,200,100069,300,99971,100,100071,100,99962,100,100078,100,99947,100,100079,100,99934,100
2019-06-28 09:34:37.936752584,100033,163,100007,163,100041,263,99993,163,100042,163,99977,163,100048,263,99975,163,100050,163,99974,163,100055,100,99972,100,100069,300,99971,100,100071,100,99962,100,100078,100,99947,100,100079,100,99934,100
2019-06-28 09:34:40.000000000,100033,178,100007,178,100041,278,99993,178,100042,178,99977,178,100048,278,99975,178,100050,100,99974,100,100055,100,99972,100,100069,300,99971,100,100071,100,99962,100,100078,100,99947,100,100079,100,99934,100
2019-06-28 09:34:50.000000000,100033,413,100007,413,100041,200,99993,100,100042,100,99977,100,100048,200,99975,100,100050,100,99974,100,100055,100,99972,100,100069,300,99971,100,100071,100,99962,100,100078,100,99947,100,100079,100,99934,100
2019-06-28 09:34:53.912804016,100033,313,100007,413,100041,200,99993,100,100042,100,99977,100,100048,200,99975,100,100050,100,99974,100,100055,100,99972,100,100069,300,99971,100,100071,100,99947,100,100078,100,99934,100,100079,100,99931,100
2019-06-28 09:35:00.000000000,100041,513,100007,413,100042,100,99993,100,100048,200,99977,100,100050,100,99975,100,100055,100,99974,100,100069,300,99972,100,100071,100,99971,100,100078,100,99947,100,100079,100,99934,100,100095,100,99931,100
2019-06-28 09:35:03.464955477,100041,413,100007,413,100042,100,99993,100,100048,200,99977,100,100050,100,99975,100,100055,100,99974,100,100069,300,99972,100,100071,100,99971,100,100078,100,99947,100,100079,100,99934,100,100095,100,99931,100
2019-06-28 09:35:10.000000000,100041,256,100007,256,100042,256,99993,256,100048,200,99977,100,100050,100,99975,100,100055,100,99974,100,100069,300,99972,100,100071,100,99971,100,100078,100,99947,100,100079,100,99934,100,100095,100,99931,100
2019-06-28 09:35:14.428162321,100041,256,100007,256,100042,256,99993,256,100048,200,99977,100,100050,100,99975,100,100055,100,99974,100,100069,300,99972,100,100071,100,99971,100,100078,100,99947,100,100079,100,99934,100,100095,100,99931,100
2019-06-28 09:35:20.000000000,100041,163,100007,163,100042,163,99993,163,100048,263,99977,163,100050,163,99975,163,100055,163,99974,163,100069,300,99972,100,100071,100,99971,100,100078,100,99947,100,100079,100,99934,100,100095,100,99931,100
2019-06-28 09:35:25.180547867,100041,63,100007,163,100042,163,99993,163,100048,263,99977,163,100050,163,99975,163,100055,163,99974,163,100069,300,99972,100,100078,100,99971,100,100079,100,99947,100,100095,100,99934,100,100096,100,99931,100
2019-06-28 09:35:30.000000000,100042,256,100007,256,100048,356,99993,256,100050,100,99977,100,100055,100,99975,100,100069,300,99974,100,100078,100,99972,100,100079,100,99971,100,100095,100,99947,100,100096,100,99934,100,100105,100,99931,100
2019-06-28 09:35:40.000000000,100042,178,100007,178,100048,278,99993,178,100050,178,99977,178,100055,178,99975,178,100069,300,99974,100,100078,100,99972,100,100079,100,99971,100,100095,100,99947,100,100096,100,99934,100,100105,100,99931,100
2019-06-28 09:35:50.000000000,100042,413,100007,413,100048,200,99993,100,100050,100,99977,100,100055,100,99975,100,100069,300,99974,100,100078,100,99972,100,100079,100,99971,100,100095,100,99947,100,100096,100,99934,100,100105,100,99931,100
2019-06-28 09:35:55.836348133,100042,313,100007,413,100048,200,99993,100,100050,100,99977,100,100055,100,99975,100,100069,300,99974,100,100078,100,99972,100,100079,100,99971,100,100095,100,99947,100,100096,100,99934,100,100105,100,99931,100
2019-06-28 09:36:00.000000000,100048,263,100007,163,100050,163,99993,163,100055,163,99977,163,100069,363,99975,163,100078,163,99974,163,100079,100,99972,100,100095,100,99971,100,100096,100,99947,100,100105,100,99934,100,100137,100,99931,100
2019-06-28 09:36:10.000000000,100048,278,100007,178,100050,178,99993,178,100055,178,99977,178,100069,378,99975,178,100078,100,99974,100,100079,100,99972,100,100095,100,99971,100,100096,100,99947,100,100105,100,99934,100,100137,100,99931,100
2019-06-28 09:36:13.609298416,100048,278,100007,178,100050,178,99993,178,100055,178,99977,178,100069,378,99975,178,100078,100,99974,100,100079,100,99972,100,100095,100,99971,100,100096,100,99947,100,100105,100,99934,100,100137,100,99931,100
2019-06-28 09:36:14.598948823,100048,178,100007,178,100050,178,99993,178,100055,178,99977,178,100069,378,99975,178,100078,100,99974,100,100079,100,99972,100,100095,100,99971,100,100096,100,99947,100,100137,100,99934,100,100164,100,99931,100
2019-06-28 09:36:20.000000000,100048,206,100007,206,100050,203,99993,203,100055,203,99977,203,100069,300,99975,100,100078,100,99974,100,100079,100,99972,100,100095,100,99971,100,100096,100,99947,100,100137,100,99934,100,100164,100,99931,100
2019-06-28 09:36:30.000000000,100048,178,100007,178,100050,178,99993,178,100055,178,99977,178,100069,378,99975,178,100078,100,99974,100,100079,100,99972,100,100095,100,99971,100,100096,100,99947,100,100137,100,99934,100,100164,100,99931,100
2019-06-28 09:36:33.421077423,100048,178,100007,178,100050,178,99993,178,100055,178,99977,178,100069,378,99975,178,100078,100,99974,100,100079,100,99972,100,100095,100,99971,100,100096,100,99947,100,100137,100,99934,100,100164,100,99931,100
2019-06-28 09:36:39.021647889,100048,178,100007,178,100050,178,99993,178,100055,178,99977,178,100069,378,99975,178,100078,100,99974,100,100079,100,99972,100,100095,100,99971,100,100096,100,99947,100,100137,100,99934,100,100164,100,99931,100
2019-06-28 09:36:40.000000000,100048,256,100007,256,100050,256,99993,256,100055,100,99977,100,100069,300,99975,100,100078,100,99974,100,100079,100,99972,100,100095,100,99971,100,100096,100,99947,100,100137,100,99934,100,100164,100,99931,100
2019-06-28 09:36:49.129239892,100048,256,100042,100,100050,256,100007,256,100055,100,99993,256,100069,300,99977,100,100078,100,99975,100,100079,100,99974,100,100095,100,99972,100,100096,100,99971,100,100137,100,99947,100,100164,100,99934,100
2019-06-28 09:36:50.000000000,100048,413,100042,413,100050,100,100007,100,100055,100,99993,100,100069,300,99977,100,100078,100,99975,100,100079,100,99974,100,100095,100,99972,100,100096,100,99971,100,100137,100,99947,100,100164,100,99934,100
2019-06-28 09:37:00.000000000,100048,206,100042,206,100050,203,100007,203,100055,203,99993,203,100069,300,99977,100,100078,100,99975,100,100079,100,99974,100,100095,100,99972,100,100096,100,99971,100,100137,100,99947,100,100164,100,99934,100
2019-06-28 09:37:10.000000000,100048,163,100042,163,100050,163,100007,163,100055,163,99993,163,100069,363,99977,163,100078,163,99975,163,100079,100,99974,100,100095,100,99972,100,100096,100,99971,100,100137,100,99947,100,100164,100,99934,100
2019-06-28 09:37:20.000000000,100048,206,100042,206,100050,203,100007,203,100055,203,99993,203,100069,300,99977,100,100078,100,99975,100,100079,100,99974,100,100095,100,99972,100,100096,100,99971,100,100137,100,99947,100,100164,100,99934,100
2019-06-28 09:37:30.000000000,100048,178,100042,178,100050,178,100007,178,100055,178,99993,178,100069,378,99977,178,100078,100,99975,100,100079,100,99974,100,100095,100,99972,100,100096,100,99971,100,100137,100,99947,100,100164,100,99934,100
2019-06-28 09:37:39.825126114,100048,78,100042,178,100050,178,100007,178,100055,178,99993,178,100069,378,99977,178,100078,100,99975,100,100079,100,99974,100,100095,100,99972,100,100096,100,99971,100,100137,100,99947,100,100164,100,99934,100
2019-06-28 09:37:40.000000000,100050,178,100042,178,100055,178,100007,178,100069,378,99993,178,100078,178,99977,178,100079,100,99975,100,100095,100,99974,100,100096,100,99972,100,100137,100,99971,100,100164,100,99947,100,100167,100,99934,100
2019-06-28 09:37:43.673530508,100050,178,100042,178,100055,178,100007,178,100069,278,99993,178,100078,178,99977,178,100079,100,99975,100,100095,100,99974,100,100096,100,99972,100,100137,100,99971,100,100164,100,99947,100,100167,100,99934,100
2019-06-28 09:37:50.000000000,100050,206,100042,206,100055,203,100007,203,100069,303,99993,203,100078,100,99977,100,100079,100,99975,100,100095,100,99974,100,100096,100,99972,100,100137,100,99971,100,100164,100,99947,100,100167,100,99934,100
2019-06-28 09:37:50.614686411,100050,106,100042,206,100055,203,100007,203,100069,303,99993,203,100079,100,99977,100,100095,100,99975,100,100096,100,99974,100,100137,100,99972,100,100164,100,99971,100,100167,100,99947,100,100175,100,99934,100
2019-06-28 09:37:53.815744803,100050,106,100042,206,100055,203,100007,203,100069,303,99993,203,100079,100,99977,100,100095,100,99975,100,100096,100,99974,100,100137,100,99972,100,100164,100,99971,100,100167,100,99947,100,100175,100,99934,100
2019-06-28 09:37:57.553716995,100050,106,100042,206,100055,203,100007,203,100069,303,99993,203,100079,100,99977,100,100095,100,99975,100,100096,100,99974,100,100137,100,99972,100,100164,100,99971,100,100175,100,99947,100,100371,100,99934,100
2019-06-28 09:38:00.000000000,100055,178,100042,178,100069,278,100007,178,100079,178,99993,178,100095,178,99977,178,100096,100,99975,100,100137,100,99974,100,100164,100,99972,100,100175,100,99971,100,100371,100,99947,100,100529,100,99934,100
2019-06-28 09:38:02.902769560,100055,178,100042,178,100069,278,100007,178,100079,178,99993,178,100095,178,99977,178,100096,100,99975,100,100137,100,99974,100,100164,100,99972,100,100175,100,99971,100,100368,100,99947,100,100371,100,99934,100
2019-06-28 09:38:10.000000000,100055,256,100042,256,100069,356,100007,256,100079,100,99993,100,100095,100,99977,100,100096,100,99975,100,100137,100,99974,100,100164,100,99972,100,100175,100,99971,100,100368,100,99947,100,100371,100,99934,100
2019-06-28 09:38:20.000000000,100055,206,100042,206,100069,303,100007,203,100079,203,99993,203,100095,100,99977,100,100096,100,99975,100,100137,100,99974,100,100164,100,99972,100,100175,100,99971,100,100368,100,99947,100,100371,100,99934,100
2019-06-28 09:38:30.000000000,100055,256,100042,256,100069,356,100007,256,100079,100,99993,100,100095,100,99977,100,100096,100,99975,100,100137,100,99974,100,100164,100,99972,100,100175,100,99971,100,100368,100,99947,100,100371,100,99934,100
2019-06-28 09:38:40.000000000,100055,178,100042,178,100069,278,100007,178,100079,178,99993,178,100095,178,99977,178,100096,100,99975,100,100137,100,99974,100,100164,100,99972,100,100175,100,99971,100,100368,100,99947,100,100371,100,99934,100
2019-06-28 09:38:42.262671393,100055,178,100042,178,100069,278,100007,178,100079,178,99993,178,100095,178,99977,178,100096,100,99975,100,100137,100,99974,100,100164,100,99972,100,100175,100,99971,100,100368,100,99947,100,100371,100,99934,100
2019-06-28 09:38:43.024776675,100055,78,100042,178,100069,278,100007,178,100079,178,99993,178,100095,178,99977,178,100096,100,99975,100,100137,100,99974,100,100164,100,99972,100,100175,100,99971,100,100368,100,99947,100,100371,100,99934,100
2019-06-28 09:38:50.000000000,100069,306,100042,206,100079,203,100007,203,100095,203,99993,203,100096,100,99977,100,100137,100,99975,100,100164,100,99974,100,100175,100,99972,100,100368,100,99971,100,100371,100,99947,100,100440,100,99934,100
2019-06-28 09:39:00.000000000,100069,356,100042,256,100079,256,100007,256,100095,100,99993,100,100096,100,99977,100,100137,100,99975,100,100164,100,99974,100,100175,100,99972,100,100368,100,99971,100,100371,100,99947,100,100440,100,99934,100
2019-06-28 09:39:10.000000000,100069,513,100042,413,100079,100,100007,100,100095,100,99993,100,100096,100,99977,100,100137,100,99975,100,100164,100,99974,100,100175,100,99972,100,100368,100,99971,100,100371,100,99947,100,100440,100,99934,100
2019-06-28 09:39:20.000000000,100069,513,100042,413,100079,100,100007,100,100095,100,99993,100,100096,100,99977,100,100137,100,99975,100,100164,100,99974,100,100175,100,99972,100,100368,100,99971,100,100371,100,99947,100,100440,100,99934,100
2019-06-28 09:39:30.000000000,100069,278,100042,178,100079,178,100007,178,100095,178,99993,178,100096,178,99977,178,100137,100,99975,100,100164,100,99974,100,100175,100,99972,100,100368,100,99971,100,100371,100,99947,100,100440,100,99934,100
2019-06-28 09:39:40.000000000,100069,278,100042,178,100079,178,100007,178,100095,178,99993,178,100096,178,99977,178,100137,100,99975,100,100164,100,99974,100,100175,100,99972,100,100368,100,99971,100,100371,100,99947,100,100440,100,99934,100
2019-06-28 09:39:40.974557625,100069,278,100042,178,100079,178,100007,178,100095,178,99993,178,100096,178,99977,178,100137,100,99975,100,100164,100,99974,100,100175,100,99972,100,100368,100,99971,100,100371,100,99947,100,100440,100,99934,100
2019-06-28 09:39:45.823347220,100049,100,100042,178,100069,278,100007,178,100079,178,99993,178,100095,178,99977,178,100096,178,99975,100,100137,100,99974,100,100164,100,99972,100,100175,100,99971,100,100368,100,99947,100,100371,100,99934,100
2019-06-28 09:39:50.000000000,100049,206,100042,206,100069,303,100007,203,100079,203,99993,203,100095,100,99977,100,100096,100,99975,100,100137,100,99974,100,100164,100,99972,100,100175,100,99971,100,100368,100,99947,100,100371,100,99934,100
2019-06-28 09:40:00.000000000,100049,178,100042,178,100069,278,100007,178,100079,178,99993,178,100095,178,99977,178,100096,100,99975,100,100137,100,99974,100,100164,100,99972,100,100175,100,99971,100,100368,100,99947,100,100371,100,99934,100
2019-06-28 09:40:00.986613625,100049,178,100042,78,100069,278,100007,178,100079,178,99993,178,100095,178,99977,178,100096,100,99975,100,100137,100,99974,100,100164,100,99972,100,100175,100,99971,100,100368,100,99947,100,100371,100,99934,100
2019-06-28 09:40:10.000000000,100049,163,100007,163,100069,263,99993,163,100079,163,99977,163,100095,163,99975,163,100096,163,99974,163,100137,100,99972,100,100164,100,99971,100,100175,100,99947,100,100368,100,99934,100,100371,100,99916,200
2019-06-28 09:40:16.189292755,100049,163,100007,63,100069,263,99993,163,100079,163,99977,163,100095,163,99975,163,100096,163,99974,163,100137,100,99972,100,100164,100,99971,100,100175,100,99947,100,100368,100,99934,100,100371,100,99916,200
2019-06-28 09:40:20.000000000,100049,256,99993,256,100069,356,99977,256,100079,100,99975,100,100095,100,99974,100,100096,100,99972,100,100137,100,99971,100,100164,100,99947,100,100175,100,99934,100,100368,100,99916,200,100371,100,99907,100
2019-06-28 09:40:21.800633631,100042,100,99993,256,100049,256,99977,256,100069,356,99975,100,100079,100,99974,100,100095,100,99972,100,100096,100,99971,100,100137,100,99947,100,100164,100,99934,100,100175,100,99916,200,100368,100,99907,100
2019-06-28 09:40:24.614172107,100042,100,99993,256,100049,256,99977,256,100069,356,99975,100,100079,100,99974,100,100095,100,99972,100,100096,100,99971,100,100137,100,99947,100,100164,100,99934,100,100175,100,99916,100,100368,100,99907,100
2019-06-28 09:40:26.925196218,100042,100,99993,256,100049,256,99977,256,100069,356,99975,100,100079,100,99974,100,100095,100,99972,100,100096,100,99971,100,100137,100,99947,100,100175,100,99934,100,100368,100,99916,100,100371,100,99907,100
2019-06-28 09:40:30.000000000,100042,206,99993,206,100049,203,99977,203,100069,303,99975,203,100079,100,99974,100,100095,100,99972,100,100096,100,99971,100,100137,100,99947,100,100175,100,99934,100,100368,100,99916,100,100371,100,99907,100
2019-06-28 09:40:40.000000000,100042,256,99993,256,100049,256,99977,256,100069,200,99975,100,100079,100,99974,100,100095,100,99972,100,100096,100,99971,100,100137,100,99947,100,100175,100,99934,100,100368,100,99916,100,100371,100,99907,100
2019-06-28 09:40:44.210457198,100042,256,99993,156,100049,256,99977,256,100069,200,99975,100,100079,100,99974,100,100095,100,99972,100,100096,100,99971,100,100137,100,99947,100,100175,100,99934,100,100368,100,99916,100,100371,100,99907,100
2019-06-28 09:40:50.000000000,100042,256,99977,256,100049,256,99975,256,100069,200,99974,100,100079,100,99972,100,100095,100,99971,100,100096,100,99947,100,100137,100,99934,100,100175,100,99916,100,100368,100,99907,100,100371,100,99900,100
2019-06-28 09:40:53.325258922,100042,256,99977,256,100049,256,99975,256,100069,200,99974,100,100079,100,99972,100,100095,100,99971,100,100096,100,99947,100,100137,100,99934,100,100175,100,99916,100,100368,100,99907,100,100371,100,99900,100
2019-06-28 09:40:54.915947518,100007,100,99977,256,100042,256,99975,156,100049,256,99974,100,100069,200,99972,100,100079,100,99971,100,100095,100,99947,100,100096,100,99934,100,100137,100,99916,100,100175,100,99907,100,100368,100,99900,100
2019-06-28 09:40:55.237839301,100007,100,99977,156,100042,256,99975,156,100049,256,99974,100,100069,200,99972,100,100079,100,99971,100,100095,100,99947,100,100096,100,99934,100,100137,100,99916,100,100175,100,99907,100,100368,100,99900,100
2019-06-28 09:40:57.221016741,99993,100,99977,156,100007,100,99975,156,100042,256,99974,100,100049,256,99972,100,100069,200,99971,100,100079,100,99947,100,100096,100,99934,100,100137,100,99916,100,100175,100,99907,100,100368,100,99900,100
2019-06-28 09:40:57.475798105,99993,100,99977,156,100007,100,99975,156,100042,256,99974,100,100049,256,99972,100,100069,200,99971,100,100079,100,99947,100,100096,100,99934,100,100137,100,99916,100,100175,100,99907,100,100368,100,99900,100
2019-06-28 09:40:57.690268965,99993,100,99977,156,100007,100,99975,156,100042,256,99974,100,100049,256,99972,100,100069,200,99971,100,100079,100,99947,100,100096,100,99934,100,100137,100,99916,100,100175,100,99907,100,100368,100,99900,100
2019-06-28 09:41:00.000000000,99993,413,99974,413,100007,100,99972,100,100042,100,99971,100,100049,100,99947,100,100069,200,99934,100,100079,100,99916,100,100096,100,99907,100,100137,100,99900,100,100175,100,99862,100,100368,100,99846,100
2019-06-28 09:41:10.000000000,99993,178,99974,178,100007,178,99972,178,100042,178,99971,178,100049,178,99947,178,100069,200,99934,100,100079,100,99916,100,100096,100,99907,100,100137,100,99900,100,100175,100,99862,100,100368,100,99846,100
2019-06-28 09:41:20.000000000,99993,413,99974,413,100007,100,99972,100,100042,100,99971,100,100049,100,99947,100,100069,200,99934,100,100079,100,99916,100,100096,100,99907,100,100137,100,99900,100,100175,100,99862,100,100368,100,99846,100
2019-06-28 09:41:30.000000000,99993,256,99974,256,100007,256,99972,256,100042,100,99971,100,100049,100,99947,100,100069,200,99934,100,100079,100,99916,100,100096,100,99907,100,100137,100,99900,100,100175,100,99862,100,100368,100,99846,100
2019-06-28 09:41:33.203145417,99993,256,99974,256,100007,256,99972,256,100042,100,99971,100,100049,100,99947,100,100069,200,99934,100,100079,100,99916,100,100096,100,99907,100,100137,100,99900,100,100175,100,99862,100,100368,100,99846,100
2019-06-28 09:41:39.452449187,99993,256,99974,256,100007,256,99972,256,100042,100,99971,100,100049,100,99947,100,100069,200,99934,100,100079,100,99916,100,100096,100,99907,100,100137,100,99900,100,100175,100,99862,100,100368,100,99846,100
2019-06-28 09:41:40.000000000,99993,256,99974,256,100007,256,99972,256,100042,100,99971,100,100049,100,99947,100,100069,200,99934,100,100079,100,99916,100,100096,100,99907,100,100137,100,99900,100,100175,100,99862,100,100368,100,99846,100
2019-06-28 09:41:50.000000000,99993,206,99974,206,100007,203,99972,203,100042,203,99971,203,100049,100,99947,100,100069,200,99934,100,100079,100,99916,100,100096,100,99907,100,100137,100,99900,100,100175,100,99862,100,100368,100,99846,100
2019-06-28 09:42:00.000000000,99993,413,99974,413,100007,100,99972,100,100042,100,99971,100,100049,100,99947,100,100069,200,99934,100,100079,100,99916,100,100096,100,99907,100,100137,100,99900,100,100175,100,99862,100,100368,100,99846,100
2019-06-28 09:42:08.785045388,99993,413,99974,413,100007,100,99972,100,100042,100,99971,100,100049,100,99947,100,100069,200,99934,100,100079,100,99907,100,100096,100,99900,100,100137,100,99862,100,100175,100,99846,100,100368,100,99841,100
2019-06-28 09:42:10.000000000,99993,163,99974,163,100007,163,99972,163,100042,163,99971,163,100049,163,99947,163,100069,263,99934,163,100079,100,99907,100,100096,100,99900,100,100137,100,99862,100,100175,100,99846,100,100368,100,99841,100
2019-06-28 09:42:20.000000000,99993,206,99974,206,100007,203,99972,203,100042,203,99971,203,100049,100,99947,100,100069,200,99934,100,100079,100,99907,100,100096,100,99900,100,100137,100,99862,100,100175,100,99846,100,100368,100,99841,100
2019-06-28 09:42:20.589277091,99993,206,99974,106,100007,203,99972,203,100042,203,99971,203,100049,100,99947,100,100069,200,99934,100,100079,100,99907,100,100096,100,99900,100,100137,100,99862,100,100175,100,99846,100,100368,100,99841,100
2019-06-28 09:42:28.365330819,99977,100,99974,106,99993,206,99972,203,100007,203,99971,203,100042,203,99947,100,100049,100,99934,100,100069,200,99907,100,100079,100,99900,100,100096,100,99862,100,100137,100,99846,100,100175,100,99841,100
2019-06-28 09:42:30.000000000,99977,256,99972,256,99993,256,99971,256,100007,100,99947,100,100042,100,99934,100,100049,100,99907,100,100069,200,99900,100,100079,100,99862,100,100096,100,99846,100,100137,100,99841,100,100175,100,99782,100
2019-06-28 09:42:39.272335087,99977,256,99972,256,99993,256,99971,256,100007,100,99947,100,100042,100,99934,100,100049,100,99907,100,100069,200,99900,100,100079,100,99862,100,100096,100,99846,100,100137,100,99841,100,100175,100,99782,100
2019-06-28 09:42:40.000000000,99977,163,99972,163,99993,163,99971,163,100007,163,99947,163,100042,163,99934,163,100049,163,99907,163,100069,200,99900,100,100079,100,99862,100,100096,100,99846,100,100137,100,99841,100,100175,100,99782,100
2019-06-28 09:42:48.983117995,99977,263,99972,163,99993,163,99971,163,100007,163,99947,163,100042,163,99934,163,100049,163,99907,163,100069,200,99900,100,100079,100,99862,100,100096,100,99846,100,100137,100,99841,100,100175,100,99782,100
2019-06-28 09:42:50.000000000,99977,513,99972,413,99993,100,99971,100,100007,100,99947,100,100042,100,99934,100,100049,100,99907,100,100069,200,99900,100,100079,100,99862,100,100096,100,99846,100,100137,100,99841,100,100175,100,99782,100
2019-06-28 09:43:00.000000000,99977,356,99972,256,99993,256,99971,256,100007,100,99947,100,100042,100,99934,100,100049,100,99907,100,100069,200,99900,100,100079,100,99862,100,100096,100,99846,100,100137,100,99841,100,100175,100,99782,100
2019-06-28 09:43:03.212578873,99977,356,99972,256,99993,256,99971,256,100007,100,99947,100,100042,100,99934,100,100049,100,99907,100,100069,200,99900,100,100079,100,99862,100,100096,100,99846,100,100137,100,99841,100,100175,100,99782,100
2019-06-28 09:43:10.000000000,99977,513,99972,413,99993,100,99971,100,100007,100,99947,100,100042,100,99934,100,100049,100,99907,100,100069,200,99900,100,100079,100,99862,100,100096,100,99846,100,100137,100,99841,100,100175,100,99782,100
2019-06-28 09:43:19.320304504,99977,613,99972,413,99993,100,99971,100,100007,100,99947,100,100042,100,99934,100,100049,100,99907,100,100069,200,99900,100,100079,100,99862,100,100096,100,99846,100,100137,100,99841,100,100175,100,99782,100
2019-06-28 09:43:20.000000000,99977,456,99972,256,99993,256,99971,256,100007,100,99947,100,100042,100,99934,100,100049,100,99907,100,100069,200,99900,100,100079,100,99862,100,100096,100,99846,100,100137,100,99841,100,100175,100,99782,100
2019-06-28 09:43:20.762306711,99977,456,99972,156,99993,256,99971,256,100007,100,99947,100,100042,100,99934,100,100049,100,99907,100,100069,200,99900,100,100079,100,99862,100,100096,100,99846,100,100137,100,99841,100,100175,100,99782,100
2019-06-28 09:43:30.000000000,99977,363,99971,163,99993,163,99947,163,100007,163,99934,163,100042,163,99907,163,100049,163,99900,163,100069,200,99862,100,100079,100,99846,100,100096,100,99841,100,100137,100,99782,100,100175,100,99720,100
2019-06-28 09:43:40.000000000,99977,406,99971,206,99993,203,99947,203,100007,203,99934,203,100042,100,99907,100,100049,100,99900,100,100069,200,99862,100,100079,100,99846,100,100096,100,99841,100,100137,100,99782,100,100175,100,99720,100
2019-06-28 09:43:50.000000000,99977,406,99971,206,99993,203,99947,203,100007,203,99934,203,100042,100,99907,100,100049,100,99900,100,100069,200,99862,100,100079,100,99846,100,100096,100,99841,100,100137,100,99782,100,100175,100,99720,100
2019-06-28 09:44:00.000000000,99977,363,99971,163,99993,163,99947,163,100007,163,99934,163,100042,163,99907,163,100049,163,99900,163,100069,200,99862,100,100079,100,99846,100,100096,100,99841,100,100137,100,99782,100,100175,100,99720,100
2019-06-28 09:44:10.000000000,99977,456,99971,256,99993,256,99947,256,100007,100,99934,100,100042,100,99907,100,100049,100,99900,100,100069,200,99862,100,100079,100,99846,100,100096,100,99841,100,100137,100,99782,100,100175,100,99720,100
2019-06-28 09:44:20.000000000,99977,613,99971,413,99993,100,99947,100,100007,100,99934,100,100042,100,99907,100,100049,100,99900,100,100069,200,99862,100,100079,100,99846,100,100096,100,99841,100,100137,100,99782,100,100175,100,99720,100
2019-06-28 09:44:30.000000000,99977,613,99971,413,99993,100,99947,100,100007,100,99934,100,100042,100,99907,100,100049,100,99900,100,100069,200,99862,100,100079,100,99846,100,100096,100,99841,100,100137,100,99782,100,100175,100,99720,100
2019-06-28 09:44:40.000000000,99977,456,99971,256,99993,256,99947,256,100007,100,99934,100,100042,100,99907,100,100049,100,99900,100,100069,200,99862,100,100079,100,99846,100,100096,100,99841,100,100137,100,99782,100,100175,100,99720,100
2019-06-28 09:44:50.000000000,99977,363,99971,163,99993,163,99947,163,100007,163,99934,163,100042,163,99907,163,100049,163,99900,163,100069,200,99862,100,100079,100,99846,100,100096,100,99841,100,100137,100,99782,100,100175,100,99720,100
2019-06-28 09:44:50.651052692,99977,263,99971,163,99993,163,99947,163,100007,163,99934,163,100042,163,99907,163,100049,163,99900,163,100069,200,99862,100,100079,100,99846,100,100096,100,99841,100,100137,100,99782,100,100175,100,99720,100
2019-06-28 09:44:53.465935654,99977,163,99971,163,99993,163,99947,63,100007,163,99934,163,100042,163,99907,163,100049,163,99900,163,100069,200,99862,100,100079,100,99846,100,100096,100,99841,100,100137,100,99782,100,100175,100,99720,100
2019-06-28 09:45:00.000000000,99977,413,99971,413,99993,100,99934,100,100007,100,99907,100,100042,100,99900,100,100049,100,99862,100,100069,200,99846,100,100079,100,99841,100,100096,100,99782,100,100137,100,99720,100,100175,100,99709,100
2019-06-28 09:45:05.378292143,99977,413,99971,413,99993,100,99934,100,100007,100,99907,100,100042,100,99900,100,100049,100,99862,100,100069,200,99846,100,100079,100,99841,100,100096,100,99782,100,100137,100,99720,100,100175,100,99709,100
2019-06-28 09:45:10.000000000,99977,178,99971,178,99993,178,99934,178,100007,178,99907,178,100042,178,99900,178,100049,100,99862,100,100069,200,99846,100,100079,100,99841,100,100096,100,99782,100,100137,100,99720,100,100175,100,99709,100
2019-06-28 09:45:20.000000000,99977,163,99971,163,99993,163,99934,163,100007,163,99907,163,100042,163,99900,163,100049,163,99862,163,100069,200,99846,100,100079,100,99841,100,100096,100,99782,100,100137,100,99720,100,100175,100,99709,100
2019-06-28 09:45:30.000000000,99977,163,99971,163,99993,163,99934,163,100007,163,99907,163,100042,163,99900,163,100049,163,99862,163,100069,200,99846,100,100079,100,99841,100,100096,100,99782,100,100137,100,99720,100,100175,100,99709,100
2019-06-28 09:45:31.215723652,99977,63,99971,163,99993,163,99934,163,100007,163,99907,163,100042,163,99900,163,100049,163,99862,163,100069,200,99846,100,100079,100,99841,100,100096,100,99782,100,100137,100,99720,100,100175,100,99709,100
2019-06-28 09:45:40.000000000,99993,163,99971,163,100007,163,99934,163,100042,163,99907,163,100049,163,99900,163,100069,263,99862,163,100079,100,99846,100,100096,100,99841,100,100137,100,99782,100,100175,100,99720,100,100368,100,99709,100
2019-06-28 09:45:50.000000000,99993,163,99971,163,100007,163,99934,163,100042,163,99907,163,100049,163,99900,163,100069,263,99862,163,100079,100,99846,100,100096,100,99841,100,100137,100,99782,100,100175,100,99720,100,100368,100,99709,100
2019-06-28 09:45:51.018753763,99993,163,99971,163,100007,163,99934,163,100042,163,99907,163,100049,163,99900,163,100069,263,99862,163,100079,100,99846,100,100096,100,99841,100,100137,100,99782,100,100175,100,99720,100,100371,100,99709,100
2019-06-28 09:45:59.329323764,99993,63,99971,163,100007,163,99934,163,100042,163,99907,163,100049,163,99900,163,100069,263,99862,163,100079,100,99846,100,100096,100,99841,100,100137,100,99782,100,100175,100,99720,100,100371,100,99709,100
2019-06-28 09:46:00.000000000,100007,256,99971,256,100042,256,99934,256,100049,100,99907,100,100069,200,99900,100,100079,100,99862,100,100096,100,99846,100,100137,100,99841,100,100175,100,99782,100,100371,100,99720,100,100518,100,99709,100
2019-06-28 09:46:10.000000000,100007,178,99971,178,100042,178,99934,178,100049,178,99907,178,100069,278,99900,178,100079,100,99862,100,100096,100,99846,100,100137,100,99841,100,100175,100,99782,100,100371,100,99720,100,100518,100,99709,100
2019-06-28 09:46:20.000000000,100007,206,99971,206,100042,203,99934,203,100049,203,99907,203,100069,200,99900,100,100079,100,99862,100,100096,100,99846,100,100137,100,99841,100,100175,100,99782,100,100371,100,99720,100,100518,100,99709,100
2019-06-28 09:46:29.005283733,100007,106,99971,106,100042,203,99934,203,100049,203,99907,203,100069,200,99900,100,100079,100,99862,100,100096,100,99846,100,100137,100,99841,100,100175,100,99782,100,100371,100,99720,100,100518,100,99709,100
2019-06-28 09:46:29.726438090,100007,6,99971,106,100042,203,99934,203,100049,203,99907,203,100069,200,99900,100,100079,100,99862,100,100096,100,99846,100,100137,100,99841,100,100371,100,99782,100,100518,100,99720,100,100533,100,99709,100
2019-06-28 09:46:30.000000000,100042,413,99934,413,100049,100,99907,100,100069,200,99900,100,100079,100,99862,100,100096,100,99846,100,100137,100,99841,100,100371,100,99782,100,100518,100,99720,100,100533,100,99709,100,100544,100,99656,100
2019-06-28 09:46:40.000000000,100042,178,99934,178,100049,178,99907,178,100069,278,99900,178,100079,178,99862,178,100096,100,99846,100,100137,100,99841,100,100371,100,99782,100,100518,100,99720,100,100533,100,99709,100,100544,100,99656,100
2019-06-28 09:46:50.000000000,100042,163,99934,163,100049,163,99907,163,100069,263,99900,163,100079,163,99862,163,100096,163,99846,163,100137,100,99841,100,100371,100,99782,100,100518,100,99720,100,100533,100,99709,100,100544,100,99656,100
2019-06-28 09:46:52.223266396,100042,163,100036,100,100049,163,99934,163,100069,263,99907,163,100079,163,99900,163,100096,163,99862,163,100137,100,99846,163,100371,100,99841,100,100518,100,99782,100,100533,100,99720,100,100544,100,99709,100
2019-06-28 09:46:55.358728393,100042,163,100036,100,100049,163,100007,100,100069,263,99934,163,100079,163,99907,163,100096,163,99900,163,100137,100,99862,163,100371,100,99846,163,100518,100,99841,100,100533,100,99782,100,100544,100,99720,100
2019-06-28 09:47:00.000000000,100042,413,100036,413,100049,100,100007,100,100069,200,99934,100,100079,100,99907,100,100096,100,99900,100,100137,100,99862,100,100371,100,99846,100,100518,100,99841,100,100533,100,99782,100,100544,100,99720,100
2019-06-28 09:47:10.000000000,100042,206,100036,206,100049,203,100007,203,100069,303,99934,203,100079,100,99907,100,100096,100,99900,100,100137,100,99862,100,100371,100,99846,100,100518,100,99841,100,100533,100,99782,100,100544,100,99720,100
2019-06-28 09:47:17.839367237,100042,206,100036,106,100049,203,100007,203,100069,303,99934,203,100079,100,99907,100,100096,100,99900,100,100137,100,99862,100,100371,100,99846,100,100518,100,99841,100,100533,100,99782,100,100544,100,99720,100
2019-06-28 09:47:20.000000000,100042,413,100007,413,100049,100,99934,100,100069,200,99907,100,100079,100,99900,100,100096,100,99862,100,100137,100,99846,100,100371,100,99841,100,100518,100,99782,100,100533,100,99720,100,100544,100,99709,100
2019-06-28 09:47:25.352216531,100036,100,100007,313,100042,413,99934,100,100049,100,99907,100,100069,200,99900,100,100079,100,99862,100,100096,100,99846,100,100137,100,99841,100,100371,100,99782,100,100518,100,99720,100,100533,100,99709,100
2019-06-28 09:47:30.000000000,100036,178,99934,178,100042,178,99907,178,100049,178,99900,178,100069,278,99862,178,100079,100,99846,100,100096,100,99841,100,100137,100,99782,100,100371,100,99720,100,100518,100,99709,100,100533,100,99656,100
2019-06-28 09:47:40.000000000,100036,178,99934,178,100042,178,99907,178,100049,178,99900,178,100069,278,99862,178,100079,100,99846,100,100096,100,99841,100,100137,100,99782,100,100371,100,99720,100,100518,100,99709,100,100533,100,99656,100
2019-06-28 09:47:50.000000000,100036,413,99934,413,100042,100,99907,100,100049,100,99900,100,100069,200,99862,100,100079,100,99846,100,100096,100,99841,100,100137,100,99782,100,100371,100,99720,100,100518,100,99709,100,100533,100,99656,100
2019-06-28 09:47:51.793327640,100036,313,99934,413,100042,100,99907,100,100049,100,99900,100,100069,200,99862,100,100079,100,99846,100,100096,100,99841,100,100137,100,99782,100,100371,100,99720,100,100518,100,99709,100,100533,100,99656,100
2019-06-28 09:48:00.000000000,100042,163,99934,163,100049,163,99907,163,100069,263,99900,163,100079,163,99862,163,100096,163,99846,163,100137,100,99841,100,100371,100,99782,100,100518,100,99720,100,100533,100,99709,100,100544,100,99656,100
2019-06-28 09:48:10.000000000,100042,163,99934,163,100049,163,99907,163,100069,263,99900,163,100079,163,99862,163,100096,163,99846,163,100137,100,99841,100,100371,100,99782,100,100518,100,99720,100,100533,100,99709,100,100544,100,99656,100
2019-06-28 09:48:16.203076555,100042,63,99934,163,100049,163,99907,163,100069,263,99900,163,100079,163,99862,63,100096,163,99846,163,100137,100,99841,100,100371,100,99782,100,100518,100,99720,100,100533,100,99709,100,100544,100,99656,100
2019-06-28 09:48:20.000000000,100049,413,99934,413,100069,200,99907,100,100079,100,99900,100,100096,100,99846,100,100137,100,99841,100,100371,100,99782,100,100518,100,99720,100,100533,100,99709,100,100544,100,99656,100,100735,100,99586,100
2019-06-28 09:48:30.000000000,100049,256,99934,256,100069,356,99907,256,100079,100,99900,100,100096,100,99846,100,100137,100,99841,100,100371,100,99782,100,100518,100,99720,100,100533,100,99709,100,100544,100,99656,100,100735,100,99586,100
2019-06-28 09:48:40.000000000,100049,178,99934,178,100069,278,99907,178,100079,178,99900,178,100096,178,99846,178,100137,100,99841,100,100371,100,99782,100,100518,100,99720,100,100533,100,99709,100,100544,100,99656,100,100735,100,99586,100
2019-06-28 09:48:49.735214509,100049,178,99934,178,100069,278,99907,178,100079,178,99900,178,100096,178,99846,178,100137,100,99841,100,100371,100,99782,100,100517,100,99720,100,100518,100,99709,100,100533,100,99656,100,100544,100,99586,100
2019-06-28 09:48:50.000000000,100049,178,99934,178,100069,278,99907,178,100079,178,99900,178,100096,178,99846,178,100137,100,99841,100,100371,100,99782,100,100517,100,99720,100,100518,100,99709,100,100533,100,99656,100,100544,100,99586,100
2019-06-28 09:49:00.000000000,100049,256,99934,256,100069,356,99907,256,100079,100,99900,100,100096,100,99846,100,100137,100,99841,100,100371,100,99782,100,100517,100,99720,100,100518,100,99709,100,100533,100,99656,100,100544,100,99586,100
2019-06-28 09:49:10.000000000,100049,163,99934,163,100069,263,99907,163,100079,163,99900,163,100096,163,99846,163,100137,163,99841,163,100371,100,99782,100,100517,100,99720,100,100518,100,99709,100,100533,100,99656,100,100544,100,99586,100
2019-06-28 09:49:20.000000000,100049,163,99934,163,100069,263,99907,163,100079,163,99900,163,100096,163,99846,163,100137,163,99841,163,100371,100,99782,100,100517,100,99720,100,100518,100,99709,100,100533,100,99656,100,100544,100,99586,100
2019-06-28 09:49:22.068967138,100049,163,99934,163,100069,263,99907,163,100079,163,99900,163,100096,163,99846,163,100137,163,99841,163,100371,100,99720,100,100517,100,99709,100,100518,100,99656,100,100533,100,99586,100,100544,100,99498,100
2019-06-28 09:49:27.168999880,100049,163,100036,100,100069,263,99934,163,100079,163,99907,63,100096,163,99900,163,100137,163,99846,163,100371,100,99841,163,100517,100,99720,100,100518,100,99709,100,100533,100,99656,100,100544,100,99586,100
2019-06-28 09:49:30.000000000,100049,413,100036,413,100069,200,99934,100,100079,100,99900,100,100096,100,99846,100,100137,100,99841,100,100371,100,99720,100,100517,100,99709,100,100518,100,99656,100,100533,100,99586,100,100544,100,99498,100
2019-06-28 09:49:33.766575782,100049,313,100036,413,100069,200,99934,100,100079,100,99900,100,100096,100,99846,100,100137,100,99841,100,100371,100,99720,100,100517,100,99709,100,100533,100,99656,100,100544,100,99586,100,100696,100,99498,100
2019-06-28 09:49:40.000000000,100069,306,100036,206,100079,203,99934,203,100096,203,99900,203,100137,100,99846,100,100371,100,99841,100,100517,100,99720,100,100533,100,99709,100,100544,100,99656,100,100696,100,99586,100,100735,100,99498,100
2019-06-28 09:49:45.268336363,100069,206,100036,206,100079,203,99934,203,100096,203,99900,203,100137,100,99846,100,100371,100,99841,100,100517,100,99720,100,100533,100,99709,100,100544,100,99656,100,100696,100,99586,100,100735,100,99498,100
2019-06-28 09:49:50.000000000,100069,178,100036,178,100079,178,99934,178,100096,178,99900,178,100137,178,99846,178,100371,100,99841,100,100517,100,99720,100,100533,100,99709,100,100544,100,99656,100,100696,100,99586,100,100735,100,99498,100
2019-06-28 09:50:00.000000000,100069,163,100036,163,100079,163,99934,163,100096,163,99900,163,100137,163,99846,163,100371,163,99841,163,100517,100,99720,100,100533,100,99709,100,100544,100,99656,100,100696,100,99586,100,100735,100,99498,100
2019-06-28 09:50:05.863745503,100069,63,100036,163,100079,163,99934,163,100096,163,99900,163,100137,163,99846,163,100371,163,99841,163,100517,100,99720,100,100533,100,99709,100,100544,100,99656,100,100696,100,99586,100,100735,100,99498,100
2019-06-28 09:50:08.738245004,100079,163,100069,37,100096,163,100036,163,100137,163,99934,163,100371,163,99900,163,100517,100,99846,163,100533,100,99841,163,100544,100,99720,100,100696,100,99709,100,100735,100,99586,100,101065,100,99498,100
2019-06-28 09:50:10.000000000,100079,413,100069,350,100096,100,100036,100,100137,100,99934,100,100371,100,99900,100,100517,100,99846,100,100533,100,99841,100,100544,100,99720,100,100696,100,99709,100,100735,100,99586,100,101065,100,99498,100
2019-06-28 09:50:20.000000000,100079,413,100069,350,100096,100,100036,100,100137,100,99934,100,100371,100,99900,100,100517,100,99846,100,100533,100,99841,100,100544,100,99720,100,100696,100,99709,100,100735,100,99586,100,101065,100,99498,100
2019-06-28 09:50:30.000000000,100079,256,100069,193,100096,256,100036,256,100137,100,99934,100,100371,100,99900,100,100517,100,99846,100,100533,100,99841,100,100544,100,99720,100,100696,100,99709,100,100735,100,99586,100,101065,100,99498,100
2019-06-28 09:50:40.000000000,100079,256,100069,193,100096,256,100036,256,100137,100,99934,100,100371,100,99900,100,100517,100,99846,100,100533,100,99841,100,100544,100,99720,100,100696,100,99709,100,100735,100,99586,100,101065,100,99498,100
2019-06-28 09:50:47.273589309,100079,156,100069,193,100096,256,100036,256,100137,100,99934,100,100371,100,99900,100,100517,100,99846,100,100533,100,99841,100,100544,100,99720,100,100696,100,99709,100,100735,100,99586,100,101065,100,99498,100
2019-06-28 09:50:50.000000000,100096,163,100069,100,100137,163,100036,163,100371,163,99934,163,100517,163,99900,163,100533,163,99846,163,100544,100,99841,100,100696,100,99720,100,100735,100,99709,100,101065,100,99586,100,101147,100,99498,100
2019-06-28 09:51:00.000000000,100096,163,100069,100,100137,163,100036,163,100371,163,99934,163,100517,163,99900,163,100533,163,99846,163,100544,100,99841,100,100696,100,99720,100,100735,100,99709,100,101065,100,99586,100,101147,100,99498,100
2019-06-28 09:51:10.000000000,100096,163,100069,100,100137,163,100036,163,100371,163,99934,163,100517,163,99900,163,100533,163,99846,163,100544,100,99841,100,100696,100,99720,100,100735,100,99709,100,101065,100,99586,100,101147,100,99498,100
2019-06-28 09:51:20.000000000,100096,206,100069,143,100137,203,100036,203,100371,203,99934,203,100517,100,99900,100,100533,100,99846,100,100544,100,99841,100,100696,100,99720,100,100735,100,99709,100,101065,100,99586,100,101147,100,99498,100
2019-06-28 09:51:30.000000000,100096,206,100069,143,100137,203,100036,203,100371,203,99934,203,100517,100,99900,100,100533,100,99846,100,100544,100,99841,100,100696,100,99720,100,100735,100,99709,100,101065,100,99586,100,101147,100,99498,100
2019-06-28 09:51:40.000000000,100096,206,100069,143,100137,203,100036,203,100371,203,99934,203,100517,100,99900,100,100533,100,99846,100,100544,100,99841,100,100696,100,99720,100,100735,100,99709,100,101065,100,99586,100,101147,100,99498,100
2019-06-28 09:51:50.000000000,100096,178,100069,115,100137,178,100036,178,100371,178,99934,178,100517,178,99900,178,100533,100,99846,100,100544,100,99841,100,100696,100,99720,100,100735,100,99709,100,101065,100,99586,100,101147,100,99498,100
2019-06-28 09:52:00.000000000,100096,178,100069,115,100137,178,100036,178,100371,178,99934,178,100517,178,99900,178,100533,100,99846,100,100544,100,99841,100,100696,100,99720,100,100735,100,99709,100,101065,100,99586,100,101147,100,99498,100
2019-06-28 09:52:10.000000000,100096,256,100069,193,100137,256,100036,256,100371,100,99934,100,100517,100,99900,100,100533,100,99846,100,100544,100,99841,100,100696,100,99720,100,100735,100,99709,100,101065,100,99586,100,101147,100,99498,100
2019-06-28 09:52:18.851349831,100096,256,100069,193,100137,256,100036,256,100371,100,99934,100,100517,100,99900,100,100533,100,99846,100,100544,100,99841,100,100686,100,99720,100,100696,100,99709,100,100735,100,99586,100,101065,100,99498,100
2019-06-28 09:52:20.000000000,100096,178,100069,115,100137,178,100036,178,100371,178,99934,178,100517,178,99900,178,100533,100,99846,100,100544,100,99841,100,100686,100,99720,100,100696,100,99709,100,100735,100,99586,100,101065,100,99498,100
2019-06-28 09:52:22.046166292,100096,178,100070,100,100137,178,100069,115,100371,178,100036,178,100517,178,99934,178,100533,100,99900,178,100544,100,99846,100,100686,100,99841,100,100696,100,99720,100,100735,100,99709,100,101065,100,99586,100
2019-06-28 09:52:30.000000000,100096,256,100070,256,100137,256,100069,193,100371,100,100036,100,100517,100,99934,100,100533,100,99900,100,100544,100,99846,100,100686,100,99841,100,100696,100,99720,100,100735,100,99709,100,101065,100,99586,100
2019-06-28 09:52:40.000000000,100096,206,100070,206,100137,203,100069,140,100371,203,100036,203,100517,100,99934,100,100533,100,99900,100,100544,100,99846,100,100686,100,99841,100,100696,100,99720,100,100735,100,99709,100,101065,100,99586,100
2019-06-28 09:52:50.000000000,100096,413,100070,413,100137,100,100069,37,100371,100,100036,100,100517,100,99934,100,100533,100,99900,100,100544,100,99846,100,100686,100,99841,100,100696,100,99720,100,100735,100,99709,100,101065,100,99586,100
2019-06-28 09:53:00.000000000,100096,206,100070,206,100137,203,100069,140,100371,203,100036,203,100517,100,99934,100,100533,100,99900,100,100544,100,99846,100,100686,100,99841,100,100696,100,99720,100,100735,100,99709,100,101065,100,99586,100
2019-06-28 09:53:03.749307233,100096,106,100070,206,100137,203,100069,140,100371,203,100036,203,100517,100,99934,100,100533,100,99900,100,100544,100,99846,100,100686,100,99841,100,100696,100,99720,100,100735,100,99709,100,101065,100,99586,100
2019-06-28 09:53:09.326499547,100096,106,100079,100,100137,203,100070,206,100371,203,100069,140,100517,100,100036,203,100533,100,99934,100,100544,100,99900,100,100686,100,99846,100,100696,100,99841,100,100735,100,99720,100,101065,100,99709,100
2019-06-28 09:53:10.000000000,100137,206,100079,206,100371,203,100070,203,100517,203,100069,140,100533,100,100036,100,100544,100,99934,100,100686,100,99900,100,100696,100,99846,100,100735,100,99841,100,101065,100,99720,100,101147,100,99709,100
2019-06-28 09:53:20.000000000,100137,256,100079,256,100371,256,100070,256,100517,100,100069,37,100533,100,100036,100,100544,100,99934,100,100686,100,99900,100,100696,100,99846,100,100735,100,99841,100,101065,100,99720,100,101147,100,99709,100
2019-06-28 09:53:29.525941221,100137,156,100079,256,100371,256,100070,256,100517,100,100069,37,100533,100,100036,100,100544,100,99934,100,100686,100,99900,100,100696,100,99846,100,100735,100,99841,100,101065,100,99720,100,101147,100,99586,100
2019-06-28 09:53:30.000000000,100371,256,100079,256,100517,256,100070,256,100533,100,100069,37,100544,100,100036,100,100686,100,99934,100,100696,100,99900,100,100735,100,99846,100,101065,100,99841,100,101147,100,99720,100,,,99586,100
2019-06-28 09:53:31.937813565,100371,156,100079,256,100517,256,100070,256,100533,100,100069,37,100544,100,100036,100,100686,100,99934,100,100696,100,99900,100,100735,100,99846,100,101065,100,99841,100,101147,100,99720,100,,,99586,100
2019-06-28 09:53:40.000000000,100517,178,100079,178,100533,178,100070,178,100544,178,100069,115,100686,178,100036,178,100696,100,99934,100,100735,100,99900,100,101065,100,99846,100,101147,100,99841,100,,,99720,100,,,99586,100
2019-06-28 09:53:50.000000000,100517,206,100079,206,100533,203,100070,203,100544,203,100069,140,100686,100,100036,100,100696,100,99934,100,100735,100,99900,100,101065,100,99846,100,101147,100,99841,100,,,99720,100,,,99586,100
2019-06-28 09:53:52.185193734,100181,100,100079,206,100517,206,100070,203,100533,203,100069,140,100544,103,100036,100,100686,100,99934,100,100696,100,99900,100,100735,100,99846,100,101065,100,99841,100,101147,100,99720,100,,,99586,100
2019-06-28 09:54:00.000000000,100181,163,100079,163,100517,163,100070,163,100533,163,100069,100,100686,163,100036,163,100696,163,99934,163,100735,100,99900,100,101065,100,99846,100,101147,100,99841,100,,,99720,100,,,99586,100
2019-06-28 09:54:00.767100868,100181,63,100079,163,100517,63,100070,163,100533,163,100069,100,100686,163,100036,163,100696,163,99934,163,100735,100,99900,100,101065,100,99846,100,101147,100,99841,100,,,99720,100,,,99586,100
2019-06-28 09:54:10.000000000,100533,256,100079,256,100686,256,100070,256,100696,100,100069,37,100735,100,100036,100,101065,100,99934,100,101147,100,99900,100,,,99846,100,,,99841,100,,,99720,100,,,99586,100
2019-06-28 09:54:20.000000000,100533,206,100079,206,100686,203,100070,203,100696,203,100069,140,100735,100,100036,100,101065,100,99934,100,101147,100,99900,100,,,99846,100,,,99841,100,,,99720,100,,,99586,100
2019-06-28 09:54:28.813220378,100533,206,100079,206,100686,203,100070,203,100696,203,100069,140,100735,100,100036,100,101065,100,99934,100,101147,100,99900,100,,,99894,100,,,99846,100,,,99841,100,,,99720,100
2019-06-28 09:54:30.000000000,100533,178,100079,178,100686,178,100070,178,100696,178,100069,115,100735,178,100036,178,101065,100,99934,100,101147,100,99900,100,,,99894,100,,,99846,100,,,99841,100,,,99720,100
2019-06-28 09:54:40.000000000,100533,413,100079,413,100686,100,100070,100,100696,100,100069,37,100735,100,100036,100,101065,100,99934,100,101147,100,99900,100,,,99894,100,,,99846,100,,,99841,100,,,99720,100
2019-06-28 09:54:50.000000000,100533,206,100079,206,100686,203,100070,203,100696,203,100069,140,100735,100,100036,100,101065,100,99934,100,101147,100,99900,100,,,99894,100,,,99846,100,,,99841,100,,,99720,100
2019-06-28 09:54:58.508680805,100445,100,100079,206,100533,206,100070,203,100686,203,100069,140,100696,203,100036,100,100735,100,99934,100,101065,100,99900,100,101147,100,99894,100,,,99846,100,,,99841,100,,,99720,100
2019-06-28 09:55:00.000000000,100445,256,100079,256,100533,256,100070,256,100686,100,100069,37,100696,100,100036,100,100735,100,99934,100,101065,100,99900,100,101147,100,99894,100,,,99846,100,,,99841,100,,,99720,100
2019-06-28 09:55:02.494108275,100445,156,100079,256,100533,256,100070,256,100686,100,100069,37,100696,100,100036,100,100735,100,99934,100,101065,100,99900,100,101147,100,99894,100,,,99846,100,,,99841,100,,,99720,100
2019-06-28 09:55:04.622503875,100444,100,100079,256,100445,156,100070,256,100533,256,100069,37,100686,100,100036,100,100696,100,99934,100,100735,100,99900,100,101065,100,99894,100,101147,100,99846,100,,,99841,100,,,99720,100
2019-06-28 09:55:10.000000000,100444,178,100079,178,100533,178,100070,178,100686,178,100069,115,100696,178,100036,178,100735,100,99934,100,101065,100,99900,100,101147,100,99894,100,,,99846,100,,,99841,100,,,99720,100
2019-06-28 09:55:20.000000000,100444,178,100079,178,100533,178,100070,178,100686,178,100069,115,100696,178,100036,178,100735,100,99934,100,101065,100,99900,100,101147,100,99894,100,,,99846,100,,,99841,100,,,99720,100
2019-06-28 09:55:27.346909261,100444,178,100079,178,100533,178,100070,178,100578,100,100069,115,100686,178,100036,178,100696,178,99934,100,100735,100,99900,100,101065,100,99894,100,101147,100,99846,100,,,99841,100,,,99720,100
2019-06-28 09:55:30.000000000,100444,178,100079,178,100533,178,100070,178,100578,178,100069,115,100686,178,100036,178,100696,100,99934,100,100735,100,99900,100,101065,100,99894,100,101147,100,99846,100,,,99841,100,,,99720,100
2019-06-28 09:55:30.554705729,100400,100,100079,178,100444,178,100070,178,100533,178,100069,115,100578,178,100036,178,100686,178,99934,100,100696,100,99900,100,100735,100,99894,100,101065,100,99846,100,101147,100,99841,100,,,99498,100
2019-06-28 09:55:32.058387240,100400,100,100310,100,100444,178,100079,178,100533,178,100070,178,100578,178,100069,115,100686,178,100036,178,100696,100,99934,100,100735,100,99900,100,101065,100,99894,100,101147,100,99846,100,,,99841,100
2019-06-28 09:55:37.571050529,100400,100,100389,100,100444,178,100310,100,100533,178,100079,178,100578,178,100070,178,100686,178,100069,115,100696,100,100036,178,100735,100,99934,100,101065,100,99900,100,101147,100,99894,100,,,99846,100
2019-06-28 09:55:38.171616201,100400,100,100389,100,100444,178,100310,100,100533,178,100255,100,100578,178,100079,178,100686,178,100070,178,100696,100,100069,115,100735,100,100036,178,101065,100,99934,100,101147,100,99900,100,,,99894,100
2019-06-28 09:55:40.000000000,100400,178,100389,178,100444,178,100310,178,100533,178,100255,178,100578,178,100079,178,100686,100,100070,100,100696,100,100069,37,100735,100,100036,100,101065,100,99934,100,101147,100,99900,100,,,99894,100
2019-06-28 09:55:50.000000000,100400,256,100389,256,100444,256,100310,256,100533,100,100255,100,100578,100,100079,100,100686,100,100070,100,100696,100,100069,37,100735,100,100036,100,101065,100,99934,100,101147,100,99900,100,,,99894,100
2019-06-28 09:55:51.200312063,100400,256,100389,156,100444,256,100310,256,100533,100,100255,100,100578,100,100079,100,100686,100,100070,100,100696,100,100069,37,100735,100,100036,100,101065,100,99934,100,101147,100,99900,100,,,99894,100
2019-06-28 09:56:00.000000000,100400,413,100310,413,100444,100,100255,100,100533,100,100079,100,100578,100,100070,100,100686,100,100069,37,100696,100,100036,100,100735,100,99934,100,101065,100,99900,100,101147,100,99894,100,,,99846,100
2019-06-28 09:56:03.949082544,100400,413,100310,413,100444,100,100270,100,100533,100,100255,100,100578,100,100079,100,100686,100,100070,100,100696,100,100069,37,100735,100,100036,100,101065,100,99934,100,101147,100,99900,100,,,99894,100
2019-06-28 09:56:10.000000000,100400,256,100310,256,100444,256,100270,256,100533,100,100255,100,100578,100,100079,100,100686,100,100070,100,100696,100,100069,37,100735,100,100036,100,101065,100,99934,100,101147,100,99900,100,,,99894,100
2019-06-28 09:56:14.130110610,100400,256,100310,256,100444,256,100270,256,100533,100,100255,100,100578,100,100224,100,100686,100,100079,100,100696,100,100070,100,100735,100,100069,37,101065,100,100036,100,101147,100,99934,100,,,99900,100
2019-06-28 09:56:16.720671515,100400,256,100364,100,100444,256,100310,256,100533,100,100270,256,100578,100,100255,100,100686,100,100224,100,100696,100,100079,100,100735,100,100070,100,101065,100,100069,37,101147,100,100036,100,,,99934,100
2019-06-28 09:56:20.000000000,100400,178,100364,178,100444,178,100310,178,100533,178,100270,178,100578,178,100255,178,100686,100,100224,100,100696,100,100079,100,100735,100,100070,100,101065,100,100069,37,101147,100,100036,100,,,99934,100
2019-06-28 09:56:29.098110884,100375,100,100364,178,100400,178,100310,178,100444,178,100270,178,100533,178,100255,178,100578,178,100224,100,100686,100,100079,100,100696,100,100070,100,100735,100,100069,37,101065,100,100036,100,101147,100,99934,100
2019-06-28 09:56:30.000000000,100375,178,100364,178,100400,178,100310,178,100444,178,100270,178,100533,178,100255,178,100578,100,100224,100,100686,100,100079,100,100696,100,100070,100,100735,100,100069,37,101065,100,100036,100,101147,100,99934,100
2019-06-28 09:56:32.832572339,100375,78,100364,178,100400,178,100310,178,100444,178,100270,178,100533,178,100255,178,100578,100,100224,100,100686,100,100079,100,100696,100,100070,100,100735,100,100069,37,101065,100,100036,100,101147,100,99934,100
2019-06-28 09:56:34.514147790,100375,78,100364,178,100400,178,100310,178,100444,178,100270,178,100533,178,100255,178,100578,100,100224,100,100638,100,100079,100,100686,100,100070,100,100696,100,100036,100,100735,100,99934,100,101065,100,99900,100
2019-06-28 09:56:40.000000000,100400,206,100364,206,100444,203,100310,203,100533,203,100270,203,100578,100,100255,100,100638,100,100224,100,100686,100,100079,100,100696,100,100070,100,100735,100,100036,100,101065,100,99934,100,101147,100,99900,100
2019-06-28 09:56:50.000000000,100400,178,100364,178,100444,178,100310,178,100533,178,100270,178,100578,178,100255,178,100638,100,100224,100,100686,100,100079,100,100696,100,100070,100,100735,100,100036,100,101065,100,99934,100,101147,100,99900,100
2019-06-28 09:56:56.849034598,100400,78,100364,178,100444,178,100310,178,100533,178,100270,178,100578,178,100255,178,100638,100,100224,100,100686,100,100079,100,100696,100,100070,100,100735,100,100036,100,101065,100,99934,100,101147,100,99900,100
2019-06-28 09:57:00.000000000,100444,206,100364,206,100533,203,100310,203,100578,203,100270,203,100638,100,100255,100,100686,100,100224,100,100696,100,100079,100,100735,100,100070,100,101065,100,100036,100,101147,100,99934,100,,,99900,100
2019-06-28 09:57:06.918565827,100444,206,100375,100,100533,203,100364,206,100578,203,100310,203,100638,100,100270,203,100686,100,100255,100,100696,100,100224,100,100735,100,100079,100,101065,100,100070,100,101147,100,100036,100,,,99934,100
2019-06-28 09:57:10.000000000,100444,206,100375,206,100533,203,100364,203,100578,203,100310,203,100638,100,100270,100,100686,100,100255,100,100696,100,100224,100,100735,100,100079,100,101065,100,100070,100,101147,100,100036,100,,,99934,100
2019-06-28 09:57:14.015387007,100444,206,100375,306,100533,203,100364,203,100578,203,100310,203,100638,100,100270,100,100686,100,100255,100,100696,100,100224,100,100735,100,100079,100,101065,100,100070,100,101147,100,100036,100,,,99934,100
2019-06-28 09:57:15.283782679,100444,106,100375,306,100533,203,100364,203,100578,203,100310,203,100638,100,100270,100,100686,100,100255,100,100696,100,100079,100,100735,100,100070,100,101065,100,100036,100,101147,100,99934,100,,,99900,100
2019-06-28 09:57:20.000000000,100533,256,100375,356,100578,256,100364,256,100638,100,100310,100,100686,100,100270,100,100696,100,100255,100,100735,100,100079,100,101065,100,100070,100,101147,100,100036,100,,,99934,100,,,99900,100
2019-06-28 09:57:30.000000000,100533,178,100375,278,100578,178,100364,178,100638,178,100310,178,100686,178,100270,178,100696,100,100255,100,100735,100,100079,100,101065,100,100070,100,101147,100,100036,100,,,99934,100,,,99900,100
2019-06-28 09:57:31.679367483,100533,78,100375,278,100578,178,100364,178,100638,178,100310,178,100686,178,100270,178,100696,100,100255,100,100735,100,100079,100,101065,100,100070,100,101147,100,100036,100,,,99934,100,,,99900,100
2019-06-28 09:57:38.352640983,100533,78,100444,100,100578,178,100375,278,100638,178,100364,178,100686,178,100310,178,100696,100,100270,178,100735,100,100255,100,101065,100,100079,100,101147,100,100070,100,,,100036,100,,,99934,100
2019-06-28 09:57:38.944523693,100578,178,100533,22,100638,178,100444,100,100686,178,100375,278,100696,100,100364,178,101065,100,100310,178,101147,100,100270,178,,,100255,100,,,100079,100,,,100070,100,,,100036,100
2019-06-28 09:57:40.000000000,100578,206,100533,128,100638,203,100444,203,100686,203,100375,303,100696,100,100364,100,101065,100,100310,100,101147,100,100270,100,,,100255,100,,,100079,100,,,100070,100,,,100036,100
2019-06-28 09:57:50.000000000,100578,206,100533,128,100638,203,100444,203,100686,203,100375,303,100696,100,100364,100,101065,100,100310,100,101147,100,100270,100,,,100255,100,,,100079,100,,,100070,100,,,100036,100
2019-06-28 09:58:00.000000000,100578,163,100533,85,100638,163,100444,163,100686,163,100375,263,100696,163,100364,163,101065,163,100310,163,101147,100,100270,100,,,100255,100,,,100079,100,,,100070,100,,,100036,100
2019-06-28 09:58:00.553564208,100578,63,100533,85,100638,163,100444,163,100686,163,100375,263,100696,163,100364,163,101065,163,100310,163,101147,100,100270,100,,,100255,100,,,100079,100,,,100070,100,,,100036,100
2019-06-28 09:58:08.133430637,100638,163,100578,37,100686,163,100533,85,100696,163,100444,163,101065,163,100375,263,101147,100,100364,163,,,100310,163,,,100270,100,,,100255,100,,,100079,100,,,100070,100
2019-06-28 09:58:10.000000000,100638,206,100578,143,100686,203,100533,125,100696,203,100444,203,101065,100,100375,200,101147,100,100364,100,,,100310,100,,,100270,100,,,100255,100,,,100079,100,,,100070,100
2019-06-28 09:58:10.287810206,100638,206,100578,106,100686,203,100533,125,100696,203,100444,203,100900,100,100375,200,101065,100,100364,100,101147,100,100310,100,,,100270,100,,,100255,100,,,100079,100,,,100070,100
2019-06-28 09:58:20.000000000,100638,256,100533,178,100686,256,100444,256,100696,100,100375,200,100900,100,100364,100,101065,100,100310,100,101147,100,100270,100,,,100255,100,,,100079,100,,,100070,100,,,100036,100
2019-06-28 09:58:30.000000000,100638,206,100533,128,100686,203,100444,203,100696,203,100375,303,100900,100,100364,100,101065,100,100310,100,101147,100,100270,100,,,100255,100,,,100079,100,,,100070,100,,,100036,100
2019-06-28 09:58:40.000000000,100638,256,100533,178,100686,256,100444,256,100696,100,100375,200,100900,100,100364,100,101065,100,100310,100,101147,100,100270,100,,,100255,100,,,100079,100,,,100070,100,,,100036,100
2019-06-28 09:58:50.000000000,100638,413,100533,335,100686,100,100444,100,100696,100,100375,200,100900,100,100364,100,101065,100,100310,100,101147,100,100270,100,,,100255,100,,,100079,100,,,100070,100,,,100036,100
2019-06-28 09:59:00.000000000,100638,206,100533,128,100686,203,100444,203,100696,203,100375,303,100900,100,100364,100,101065,100,100310,100,101147,100,100270,100,,,100255,100,,,100079,100,,,100070,100,,,100036,100
2019-06-28 09:59:02.743596908,100638,106,100533,128,100686,203,100444,203,100696,203,100375,303,100900,100,100364,100,101065,100,100310,100,101147,100,100270,100,,,100255,100,,,100079,100,,,100070,100,,,100036,100
2019-06-28 09:59:10.000000000,100686,163,100533,85,100696,163,100444,163,100900,163,100375,263,101065,163,100364,163,101147,163,100310,163,,,100270,100,,,100255,100,,,100079,100,,,100070,100,,,100036,100
2019-06-28 09:59:11.057420847,100533,15,100444,163,100686,163,100375,263,100696,163,100364,163,100900,163,100310,163,101065,163,100270,100,101147,163,100255,100,,,100079,100,,,100070,100,,,100036,100,,,99934,100
2019-06-28 09:59:13.242641362,100494,100,100444,163,100533,15,100375,263,100686,163,100364,163,100696,163,100310,163,100900,163,100270,100,101065,163,100255,100,101147,163,100079,100,,,100070,100,,,100036,100,,,99934,100
2019-06-28 09:59:16.754134084,100533,15,100444,163,100686,163,100375,263,100696,163,100364,163,100900,163,100310,163,101065,163,100270,100,101147,163,100255,100,,,100079,100,,,100070,100,,,100036,100,,,99934,100
2019-06-28 09:59:20.000000000,100533,93,100444,178,100686,178,100375,278,100696,178,100364,178,100900,178,100310,178,101065,100,100270,100,101147,100,100255,100,,,100079,100,,,100070,100,,,100036,100,,,99934,100
2019-06-28 09:59:30.000000000,100533,93,100444,178,100686,178,100375,278,100696,178,100364,178,100900,178,100310,178,101065,100,100270,100,101147,100,100255,100,,,100079,100,,,100070,100,,,100036,100,,,99934,100
2019-06-28 09:59:35.185713881,100533,93,100444,178,100686,178,100426,100,100696,178,100375,278,100900,178,100364,178,101065,100,100310,178,101147,100,100270,100,,,100255,100,,,100079,100,,,100070,100,,,100036,100
2019-06-28 09:59:40.000000000,100533,121,100444,206,100686,203,100426,203,100696,203,100375,303,100900,100,100364,100,101065,100,100310,100,101147,100,100270,100,,,100255,100,,,100079,100,,,100070,100,,,100036,100
2019-06-28 09:59:50.000000000,100533,93,100444,178,100686,178,100426,178,100696,178,100375,278,100900,178,100364,178,101065,100,100310,100,101147,100,100270,100,,,100255,100,,,100079,100,,,100070,100,,,100036,100
2019-06-28 10:00:00.000000000,100533,328,100444,413,100686,100,100426,100,100696,100,100375,200,100900,100,100364,100,101065,100,100310,100,101147,100,100270,100,,,100255,100,,,100079,100,,,100070,100,,,100036,100
2019-06-28 10:00:10.000000000,100533,78,100444,163,100686,163,100426,163,100696,163,100375,263,100900,163,100364,163,101065,163,100310,163,101147,100,100270,100,,,100255,100,,,100079,100,,,100070,100,,,100036,100
2019-06-28 10:00:15.579007269,100533,178,100444,163,100686,163,100426,163,100696,163,100375,263,100900,163,100364,163,101065,163,100310,163,101147,100,100270,100,,,100255,100,,,100079,100,,,100070,100,,,100036,100
2019-06-28 10:00:15.624617991,100533,178,100444,63,100686,163,100426,63,100696,163,100375,263,100900,163,100364,163,101065,163,100310,163,101147,100,100270,100,,,100255,100,,,100079,100,,,100070,100,,,100036,100
2019-06-28 10:00:20.000000000,100533,428,100375,513,100686,100,100364,100,100696,100,100310,100,100900,100,100270,100,101065,100,100255,100,101147,100,100079,100,,,100070,100,,,100036,100,,,99934,100,,,99900,100
2019-06-28 10:00:23.461196313,100450,100,100375,513,100533,428,100364,100,100686,100,100310,100,100696,100,100270,100,100900,100,100255,100,101065,100,100079,100,101147,100,100070,100,,,100036,100,,,99934,100,,,99900,100
2019-06-28 10:00:25.418062019,100450,100,100375,513,100494,100,100364,100,100533,428,100310,100,100686,100,100270,100,100696,100,100255,100,100900,100,100079,100,101065,100,100070,100,101147,100,99934,100,,,99900,100,,,99894,100
2019-06-28 10:00:30.000000000,100450,178,100375,278,100494,178,100364,178,100533,193,100310,178,100686,178,100270,178,100696,100,100255,100,100900,100,100079,100,101065,100,100070,100,101147,100,99934,100,,,99900,100,,,99894,100
2019-06-28 10:00:40.000000000,100450,163,100375,263,100494,163,100364,163,100533,178,100310,163,100686,163,100270,163,100696,163,100255,163,100900,100,100079,100,101065,100,100070,100,101147,100,99934,100,,,99900,100,,,99894,100
2019-06-28 10:00:50.000000000,100450,413,100375,513,100494,100,100364,100,100533,115,100310,100,100686,100,100270,100,100696,100,100255,100,100900,100,100079,100,101065,100,100070,100,101147,100,99934,100,,,99900,100,,,99894,100
2019-06-28 10:01:00.000000000,100450,206,100375,306,100494,203,100364,203,100533,218,100310,203,100686,100,100270,100,100696,100,100255,100,100900,100,100079,100,101065,100,100070,100,101147,100,99934,100,,,99900,100,,,99894,100
2019-06-28 10:01:10.000000000,100450,206,100375,306,100494,203,100364,203,100533,218,100310,203,100686,100,100270,100,100696,100,100255,100,100900,100,100079,100,101065,100,100070,100,101147,100,99934,100,,,99900,100,,,99894,100
2019-06-28 10:01:20.000000000,100450,178,100375,278,100494,178,100364,178,100533,193,100310,178,100686,178,100270,178,100696,100,100255,100,100900,100,100079,100,101065,100,100070,100,101147,100,99934,100,,,99900,100,,,99894,100
2019-06-28 10:01:26.113773783,100450,178,100375,178,100494,178,100364,178,100533,193,100310,178,100686,178,100270,178,100696,100,100255,100,100900,100,100079,100,101065,100,100070,100,101147,100,99934,100,,,99900,100,,,99894,100
2019-06-28 10:01:30.000000000,100450,256,100375,256,100494,256,100364,256,100533,115,100310,100,100686,100,100270,100,100696,100,100255,100,100900,100,100079,100,101065,100,100070,100,101147,100,99934,100,,,99900,100,,,99894,100
2019-06-28 10:01:40.000000000,100450,178,100375,178,100494,178,100364,178,100533,193,100310,178,100686,178,100270,178,100696,100,100255,100,100900,100,100079,100,101065,100,100070,100,101147,100,99934,100,,,99900,100,,,99894,100
2019-06-28 10:01:47.431368397,100450,178,100375,178,100494,178,100364,178,100533,193,100310,178,100686,178,100270,178,100696,100,100255,100,100900,100,100079,100,101065,100,100070,100,101147,100,99996,100,,,99934,100,,,99900,100
2019-06-28 10:01:48.620911391,100450,178,100375,178,100494,178,100364,178,100533,193,100310,178,100686,178,100270,178,100696,100,100255,100,100900,100,100079,100,101065,100,100070,100,101147,100,100003,100,,,99996,100,,,99934,100
2019-06-28 10:01:50.000000000,100450,178,100375,178,100494,178,100364,178,100533,193,100310,178,100686,178,100270,178,100696,100,100255,100,100900,100,100079,100,101065,100,100070,100,101147,100,100003,100,,,99996,100,,,99934,100
2019-06-28 10:02:00.000000000,100450,413,100375,413,100494,100,100364,100,100533,115,100310,100,100686,100,100270,100,100696,100,100255,100,100900,100,100079,100,101065,100,100070,100,101147,100,100003,100,,,99996,100,,,99934,100
2019-06-28 10:02:04.509149766,100450,413,100375,413,100494,100,100364,100,100533,115,100310,100,100686,100,100270,100,100696,100,100255,100,100900,100,100079,100,101065,100,100070,100,101147,100,99996,100,,,99934,100,,,99900,100
2019-06-28 10:02:07.884379060,100450,413,100375,313,100494,100,100364,100,100533,115,100310,100,100686,100,100270,100,100696,100,100255,100,100900,100,100079,100,101065,100,100070,100,101147,100,99996,100,,,99934,100,,,99900,100
2019-06-28 10:02:10.000000000,100450,206,100364,206,100494,203,100310,203,100533,218,100270,203,100686,100,100255,100,100696,100,100079,100,100900,100,100070,100,101065,100,99996,100,101147,100,99934,100,,,99900,100,,,99894,100
2019-06-28 10:02:20.000000000,100450,178,100364,178,100494,178,100310,178,100533,193,100270,178,100686,178,100255,178,100696,100,100079,100,100900,100,100070,100,101065,100,99996,100,101147,100,99934,100,,,99900,100,,,99894,100
2019-06-28 10:02:30.000000000,100450,206,100364,206,100494,203,100310,203,100533,218,100270,203,100686,100,100255,100,100696,100,100079,100,100900,100,100070,100,101065,100,99996,100,101147,100,99934,100,,,99900,100,,,99894,100
2019-06-28 10:02:35.972376547,100450,206,100364,106,100494,203,100310,203,100533,218,100270,203,100686,100,100255,100,100696,100,100079,100,100900,100,100070,100,101065,100,99996,100,101147,100,99934,100,,,99900,100,,,99894,100
2019-06-28 10:02:36.147835999,100375,100,100364,106,100450,206,100310,203,100494,203,100270,203,100533,218,100255,100,100686,100,100079,100,100696,100,100070,100,100900,100,99996,100,101065,100,99934,100,101147,100,99900,100,,,99894,100
2019-06-28 10:02:40.000000000,100375,178,100310,178,100450,178,100270,178,100494,178,100255,178,100533,193,100079,178,100686,100,100070,100,100696,100,99996,100,100900,100,99934,100,101065,100,99900,100,101147,100,99894,100,,,99846,100
2019-06-28 10:02:50.000000000,100375,413,100310,413,100450,100,100270,100,100494,100,100255,100,100533,115,100079,100,100686,100,100070,100,100696,100,99996,100,100900,100,99934,100,101065,100,99900,100,101147,100,99894,100,,,99846,100
2019-06-28 10:02:56.219302117,100375,413,100310,413,100450,100,100270,100,100494,100,100255,100,100533,115,100086,100,100686,100,100079,100,100696,100,100070,100,100900,100,99996,100,101065,100,99934,100,101147,100,99900,100,,,99894,100
2019-06-28 10:03:00.000000000,100375,256,100310,256,100450,256,100270,256,100494,100,100255,100,100533,115,100086,100,100686,100,100079,100,100696,100,100070,100,100900,100,99996,100,101065,100,99934,100,101147,100,99900,100,,,99894,100
2019-06-28 10:03:10.000000000,100375,256,100310,256,100450,256,100270,256,100494,100,100255,100,100533,115,100086,100,100686,100,100079,100,100696,100,100070,100,100900,100,99996,100,101065,100,99934,100,101147,100,99900,100,,,99894,100
2019-06-28 10:03:14.955526689,100375,256,100310,156,100450,256,100270,256,100494,100,100255,100,100533,115,100086,100,100686,100,100079,100,100696,100,100070,100,100900,100,99996,100,101065,100,99934,100,101147,100,99900,100,,,99894,100
2019-06-28 10:03:20.000000000,100375,206,100270,206,100450,203,100255,203,100494,203,100086,203,100533,115,100079,100,100686,100,100070,100,100696,100,99996,100,100900,100,99934,100,101065,100,99900,100,101147,100,99894,100,,,99846,100
2019-06-28 10:03:20.806704614,100375,206,100270,206,100450,203,100255,203,100494,203,100133,100,100533,115,100086,203,100686,100,100079,100,100696,100,100070,100,100900,100,99996,100,101065,100,99934,100,101147,100,99900,100,,,99894,100
2019-06-28 10:03:30.000000000,100375,178,100270,178,100450,178,100255,178,100494,178,100133,178,100533,193,100086,178,100686,100,100079,100,100696,100,100070,100,100900,100,99996,100,101065,100,99934,100,101147,100,99900,100,,,99894,100
2019-06-28 10:03:40.000000000,100375,206,100270,206,100450,203,100255,203,100494,203,100133,203,100533,115,100086,100,100686,100,100079,100,100696,100,100070,100,100900,100,99996,100,101065,100,99934,100,101147,100,99900,100,,,99894,100
2019-06-28 10:03:40.896295933,100375,206,100270,206,100450,203,100255,203,100494,203,100133,203,100533,115,100093,100,100686,100,100086,100,100696,100,100079,100,100900,100,100070,100,101065,100,99996,100,101147,100,99934,100,,,99900,100
2019-06-28 10:03:50.000000000,100375,413,100270,413,100450,100,100255,100,100494,100,100133,100,100533,115,100093,100,100686,100,100086,100,100696,100,100079,100,100900,100,100070,100,101065,100,99996,100,101147,100,99934,100,,,99900,100
2019-06-28 10:04:00.000000000,100375,206,100270,206,100450,203,100255,203,100494,203,100133,203,100533,115,100093,100,100686,100,100086,100,100696,100,100079,100,100900,100,100070,100,101065,100,99996,100,101147,100,99934,100,,,99900,100
2019-06-28 10:04:10.000000000,100375,178,100270,178,100450,178,100255,178,100494,178,100133,178,100533,193,100093,178,100686,100,100086,100,100696,100,100079,100,100900,100,100070,100,101065,100,99996,100,101147,100,99934,100,,,99900,100
2019-06-28 10:04:20.000000000,100375,178,100270,178,100450,178,100255,178,100494,178,100133,178,100533,193,100093,178,100686,100,100086,100,100696,100,100079,100,100900,100,100070,100,101065,100,99996,100,101147,100,99934,100,,,99900,100
2019-06-28 10:04:21.545239918,100375,178,100365,100,100450,178,100270,178,100494,178,100255,178,100533,193,100133,178,100686,100,100093,178,100696,100,100086,100,100900,100,100079,100,101065,100,100070,100,101147,100,99996,100,,,99934,100
2019-06-28 10:04:30.000000000,100375,206,100365,206,100450,203,100270,203,100494,203,100255,203,100533,115,100133,100,100686,100,100093,100,100696,100,100086,100,100900,100,100079,100,101065,100,100070,100,101147,100,99996,100,,,99934,100
2019-06-28 10:04:30.314929172,100375,106,100365,206,100450,203,100270,203,100494,203,100255,203,100533,115,100133,100,100696,100,100093,100,100900,100,100086,100,101065,100,100079,100,101147,100,100070,100,,,99996,100,,,99934,100
2019-06-28 10:04:40.000000000,100450,163,100365,163,100494,163,100270,163,100533,178,100255,163,100696,163,100133,163,100900,163,100093,163,101065,100,100086,100,101147,100,100079,100,,,100070,100,,,99996,100,,,99934,100
2019-06-28 10:04:50.000000000,100450,413,100365,413,100494,100,100270,100,100533,115,100255,100,100696,100,100133,100,100900,100,100093,100,101065,100,100086,100,101147,100,100079,100,,,100070,100,,,99996,100,,,99934,100
2019-06-28 10:04:54.609098666,100450,413,100365,413,100493,100,100270,100,100494,100,100255,100,100533,115,100133,100,100696,100,100093,100,100900,100,100086,100,101065,100,100079,100,101147,100,100070,100,,,99996,100,,,99934,100
2019-06-28 10:05:00.000000000,100450,178,100365,178,100493,178,100270,178,100494,178,100255,178,100533,193,100133,178,100696,100,100093,100,100900,100,100086,100,101065,100,100079,100,101147,100,100070,100,,,99996,100,,,99934,100
2019-06-28 10:05:02.691310258,100400,100,100365,178,100450,178,100270,178,100493,178,100255,178,100494,178,100133,178,100533,193,100093,100,100696,100,100086,100,100900,100,100079,100,101065,100,100070,100,101147,100,99996,100,,,99934,100
2019-06-28 10:05:10.000000000,100400,163,100365,163,100450,163,100270,163,100493,163,100255,163,100494,163,100133,163,100533,178,100093,163,100696,100,100086,100,100900,100,100079,100,101065,100,100070,100,101147,100,99996,100,,,99934,100
2019-06-28 10:05:20.000000000,100400,206,100365,206,100450,203,100270,203,100493,203,100255,203,100494,100,100133,100,100533,115,100093,100,100696,100,100086,100,100900,100,100079,100,101065,100,100070,100,101147,100,99996,100,,,99934,100
2019-06-28 10:05:30.000000000,100400,178,100365,178,100450,178,100270,178,100493,178,100255,178,100494,178,100133,178,100533,115,100093,100,100696,100,100086,100,100900,100,100079,100,101065,100,100070,100,101147,100,99996,100,,,99934,100
2019-06-28 10:05:40.000000000,100400,163,100365,163,100450,163,100270,163,100493,163,100255,163,100494,163,100133,163,100533,178,100093,163,100696,100,100086,100,100900,100,100079,100,101065,100,100070,100,101147,100,99996,100,,,99934,100
2019-06-28 10:05:49.306356013,100400,63,100365,163,100450,163,100270,163,100493,163,100255,163,100494,163,100133,163,100533,178,100093,163,100696,100,100086,100,100900,100,100079,100,101065,100,100070,100,101147,100,99934,100,,,99900,100
2019-06-28 10:05:50.000000000,100450,256,100365,256,100493,256,100270,256,100494,100,100255,100,100533,115,100133,100,100696,100,100093,100,100900,100,100086,100,101065,100,100079,100,101147,100,100070,100,,,99934,100,,,99900,100
2019-06-28 10:05:54.750730166,100450,156,100365,256,100493,256,100270,256,100494,100,100255,100,100533,115,100133,100,100696,100,100093,100,100900,100,100086,100,101065,100,100079,100,101147,100,100070,100,,,99934,100,,,99900,100
2019-06-28 10:06:00.000000000,100493,206,100365,206,100494,203,100270,203,100533,218,100255,203,100696,100,100133,100,100900,100,100093,100,101065,100,100086,100,101147,100,100079,100,,,100070,100,,,99934,100,,,99900,100
2019-06-28 10:06:10.000000000,100493,178,100365,178,100494,178,100270,178,100533,193,100255,178,100696,178,100133,178,100900,100,100093,100,101065,100,100086,100,101147,100,100079,100,,,100070,100,,,99934,100,,,99900,100
2019-06-28 10:06:20.000000000,100493,256,100365,256,100494,256,100270,256,100533,115,100255,100,100696,100,100133,100,100900,100,100093,100,101065,100,100086,100,101147,100,100079,100,,,100070,100,,,99934,100,,,99900,100
2019-06-28 10:06:22.194637406,100493,256,100365,256,100494,256,100270,256,100533,115,100133,100,100696,100,100093,100,100900,100,100086,100,101065,100,100079,100,101147,100,100070,100,,,99934,100,,,99900,100,,,99894,100
2019-06-28 10:06:30.000000000,100493,206,100365,206,100494,203,100270,203,100533,218,100133,203,100696,100,100093,100,100900,100,100086,100,101065,100,100079,100,101147,100,100070,100,,,99934,100,,,99900,100,,,99894,100
2019-06-28 10:06:40.000000000,100493,413,100365,413,100494,100,100270,100,100533,115,100133,100,100696,100,100093,100,100900,100,100086,100,101065,100,100079,100,101147,100,100070,100,,,99934,100,,,99900,100,,,99894,100
2019-06-28 10:06:50.000000000,100493,163,100365,163,100494,163,100270,163,100533,178,100133,163,100696,163,100093,163,100900,163,100086,163,101065,100,100079,100,101147,100,100070,100,,,99934,100,,,99900,100,,,99894,100
2019-06-28 10:07:00.000000000,100493,256,100365,256,100494,256,100270,256,100533,115,100133,100,100696,100,100093,100,100900,100,100086,100,101065,100,100079,100,101147,100,100070,100,,,99934,100,,,99900,100,,,99894,100
2019-06-28 10:07:04.174939494,100493,256,100365,256,100494,256,100270,256,100533,115,100145,100,100696,100,100133,100,100900,100,100093,100,101065,100,100086,100,101147,100,100079,100,,,100070,100,,,99934,100,,,99900,100
2019-06-28 10:07:04.402481771,100493,256,100365,256,100494,256,100270,256,100533,115,100145,100,100658,100,100133,100,100696,100,100086,100,100900,100,100079,100,101065,100,100070,100,101147,100,99934,100,,,99900,100,,,99894,100
2019-06-28 10:07:08.945488512,100399,100,100365,256,100493,256,100270,256,100494,256,100145,100,100533,115,100133,100,100658,100,100086,100,100696,100,100079,100,100900,100,100070,100,101065,100,99934,100,101147,100,99900,100,,,99894,100
2019-06-28 10:07:10.000000000,100399,163,100365,163,100493,163,100270,163,100494,163,100145,163,100533,178,100133,163,100658,163,100086,163,100696,100,100079,100,100900,100,100070,100,101065,100,99934,100,101147,100,99900,100,,,99894,100
2019-06-28 10:07:20.000000000,100399,178,100365,178,100493,178,100270,178,100494,178,100145,178,100533,193,100133,178,100658,100,100086,100,100696,100,100079,100,100900,100,100070,100,101065,100,99934,100,101147,100,99900,100,,,99894,100
2019-06-28 10:07:30.000000000,100399,413,100365,413,100493,100,100270,100,100494,100,100145,100,100533,115,100133,100,100658,100,100086,100,100696,100,100079,100,100900,100,100070,100,101065,100,99934,100,101147,100,99900,100,,,99894,100
2019-06-28 10:07:31.817260652,100399,413,100365,413,100479,100,100270,100,100493,100,100133,100,100494,100,100086,100,100533,115,100079,100,100658,100,100070,100,100696,100,99934,100,100900,100,99900,100,101065,100,99894,100,101147,100,99846,100
2019-06-28 10:07:40.000000000,100399,206,100365,206,100479,203,100270,203,100493,203,100133,203,100494,100,100086,100,100533,115,100079,100,100658,100,100070,100,100696,100,99934,100,100900,100,99900,100,101065,100,99894,100,101147,100,99846,100
2019-06-28 10:07:50.000000000,100399,178,100365,178,100479,178,100270,178,100493,178,100133,178,100494,178,100086,178,100533,115,100079,100,100658,100,100070,100,100696,100,99934,100,100900,100,99900,100,101065,100,99894,100,101147,100,99846,100
2019-06-28 10:07:52.051890707,100399,78,100365,178,100479,178,100270,178,100493,178,100133,178,100494,178,100086,178,100533,115,100079,100,100658,100,100070,100,100696,100,99934,100,100900,100,99900,100,101065,100,99894,100,101147,100,99846,100
2019-06-28 10:08:00.000000000,100479,256,100365,256,100493,256,100270,256,100494,100,100133,100,100533,115,100086,100,100658,100,100079,100,100696,100,100070,100,100900,100,99934,100,101065,100,99900,100,101147,100,99894,100,,,99846,100
2019-06-28 10:08:05.765201401,100479,256,100365,256,100493,256,100270,256,100494,100,100133,100,100533,115,100086,100,100658,100,100079,100,100696,100,100070,100,100779,100,99934,100,100900,100,99900,100,101065,100,99894,100,101147,100,99846,100
2019-06-28 10:08:06.794138933,100479,256,100365,256,100493,256,100270,256,100494,100,100133,100,100533,115,100086,100,100658,100,100079,100,100696,100,100070,100,100779,100,99934,100,100900,100,99900,100,100922,100,99846,100,101065,100,99810,100
2019-06-28 10:08:10.000000000,100479,256,100365,256,100493,256,100270,256,100494,100,100133,100,100533,115,100086,100,100658,100,100079,100,100696,100,100070,100,100779,100,99934,100,100900,100,99900,100,100922,100,99846,100,101065,100,99810,100
2019-06-28 10:08:20.000000000,100479,413,100365,413,100493,100,100270,100,100494,100,100133,100,100533,115,100086,100,100658,100,100079,100,100696,100,100070,100,100779,100,99934,100,100900,100,99900,100,100922,100,99846,100,101065,100,99810,100
2019-06-28 10:08:30.000000000,100479,163,100365,163,100493,163,100270,163,100494,163,100133,163,100533,178,100086,163,100658,163,100079,163,100696,100,100070,100,100779,100,99934,100,100900,100,99900,100,100922,100,99846,100,101065,100,99810,100
2019-06-28 10:08:35.120951218,100479,63,100365,163,100493,163,100270,163,100494,163,100133,163,100533,178,100086,163,100658,163,100079,163,100696,100,100070,100,100779,100,99934,100,100900,100,99900,100,100922,100,99846,100,101065,100,99810,100
