,ask_price_1,ask_size_1,bid_price_1,bid_size_1,ask_price_2,ask_size_2,bid_price_2,bid_size_2,ask_price_3,ask_size_3,bid_price_3,bid_size_3,ask_price_4,ask_size_4,bid_price_4,bid_size_4,ask_price_5,ask_size_5,bid_price_5,bid_size_5,ask_price_6,ask_size_6,bid_price_6,bid_size_6,ask_price_7,ask_size_7,bid_price_7,bid_size_7,ask_price_8,ask_size_8,bid_price_8,bid_size_8,ask_price_9,ask_size_9,bid_price_9,bid_size_9,ask_price_10,ask_size_10,bid_price_10,bid_size_10
2019-06-28 09:30:00.000000002,,,99878,100,,,,,,,,,,,,,,,,,,,,,,,,,,,,,,,,,,,,
2019-06-28 09:30:00.000000004,100065,100,99878,100,100112,100,,,,,,,,,,,,,,,,,,,,,,,,,,,,,,,,,,
2019-06-28 09:30:00.000000006,99996,100,99878,100,100065,100,,,100112,100,,,,,,,,,,,,,,,,,,,,,,,,,,,,,,
2019-06-28 09:30:00.000000009,99996,100,99878,100,100065,100,,,100069,100,,,100112,100,,,,,,,,,,,,,,,,,,,,,,,,,,
2019-06-28 09:30:00.000000011,99996,100,99947,100,100065,100,99878,100,100069,100,,,100112,100,,,,,,,,,,,,,,,,,,,,,,,,,,
2019-06-28 09:30:00.000000013,99977,100,99947,100,99996,100,99878,100,100065,100,,,100069,100,,,100112,100,,,,,,,,,,,,,,,,,,,,,,
2019-06-28 09:30:00.000000014,99996,100,99947,100,100065,100,99878,100,100069,100,,,100112,100,,,,,,,,,,,,,,,,,,,,,,,,,,
2019-06-28 09:30:00.000000015,99962,100,99947,100,99996,100,99878,100,100065,100,,,100069,100,,,100112,100,,,100115,100,,,,,,,,,,,,,,,,,,
2019-06-28 09:30:00.000000016,99962,100,99947,100,99996,100,99878,100,100065,100,99842,100,100069,100,,,100112,100,,,100115,100,,,,,,,,,,,,,,,,,,
2019-06-28 09:30:00.000000017,99962,100,99947,100,99996,100,99878,100,100065,100,99871,100,100069,100,99842,100,100112,100,,,100115,100,,,,,,,,,,,,,,,,,,
2019-06-28 09:30:00.000000019,99962,100,99947,100,99996,100,99878,100,100065,100,99871,100,100069,100,99842,100,100112,100,,,100115,100,,,100144,100,,,,,,,,,,,,,,
2019-06-28 09:30:00.000000024,99962,100,99947,100,99996,100,99878,100,100065,100,99871,100,100069,100,99842,100,100112,100,99821,100,100115,100,,,100144,100,,,,,,,,,,,,,,
2019-06-28 09:30:00.000000025,99962,100,99947,100,99981,100,99878,100,99996,100,99871,100,100001,100,99842,100,100065,100,99821,100,100069,100,,,100112,100,,,100115,100,,,100144,100,,,,,,
2019-06-28 09:30:00.000000027,99962,100,99947,100,99981,100,99878,100,99996,100,99871,100,100001,100,99853,100,100065,100,99842,100,100069,100,99821,100,100112,100,,,100115,100,,,100144,100,,,,,,
2019-06-28 09:30:00.000000028,99981,100,99947,100,99996,100,99878,100,100001,100,99871,100,100065,100,99853,100,100069,100,99842,100,100112,100,99821,100,100115,100,,,100144,100,,,,,,,,,,
2019-06-28 09:30:00.000000029,99981,100,99962,200,99996,100,99947,100,100001,100,99878,100,100065,100,99871,100,100069,100,99853,100,100112,100,99842,100,100115,100,99821,100,100144,100,,,,,,,,,,
2019-06-28 09:30:00.000000030,99981,100,99962,300,99996,100,99947,100,100001,100,99878,100,100018,100,99871,100,100065,100,99853,100,100069,100,99842,100,100112,100,99821,100,100115,100,,,100143,100,,,100144,100,,
2019-06-28 09:30:00.000000036,99977,100,99962,300,99981,100,99947,100,99996,100,99878,100,100001,100,99871,100,100018,100,99853,100,100065,100,99842,100,100069,100,99821,100,100112,100,,,100115,100,,,100143,100,,
2019-06-28 09:30:00.000000037,99981,100,99962,300,99996,100,99947,100,100001,100,99878,100,100018,100,99871,100,100065,100,99853,100,100069,100,99842,100,100112,100,99821,100,100115,100,,,100143,100,,,100144,100,,
2019-06-28 09:30:00.000000039,99981,100,99963,100,99996,100,99962,300,100001,100,99947,100,100018,100,99878,100,100065,100,99871,100,100069,100,99853,100,100112,100,99842,200,100115,100,99821,100,100143,100,,,100144,100,,
2019-06-28 09:30:00.000000040,99981,100,99963,100,99996,100,99962,300,100001,100,99947,100,100018,100,99878,100,100065,100,99871,100,100069,100,99853,100,100112,100,99842,200,100115,100,99821,100,100119,100,,,100143,100,,
2019-06-28 09:30:00.000000041,99981,100,99963,100,99996,100,99962,300,100001,100,99957,100,100018,100,99947,100,100065,100,99878,100,100069,100,99871,100,100112,100,99853,100,100115,100,99842,200,100119,100,99821,100,100143,100,,
2019-06-28 09:30:00.000000044,99981,100,99963,100,99996,100,99962,300,100001,100,99957,100,100011,100,99947,100,100018,100,99878,100,100065,100,99871,100,100069,100,99853,100,100112,100,99842,200,100115,100,99821,100,100119,100,,
2019-06-28 09:30:00.000000046,99966,100,99963,100,99981,100,99962,300,99996,100,99957,100,100001,100,99947,100,100011,100,99878,100,100018,100,99871,100,100065,100,99853,100,100069,100,99842,200,100112,100,99821,100,100115,100,,
2019-06-28 09:30:00.000000049,99966,100,99963,100,99981,100,99962,300,99996,100,99957,100,100001,100,99947,100,100011,100,99878,100,100018,100,99871,100,100065,100,99853,100,100069,100,99842,200,100112,100,99825,100,100115,100,99821,100
2019-06-28 09:30:00.000000052,99966,100,99963,100,99981,100,99962,300,99996,100,99957,100,100001,100,99947,100,100011,100,99878,100,100018,100,99871,100,100065,100,99853,100,100069,100,99842,200,100112,100,99825,100,100115,100,99821,100
2019-06-28 09:30:00.000000054,99966,100,99963,300,99981,100,99962,300,99996,100,99957,100,100001,100,99947,100,100011,100,99878,100,100018,100,99871,100,100065,100,99853,100,100069,100,99842,200,100112,100,99825,100,100115,100,99821,100
2019-06-28 09:30:00.000000061,99981,100,99963,300,99996,100,99962,300,100001,100,99957,100,100011,100,99947,100,100018,100,99892,100,100065,100,99878,100,100069,100,99871,100,100112,100,99853,100,100115,100,99842,200,100119,100,99825,100
2019-06-28 09:30:00.000000063,99981,100,99963,300,99996,100,99962,300,100001,100,99957,100,100011,100,99947,100,100018,100,99896,100,100065,100,99892,100,100069,100,99878,100,100112,100,99871,100,100115,100,99853,100,100119,100,99842,200
2019-06-28 09:30:00.000000066,99981,100,99963,300,99996,100,99962,300,100001,100,99957,100,100011,100,99947,100,100018,100,99943,100,100065,100,99896,100,100069,100,99892,100,100112,100,99878,100,100115,100,99871,100,100119,100,99853,100
2019-06-28 09:30:00.000000068,99981,100,99966,100,99996,100,99963,300,100001,100,99962,300,100011,100,99957,100,100018,100,99947,100,100065,100,99943,100,100069,100,99896,100,100112,100,99892,100,100115,100,99878,100,100119,100,99871,100
2019-06-28 09:30:00.000000070,99977,100,99966,100,99981,100,99963,300,99996,100,99962,300,100001,100,99957,100,100011,100,99947,100,100018,100,99943,100,100065,100,99928,100,100069,100,99896,100,100112,100,99892,100,100115,100,99878,100
2019-06-28 09:30:00.000000073,99977,100,99966,200,99981,100,99963,300,99996,100,99962,300,100001,100,99957,100,100011,100,99947,100,100018,100,99943,100,100065,100,99928,100,100069,100,99896,100,100112,100,99892,100,100115,100,99878,100
2019-06-28 09:30:00.000000075,99977,100,99966,100,99981,100,99963,300,99996,100,99962,300,100001,100,99957,100,100011,100,99947,100,100018,100,99943,100,100065,100,99928,100,100069,100,99896,100,100112,100,99892,100,100115,100,99878,100
2019-06-28 09:30:00.000000079,99981,100,99966,100,99996,100,99963,300,100001,100,99962,300,100011,100,99957,100,100018,200,99947,100,100065,100,99943,100,100069,100,99928,100,100112,100,99896,100,100115,100,99892,100,100119,100,99878,100
2019-06-28 09:30:00.000000080,99981,100,99966,100,99996,100,99963,300,100001,100,99962,300,100011,100,99957,100,100018,200,99947,100,100065,100,99943,100,100069,100,99928,100,100112,100,99896,100,100115,100,99892,200,100119,100,99878,100
2019-06-28 09:30:00.000000081,99981,100,99966,100,99996,100,99963,300,99997,100,99962,300,100001,100,99957,100,100011,100,99947,100,100018,200,99943,100,100065,100,99928,100,100069,100,99896,100,100112,100,99892,200,100115,100,99878,100
2019-06-28 09:30:00.000000082,99981,100,99966,100,99996,100,99963,300,99997,100,99962,300,100001,100,99957,100,100011,100,99947,100,100018,200,99943,100,100065,100,99928,100,100069,100,99896,100,100112,100,99892,200,100115,100,99878,100
2019-06-28 09:30:00.000000085,99981,100,99966,100,99996,100,99963,300,99997,100,99962,300,100000,100,99957,100,100001,100,99947,100,100011,100,99943,100,100018,200,99928,100,100034,100,99896,100,100065,100,99892,200,100069,100,99878,100
2019-06-28 09:30:00.000000087,99981,100,99966,100,99996,100,99963,300,99997,100,99962,400,100000,100,99957,100,100001,100,99947,100,100011,100,99943,100,100018,200,99928,100,100034,100,99896,100,100065,100,99892,200,100069,100,99878,100
2019-06-28 09:30:00.000000089,99996,100,99966,100,99997,100,99963,300,100000,100,99962,400,100001,100,99957,100,100011,100,99947,100,100018,200,99943,100,100034,100,99928,100,100065,100,99896,100,100069,100,99892,200,100112,100,99878,100
2019-06-28 09:30:00.000000093,99997,100,99966,100,100000,100,99963,300,100001,100,99962,500,100011,100,99957,100,100018,200,99947,100,100034,100,99943,100,100065,100,99937,100,100069,100,99928,100,100112,100,99896,100,100115,100,99892,200
2019-06-28 09:30:00.000000097,99997,100,99981,100,100000,100,99966,100,100001,100,99963,300,100011,100,99962,500,100018,200,99957,100,100034,100,99947,100,100065,100,99943,100,100069,100,99937,100,100075,100,99928,100,100112,100,99896,100
2019-06-28 09:30:10.000000000,99997,186,99981,186,100000,186,99966,186,100001,186,99963,386,100011,186,99962,586,100018,286,99957,186,100034,100,99947,100,100065,100,99943,100,100069,100,99937,100,100075,100,99928,100,100112,100,99896,100
2019-06-28 09:30:15.041228851,99997,86,99981,186,100000,186,99966,186,100001,186,99963,386,100011,186,99962,586,100018,286,99957,186,100034,100,99947,100,100065,100,99943,100,100069,100,99937,100,100075,100,99928,100,100112,100,99896,100
2019-06-28 09:30:20.000000000,100000,186,99981,186,100001,186,99966,186,100011,186,99963,386,100018,286,99962,586,100034,186,99957,186,100065,100,99947,100,100069,100,99943,100,100075,100,99937,100,100112,100,99928,100,100115,100,99896,100
2019-06-28 09:30:30.000000000,100000,528,99981,528,100001,100,99966,100,100011,100,99963,300,100018,200,99962,500,100034,100,99957,100,100065,100,99947,100,100069,100,99943,100,100075,100,99937,100,100112,100,99928,100,100115,100,99896,100
2019-06-28 09:30:40.000000000,100000,207,99981,207,100001,207,99966,207,100011,207,99963,407,100018,307,99962,607,100034,100,99957,100,100065,100,99947,100,100069,100,99943,100,100075,100,99937,100,100112,100,99928,100,100115,100,99896,100
2019-06-28 09:30:50.000000000,100000,246,99981,246,100001,241,99966,241,100011,241,99963,441,100018,200,99962,500,100034,100,99957,100,100065,100,99947,100,100069,100,99943,100,100075,100,99937,100,100112,100,99928,100,100115,100,99896,100
2019-06-28 09:30:53.586096976,100000,246,99981,246,100001,241,99966,241,100011,141,99963,441,100018,200,99962,500,100034,100,99957,100,100065,100,99947,100,100069,100,99943,100,100075,100,99937,100,100112,100,99928,100,100115,100,99896,100
2019-06-28 09:30:53.881745982,100000,246,99981,246,100001,241,99966,241,100011,141,99963,441,100018,200,99962,500,100034,100,99957,100,100065,100,99947,100,100069,100,99943,100,100075,100,99937,100,100112,100,99928,100,100115,100,99896,100
2019-06-28 09:31:00.000000000,100000,207,99981,207,100001,207,99966,207,100018,307,99963,407,100034,207,99962,607,100065,100,99957,100,100069,100,99947,100,100075,100,99943,100,100112,100,99937,100,100115,100,99928,100,100119,100,99896,100
2019-06-28 09:31:04.229163808,100000,207,99981,207,100001,207,99966,207,100018,307,99963,407,100034,207,99962,607,100065,100,99957,100,100069,100,99947,100,100075,100,99943,100,100112,100,99942,100,100115,100,99937,100,100119,100,99928,100
2019-06-28 09:31:04.343281103,100000,107,99981,207,100001,207,99966,207,100018,307,99963,407,100034,207,99962,607,100065,100,99957,100,100069,100,99947,100,100075,100,99943,100,100112,100,99942,100,100115,100,99937,100,100119,100,99928,100
2019-06-28 09:31:07.773579630,100000,7,99981,207,100001,207,99966,207,100018,307,99963,407,100034,207,99962,607,100065,100,99957,100,100069,100,99947,100,100075,100,99943,100,100112,100,99942,100,100115,100,99937,100,100119,100,99896,100
2019-06-28 09:31:10.000000000,100001,528,99981,528,100018,200,99966,100,100034,100,99963,300,100065,100,99962,500,100069,100,99957,100,100075,100,99947,100,100112,100,99943,100,100115,100,99942,100,100119,100,99937,100,100143,100,99896,100
2019-06-28 09:31:20.000000000,100001,207,99981,207,100018,307,99966,207,100034,207,99963,407,100065,207,99962,607,100069,100,99957,100,100075,100,99947,100,100112,100,99943,100,100115,100,99942,100,100119,100,99937,100,100143,100,99896,100
2019-06-28 09:31:30.000000000,100001,246,99981,246,100018,341,99966,241,100034,241,99963,441,100065,100,99962,500,100069,100,99957,100,100075,100,99947,100,100112,100,99943,100,100115,100,99942,100,100119,100,99937,100,100143,100,99896,100
2019-06-28 09:31:40.000000000,100001,246,99981,246,100018,341,99966,241,100034,241,99963,441,100065,100,99962,500,100069,100,99957,100,100075,100,99947,100,100112,100,99943,100,100115,100,99942,100,100119,100,99937,100,100143,100,99896,100
2019-06-28 09:31:50.000000000,100001,314,99981,314,100018,414,99966,314,100034,100,99963,300,100065,100,99962,500,100069,100,99957,100,100075,100,99947,100,100112,100,99943,100,100115,100,99942,100,100119,100,99937,100,100143,100,99896,100
2019-06-28 09:32:00.000000000,100001,246,99981,246,100018,341,99966,241,100034,241,99963,441,100065,100,99962,500,100069,100,99957,100,100075,100,99947,100,100112,100,99943,100,100115,100,99942,100,100119,100,99937,100,100143,100,99896,100
2019-06-28 09:32:07.226385679,100001,246,99981,246,100018,341,99966,241,100034,241,99963,441,100065,100,99962,500,100069,100,99957,100,100075,100,99947,100,100112,100,99943,100,100115,100,99942,100,100119,100,99937,100,100143,100,99896,100
2019-06-28 09:32:10.000000000,100001,246,99981,246,100018,341,99966,241,100034,241,99963,441,100065,100,99962,500,100069,100,99957,100,100075,100,99947,100,100112,100,99943,100,100115,100,99942,100,100119,100,99937,100,100143,100,99896,100
2019-06-28 09:32:13.471319226,100001,246,99981,146,100018,341,99966,241,100034,241,99963,441,100065,100,99962,500,100069,100,99957,100,100112,100,99947,100,100115,100,99943,100,100119,100,99942,100,100143,100,99937,100,100144,100,99896,100
2019-06-28 09:32:17.081078987,100001,246,99981,46,100018,241,99966,241,100034,241,99963,441,100065,100,99962,500,100069,100,99957,100,100112,100,99947,100,100115,100,99943,100,100119,100,99942,100,100143,100,99937,100,100144,100,99896,100
2019-06-28 09:32:20.000000000,100001,246,99966,246,100018,241,99963,441,100034,241,99962,641,100065,100,99957,100,100069,100,99947,100,100112,100,99943,100,100115,100,99942,100,100119,100,99937,100,100143,100,99896,100,100144,100,99892,200
2019-06-28 09:32:30.000000000,100001,186,99966,186,100018,186,99963,386,100034,186,99962,586,100065,186,99957,186,100069,186,99947,186,100112,100,99943,100,100115,100,99942,100,100119,100,99937,100,100143,100,99896,100,100144,100,99892,200
2019-06-28 09:32:40.000000000,100001,246,99966,246,100018,241,99963,441,100034,241,99962,641,100065,100,99957,100,100069,100,99947,100,100112,100,99943,100,100115,100,99942,100,100119,100,99937,100,100143,100,99896,100,100144,100,99892,200
2019-06-28 09:32:50.000000000,100001,186,99966,186,100018,186,99963,386,100034,186,99962,586,100065,186,99957,186,100069,186,99947,186,100112,100,99943,100,100115,100,99942,100,100119,100,99937,100,100143,100,99896,100,100144,100,99892,200
2019-06-28 09:32:59.954876513,100001,186,99966,186,100018,186,99963,386,100034,186,99962,586,100065,186,99957,186,100069,186,99947,186,100112,100,99943,100,100115,100,99942,100,100119,100,99937,100,100143,100,99896,100,100144,100,99892,200
2019-06-28 09:33:00.000000000,100001,246,99966,246,100018,241,99963,441,100034,241,99962,641,100065,100,99957,100,100069,100,99947,100,100112,100,99943,100,100115,100,99942,100,100119,100,99937,100,100143,100,99896,100,100144,100,99892,200
2019-06-28 09:33:10.000000000,100001,207,99966,207,100018,207,99963,407,100034,207,99962,607,100065,207,99957,207,100069,100,99947,100,100112,100,99943,100,100115,100,99942,100,100119,100,99937,100,100143,100,99896,100,100144,100,99892,200
2019-06-28 09:33:20.000000000,100001,528,99966,528,100018,100,99963,300,100034,100,99962,500,100065,100,99957,100,100069,100,99947,100,100112,100,99943,100,100115,100,99942,100,100119,100,99937,100,100143,100,99896,100,100144,100,99892,200
2019-06-28 09:33:30.000000000,100001,207,99966,207,100018,207,99963,407,100034,207,99962,607,100065,207,99957,207,100069,100,99947,100,100112,100,99943,100,100115,100,99942,100,100119,100,99937,100,100143,100,99896,100,100144,100,99892,200
2019-06-28 09:33:40.000000000,100001,528,99966,528,100018,100,99963,300,100034,100,99962,500,100065,100,99957,100,100069,100,99947,100,100112,100,99943,100,100115,100,99942,100,100119,100,99937,100,100143,100,99896,100,100144,100,99892,200
2019-06-28 09:33:47.796031806,100001,528,99966,528,100018,100,99963,300,100034,100,99962,500,100069,100,99957,100,100112,100,99947,100,100115,100,99943,100,100119,100,99942,100,100143,100,99937,100,100144,100,99896,100,100145,100,99892,200
2019-06-28 09:33:47.911875428,100001,428,99966,528,100018,100,99963,300,100034,100,99962,500,100069,100,99957,100,100112,100,99947,100,100115,100,99943,100,100143,100,99942,100,100144,100,99937,100,100145,100,99896,100,100149,200,99892,200
2019-06-28 09:33:50.000000000,100018,314,99966,314,100034,314,99963,514,100069,100,99962,500,100112,100,99957,100,100115,100,99947,100,100143,100,99943,100,100144,100,99942,100,100145,100,99937,100,100149,200,99896,100,100156,100,99892,200
2019-06-28 09:33:58.246726989,100018,214,99966,314,100034,314,99963,514,100069,100,99962,500,100112,100,99947,100,100115,100,99943,100,100143,100,99942,100,100144,100,99937,100,100145,100,99896,100,100149,200,99892,200,100156,100,99891,100
2019-06-28 09:33:59.182854703,100018,214,99966,314,100034,314,99963,514,100069,100,99962,500,100112,100,99947,100,100115,100,99943,100,100144,100,99942,100,100145,100,99937,100,100149,200,99896,100,100156,100,99892,200,100180,100,99891,100
2019-06-28 09:34:00.000000000,100034,246,99966,246,100069,241,99963,441,100112,241,99962,641,100115,100,99947,100,100144,100,99943,100,100145,100,99942,100,100149,200,99937,100,100156,100,99896,100,100180,100,99892,200,100304,100,99891,100
2019-06-28 09:34:07.240100125,100034,146,99966,246,100069,241,99963,441,100112,241,99962,641,100115,100,99947,100,100144,100,99943,100,100145,100,99942,100,100149,200,99937,100,100156,100,99896,100,100180,100,99892,200,100304,100,99891,100
2019-06-28 09:34:10.000000000,100069,246,99966,246,100112,241,99963,441,100115,241,99962,641,100144,100,99947,100,100145,100,99943,100,100149,200,99942,100,100156,100,99937,100,100180,100,99896,100,100304,100,99892,200,101032,100,99891,100
2019-06-28 09:34:16.927793310,100069,246,99966,246,100112,241,99963,441,100115,241,99962,641,100144,100,99947,100,100145,100,99943,100,100149,100,99942,100,100156,100,99937,100,100180,100,99896,100,100304,100,99892,200,101032,100,99891,100
2019-06-28 09:34:18.021620600,100069,246,99966,246,100112,241,99963,441,100115,241,99962,641,100144,100,99947,100,100145,100,99943,100,100149,100,99942,100,100156,100,99937,100,100180,100,99896,100,100304,100,99892,200,101032,100,99891,100
2019-06-28 09:34:20.000000000,100069,528,99966,528,100112,100,99963,300,100115,100,99962,500,100144,100,99947,100,100145,100,99943,100,100149,100,99942,100,100156,100,99937,100,100180,100,99896,100,100304,100,99892,200,101032,100,99891,100
2019-06-28 09:34:30.000000000,100069,528,99966,528,100112,100,99963,300,100115,100,99962,500,100144,100,99947,100,100145,100,99943,100,100149,100,99942,100,100156,100,99937,100,100180,100,99896,100,100304,100,99892,200,101032,100,99891,100
2019-06-28 09:34:40.000000000,100069,314,99966,314,100112,314,99963,514,100115,100,99962,500,100144,100,99947,100,100145,100,99943,100,100149,100,99942,100,100156,100,99937,100,100180,100,99896,100,100304,100,99892,200,101032,100,99891,100
2019-06-28 09:34:50.000000000,100069,186,99966,186,100112,186,99963,386,100115,186,99962,586,100144,186,99947,186,100145,186,99943,186,100149,100,99942,100,100156,100,99937,100,100180,100,99896,100,100304,100,99892,200,101032,100,99891,100
2019-06-28 09:35:00.000000000,100069,186,99966,186,100112,186,99963,386,100115,186,99962,586,100144,186,99947,186,100145,186,99943,186,100149,100,99942,100,100156,100,99937,100,100180,100,99896,100,100304,100,99892,200,101032,100,99891,100
2019-06-28 09:35:10.000000000,100069,186,99966,186,100112,186,99963,386,100115,186,99962,586,100144,186,99947,186,100145,186,99943,186,100149,100,99942,100,100156,100,99937,100,100180,100,99896,100,100304,100,99892,200,101032,100,99891,100
2019-06-28 09:35:20.000000000,100069,246,99966,246,100112,241,99963,441,100115,241,99962,641,100144,100,99947,100,100145,100,99943,100,100149,100,99942,100,100156,100,99937,100,100180,100,99896,100,100304,100,99892,200,101032,100,99891,100
2019-06-28 09:35:30.000000000,100069,186,99966,186,100112,186,99963,386,100115,186,99962,586,100144,186,99947,186,100145,186,99943,186,100149,100,99942,100,100156,100,99937,100,100180,100,99896,100,100304,100,99892,200,101032,100,99891,100
2019-06-28 09:35:40.000000000,100069,207,99966,207,100112,207,99963,407,100115,207,99962,607,100144,207,99947,207,100145,100,99943,100,100149,100,99942,100,100156,100,99937,100,100180,100,99896,100,100304,100,99892,200,101032,100,99891,100
2019-06-28 09:35:50.000000000,100069,186,99966,186,100112,186,99963,386,100115,186,99962,586,100144,186,99947,186,100145,186,99943,186,100149,100,99942,100,100156,100,99937,100,100180,100,99896,100,100304,100,99892,200,101032,100,99891,100
2019-06-28 09:35:56.248086450,100069,186,100018,100,100112,186,99966,186,100115,186,99963,386,100144,186,99962,586,100145,186,99947,186,100149,100,99943,186,100156,100,99942,100,100180,100,99937,100,100304,100,99896,100,101032,100,99892,200
2019-06-28 09:36:00.000000000,100069,314,100018,314,100112,314,99966,314,100115,100,99963,300,100144,100,99962,500,100145,100,99947,100,100149,100,99943,100,100156,100,99942,100,100180,100,99937,100,100304,100,99896,100,101032,100,99892,200
2019-06-28 09:36:02.410725603,100069,314,100018,414,100112,314,99966,314,100115,100,99963,300,100144,100,99962,500,100145,100,99947,100,100149,100,99943,100,100156,100,99942,100,100180,100,99937,100,100304,100,99896,100,101032,100,99892,200
2019-06-28 09:36:03.487710396,100069,314,100018,414,100112,314,99966,314,100115,100,99963,300,100144,100,99962,400,100145,100,99947,100,100149,100,99943,100,100156,100,99942,100,100180,100,99937,100,100304,100,99896,100,101032,100,99892,200
2019-06-28 09:36:08.943583365,100069,314,100018,414,100112,314,99966,314,100115,100,99963,300,100144,100,99962,400,100145,100,99947,100,100149,100,99943,100,100156,100,99942,100,100180,100,99937,100,100304,100,99896,100,101032,100,99892,200
2019-06-28 09:36:09.297458777,100069,214,100018,414,100112,314,99966,314,100115,100,99963,300,100144,100,99962,400,100145,100,99947,100,100149,100,99943,100,100156,100,99942,100,100180,100,99937,100,100304,100,99896,100,101032,100,99892,200
2019-06-28 09:36:10.000000000,100112,207,100018,307,100115,207,99966,207,100144,207,99963,407,100145,207,99962,507,100149,100,99947,100,100156,100,99943,100,100180,100,99942,100,100304,100,99937,100,101032,100,99896,100,101042,100,99892,200
2019-06-28 09:36:11.214290964,100112,207,100034,100,100115,207,100018,307,100144,207,99966,207,100145,207,99963,407,100149,100,99962,507,100156,100,99947,100,100180,100,99943,100,100304,100,99942,100,101032,100,99937,100,101042,100,99896,100
2019-06-28 09:36:12.837899942,100112,107,100034,100,100115,207,100018,307,100144,207,99966,207,100145,207,99963,407,100149,100,99962,507,100156,100,99947,100,100180,100,99943,100,100304,100,99942,100,101032,100,99937,100,101099,100,99896,100
2019-06-28 09:36:20.000000000,100115,186,100034,186,100144,186,100018,286,100145,186,99966,186,100149,186,99963,386,100156,186,99962,486,100180,100,99947,100,100304,100,99943,100,101032,100,99942,100,101099,100,99937,100,101231,100,99896,100
2019-06-28 09:36:29.957474544,100115,186,100034,186,100144,186,100018,286,100145,186,99966,186,100149,186,99963,386,100156,186,99962,486,100180,100,99947,100,100304,100,99943,100,101032,100,99942,100,101099,100,99937,100,101231,100,99896,100
2019-06-28 09:36:30.000000000,100115,207,100034,207,100144,207,100018,307,100145,207,99966,207,100149,207,99963,407,100156,100,99962,400,100180,100,99947,100,100304,100,99943,100,101032,100,99942,100,101099,100,99937,100,101231,100,99896,100
2019-06-28 09:36:35.074093636,100115,107,100034,207,100144,207,100018,307,100145,207,99966,207,100149,207,99963,407,100156,100,99962,400,100180,100,99947,100,100304,100,99943,100,101032,100,99942,100,101099,100,99937,100,102164,100,99896,100
2019-06-28 09:36:40.000000000,100144,246,100034,246,100145,241,100018,341,100149,241,99966,241,100156,100,99963,300,100180,100,99962,400,100304,100,99947,100,101032,100,99943,100,101099,100,99942,100,102164,100,99937,100,102540,100,99896,100
2019-06-28 09:36:40.451895678,100144,246,100034,246,100145,241,100018,341,100149,141,99966,241,100156,100,99963,300,100180,100,99962,400,100304,100,99947,100,101032,100,99943,100,101099,100,99942,100,102164,100,99937,100,102240,100,99896,100
2019-06-28 09:36:45.339688307,100144,146,100034,246,100145,241,100018,341,100149,141,99966,241,100156,100,99963,300,100180,100,99962,400,100304,100,99947,100,101032,100,99943,100,101099,100,99942,100,102164,100,99937,100,102240,100,99896,100
2019-06-28 09:36:50.000000000,100145,186,100034,186,100156,186,100018,286,100180,186,99966,186,100304,186,99963,386,101032,186,99962,486,101099,100,99947,100,102164,100,99943,100,102240,100,99942,100,102540,100,99937,100,,,99896,100
2019-06-28 09:36:56.762867037,100145,186,100034,186,100156,186,100018,286,100180,186,99966,186,100304,186,99963,386,101032,186,99962,486,101099,100,99947,100,102164,100,99943,100,102240,100,99942,100,102273,100,99937,100,102540,100,99896,100
2019-06-28 09:37:00.000000000,100145,528,100034,528,100156,100,100018,200,100180,100,99966,100,100304,100,99963,300,101032,100,99962,400,101099,100,99947,100,102164,100,99943,100,102240,100,99942,100,102273,100,99937,100,102540,100,99896,100
2019-06-28 09:37:00.961440929,100145,528,100034,528,100156,100,100018,200,100180,100,99966,100,100304,100,99963,300,101032,100,99962,400,101099,100,99947,100,102164,100,99943,100,102240,100,99942,100,102273,100,99937,100,102472,100,99896,100
2019-06-28 09:37:10.000000000,100145,314,100034,314,100156,314,100018,414,100180,100,99966,100,100304,100,99963,300,101032,100,99962,400,101099,100,99947,100,102164,100,99943,100,102240,100,99942,100,102273,100,99937,100,102472,100,99896,100
2019-06-28 09:37:13.799167006,100145,314,100034,314,100156,314,100018,414,100180,100,99966,100,100304,100,99963,300,101032,100,99962,300,101099,100,99947,100,102164,100,99943,100,102240,100,99942,100,102273,100,99937,100,102472,100,99896,100
2019-06-28 09:37:20.000000000,100145,528,100034,528,100156,100,100018,200,100180,100,99966,100,100304,100,99963,300,101032,100,99962,300,101099,100,99947,100,102164,100,99943,100,102240,100,99942,100,102273,100,99937,100,102472,100,99896,100
2019-06-28 09:37:22.639158490,100145,528,100034,528,100156,100,100018,200,100180,100,99966,100,100304,100,99963,300,101032,100,99962,300,101099,100,99947,100,102164,100,99943,100,102240,100,99942,100,102273,100,99937,100,102472,100,99896,100
2019-06-28 09:37:23.748350878,100145,528,100034,528,100156,100,100018,200,100180,100,99966,100,100304,100,99963,300,101032,100,99962,300,101099,100,99947,100,102164,100,99943,100,102240,100,99942,100,102273,100,99937,100,102423,100,99896,100
2019-06-28 09:37:26.539714441,100145,428,100034,528,100156,100,100018,200,100180,100,99966,100,100304,100,99963,300,101032,100,99962,300,101099,100,99947,100,102164,100,99943,100,102240,100,99942,100,102273,100,99937,100,102423,100,99896,100
2019-06-28 09:37:30.000000000,100156,186,100034,186,100180,186,100018,286,100304,186,99966,186,101032,186,99963,386,101099,186,99962,386,102164,100,99947,100,102240,100,99943,100,102273,100,99942,100,102423,100,99937,100,102472,100,99896,100
2019-06-28 09:37:40.000000000,100156,186,100034,186,100180,186,100018,286,100304,186,99966,186,101032,186,99963,386,101099,186,99962,386,102164,100,99947,100,102240,100,99943,100,102273,100,99942,100,102423,100,99937,100,102472,100,99896,100
2019-06-28 09:37:50.000000000,100156,314,100034,314,100180,314,100018,414,100304,100,99966,100,101032,100,99963,300,101099,100,99962,300,102164,100,99947,100,102240,100,99943,100,102273,100,99942,100,102423,100,99937,100,102472,100,99896,100
2019-06-28 09:38:00.000000000,100156,314,100034,314,100180,314,100018,414,100304,100,99966,100,101032,100,99963,300,101099,100,99962,300,102164,100,99947,100,102240,100,99943,100,102273,100,99942,100,102423,100,99937,100,102472,100,99896,100
2019-06-28 09:38:10.000000000,100156,246,100034,246,100180,241,100018,341,100304,241,99966,241,101032,100,99963,300,101099,100,99962,300,102164,100,99947,100,102240,100,99943,100,102273,100,99942,100,102423,100,99937,100,102472,100,99896,100
2019-06-28 09:38:20.000000000,100156,528,100034,528,100180,100,100018,200,100304,100,99966,100,101032,100,99963,300,101099,100,99962,300,102164,100,99947,100,102240,100,99943,100,102273,100,99942,100,102423,100,99937,100,102472,100,99896,100
2019-06-28 09:38:30.000000000,100156,246,100034,246,100180,241,100018,341,100304,241,99966,241,101032,100,99963,300,101099,100,99962,300,102164,100,99947,100,102240,100,99943,100,102273,100,99942,100,102423,100,99937,100,102472,100,99896,100
2019-06-28 09:38:40.000000000,100156,314,100034,314,100180,314,100018,414,100304,100,99966,100,101032,100,99963,300,101099,100,99962,300,102164,100,99947,100,102240,100,99943,100,102273,100,99942,100,102423,100,99937,100,102472,100,99896,100
2019-06-28 09:38:47.375380172,100156,214,100034,314,100180,314,100018,414,100304,100,99966,100,101032,100,99963,300,101099,100,99962,300,102164,100,99947,100,102240,100,99943,100,102273,100,99942,100,102423,100,99937,100,102472,100,99896,100
2019-06-28 09:38:47.837625771,100156,114,100034,314,100180,314,100018,414,100304,100,99966,100,101032,100,99963,300,101099,100,99962,300,102164,100,99947,100,102240,100,99943,100,102273,100,99942,100,102423,100,99937,100,102472,100,99896,100
2019-06-28 09:38:48.941144261,100156,114,100034,314,100180,314,100018,414,100304,100,99966,100,101032,100,99963,300,101099,100,99962,300,102164,100,99947,100,102240,100,99943,100,102273,100,99942,100,102329,100,99937,100,102423,100,99896,100
2019-06-28 09:38:50.000000000,100180,528,100034,528,100304,100,100018,200,101032,100,99966,100,101099,100,99963,300,102164,100,99962,300,102240,100,99947,100,102273,100,99943,100,102329,100,99942,100,102423,100,99937,100,102472,100,99896,100
2019-06-28 09:39:00.000000000,100180,186,100034,186,100304,186,100018,286,101032,186,99966,186,101099,186,99963,386,102164,186,99962,386,102240,100,99947,100,102273,100,99943,100,102329,100,99942,100,102423,100,99937,100,102472,100,99896,100
2019-06-28 09:39:00.969521165,100180,86,100034,186,100304,186,100018,286,101032,186,99966,186,101099,186,99963,386,102164,186,99962,386,102240,100,99947,100,102273,100,99943,100,102329,100,99942,100,102423,100,99937,100,102472,100,99896,100
2019-06-28 09:39:10.000000000,100304,314,100034,314,101032,314,100018,414,101099,100,99966,100,102164,100,99963,300,102240,100,99962,300,102273,100,99947,100,102329,100,99943,100,102423,100,99942,100,102472,100,99937,100,102575,100,99896,100
2019-06-28 09:39:20.000000000,100304,528,100034,528,101032,100,100018,200,101099,100,99966,100,102164,100,99963,300,102240,100,99962,300,102273,100,99947,100,102329,100,99943,100,102423,100,99942,100,102472,100,99937,100,102575,100,99896,100
2019-06-28 09:39:28.427605501,100304,428,100034,528,101032,100,100018,200,101099,100,99966,100,102164,100,99963,300,102240,100,99962,300,102273,100,99947,100,102329,100,99943,100,102423,100,99942,100,102472,100,99937,100,102575,100,99896,100
2019-06-28 09:39:29.208278096,100304,428,100180,100,101032,100,100034,528,101099,100,100018,200,102164,100,99963,300,102240,100,99962,300,102273,100,99947,100,102329,100,99943,100,102423,100,99942,100,102472,100,99937,100,102575,100,99896,100
2019-06-28 09:39:30.000000000,101032,207,100180,207,101099,207,100034,207,102164,207,100018,307,102240,207,99963,407,102273,100,99962,300,102329,100,99947,100,102423,100,99943,100,102472,100,99942,100,102575,100,99937,100,,,99896,100
2019-06-28 09:39:39.376149035,101032,207,100180,207,101099,207,100034,207,101941,100,100018,307,102164,207,99963,407,102240,207,99962,300,102273,100,99947,100,102329,100,99943,100,102423,100,99942,100,102472,100,99937,100,102575,100,99896,100
2019-06-28 09:39:40.000000000,101032,246,100180,246,101099,241,100034,241,101941,241,100018,341,102164,100,99963,300,102240,100,99962,300,102273,100,99947,100,102329,100,99943,100,102423,100,99942,100,102472,100,99937,100,102575,100,99896,100
2019-06-28 09:39:50.000000000,101032,207,100180,207,101099,207,100034,207,101941,207,100018,307,102164,207,99963,407,102240,100,99962,300,102273,100,99947,100,102329,100,99943,100,102423,100,99942,100,102472,100,99937,100,102575,100,99896,100
2019-06-28 09:40:00.000000000,101032,207,100180,207,101099,207,100034,207,101941,207,100018,307,102164,207,99963,407,102240,100,99962,300,102273,100,99947,100,102329,100,99943,100,102423,100,99942,100,102472,100,99937,100,102575,100,99896,100
2019-06-28 09:40:08.277981705,101032,107,100180,207,101099,207,100034,207,101941,207,100018,307,102164,207,99963,407,102240,100,99962,300,102273,100,99947,100,102329,100,99943,100,102423,100,99942,100,102472,100,99937,100,102575,100,99896,100
2019-06-28 09:40:09.918332096,101032,107,100180,207,101099,207,100034,207,101840,100,100018,307,101941,207,99963,407,102164,207,99962,300,102240,100,99947,100,102273,100,99943,100,102329,100,99942,100,102423,100,99937,100,102472,100,99896,100
2019-06-28 09:40:10.000000000,101099,528,100180,528,101840,100,100034,100,101941,100,100018,200,102164,100,99963,300,102240,100,99962,300,102273,100,99947,100,102329,100,99943,100,102423,100,99942,100,102472,100,99937,100,102575,100,99896,100
2019-06-28 09:40:11.511158887,101099,528,100304,100,101840,100,100180,528,101941,100,100034,100,102164,100,100018,200,102240,100,99963,300,102273,100,99962,300,102329,100,99947,100,102423,100,99943,100,102472,100,99942,100,102575,100,99937,100
2019-06-28 09:40:20.000000000,101099,528,100304,528,101840,100,100180,100,101941,100,100034,100,102164,100,100018,200,102240,100,99963,300,102273,100,99962,300,102329,100,99947,100,102423,100,99943,100,102472,100,99942,100,102575,100,99937,100
2019-06-28 09:40:30.000000000,101099,528,100304,528,101840,100,100180,100,101941,100,100034,100,102164,100,100018,200,102240,100,99963,300,102273,100,99962,300,102329,100,99947,100,102423,100,99943,100,102472,100,99942,100,102575,100,99937,100
2019-06-28 09:40:34.955349066,101099,528,100304,528,101452,100,100180,100,101840,100,100034,100,101941,100,100018,200,102164,100,99963,300,102240,100,99962,300,102273,100,99947,100,102329,100,99943,100,102423,100,99942,100,102472,100,99937,100
2019-06-28 09:40:40.000000000,101099,186,100304,186,101452,186,100180,186,101840,186,100034,186,101941,186,100018,286,102164,186,99963,386,102240,100,99962,300,102273,100,99947,100,102329,100,99943,100,102423,100,99942,100,102472,100,99937,100
2019-06-28 09:40:45.754206093,101099,86,100304,186,101452,186,100180,186,101840,186,100034,186,101941,186,100018,286,102164,186,99963,386,102240,100,99962,300,102273,100,99947,100,102329,100,99943,100,102423,100,99942,100,102472,100,99937,100
2019-06-28 09:40:50.000000000,101452,314,100304,314,101840,314,100180,314,101941,100,100034,100,102164,100,100018,200,102240,100,99963,300,102273,100,99962,300,102329,100,99947,100,102423,100,99943,100,102472,100,99942,100,102575,100,99937,100
2019-06-28 09:40:53.261868668,101452,314,100304,314,101840,314,100180,314,101941,100,100034,100,102164,100,100018,100,102240,100,99963,300,102273,100,99962,300,102329,100,99947,100,102423,100,99943,100,102472,100,99942,100,102575,100,99937,100
2019-06-28 09:41:00.000000000,101452,186,100304,186,101840,186,100180,186,101941,186,100034,186,102164,186,100018,186,102240,186,99963,386,102273,100,99962,300,102329,100,99947,100,102423,100,99943,100,102472,100,99942,100,102575,100,99937,100
2019-06-28 09:41:10.000000000,101452,246,100304,246,101840,241,100180,241,101941,241,100034,241,102164,100,100018,100,102240,100,99963,300,102273,100,99962,300,102329,100,99947,100,102423,100,99943,100,102472,100,99942,100,102575,100,99937,100
2019-06-28 09:41:20.000000000,101452,528,100304,528,101840,100,100180,100,101941,100,100034,100,102164,100,100018,100,102240,100,99963,300,102273,100,99962,300,102329,100,99947,100,102423,100,99943,100,102472,100,99942,100,102575,100,99937,100
2019-06-28 09:41:30.000000000,101452,528,100304,528,101840,100,100180,100,101941,100,100034,100,102164,100,100018,100,102240,100,99963,300,102273,100,99962,300,102329,100,99947,100,102423,100,99943,100,102472,100,99942,100,102575,100,99937,100
2019-06-28 09:41:35.987990257,101452,528,100304,528,101840,100,100180,100,101941,100,100034,100,101955,100,100018,100,102164,100,99963,300,102240,100,99962,300,102273,100,99947,100,102329,100,99943,100,102423,100,99942,100,102472,100,99937,100
2019-06-28 09:41:40.000000000,101452,246,100304,246,101840,241,100180,241,101941,241,100034,241,101955,100,100018,100,102164,100,99963,300,102240,100,99962,300,102273,100,99947,100,102329,100,99943,100,102423,100,99942,100,102472,100,99937,100
2019-06-28 09:41:48.319725558,101452,146,100304,246,101840,241,100180,241,101941,241,100034,241,101955,100,100018,100,102240,100,99963,300,102273,100,99962,300,102329,100,99947,100,102423,100,99943,100,102472,100,99942,100,102575,100,99937,100
2019-06-28 09:41:50.000000000,101840,207,100304,207,101941,207,100180,207,101955,207,100034,207,102240,207,100018,207,102273,100,99963,300,102329,100,99962,300,102423,100,99947,100,102472,100,99943,100,102575,100,99942,100,,,99937,100
2019-06-28 09:42:00.000000000,101840,246,100304,246,101941,241,100180,241,101955,241,100034,241,102240,100,100018,100,102273,100,99963,300,102329,100,99962,300,102423,100,99947,100,102472,100,99943,100,102575,100,99942,100,,,99937,100
2019-06-28 09:42:10.000000000,101840,186,100304,186,101941,186,100180,186,101955,186,100034,186,102240,186,100018,186,102273,186,99963,386,102329,100,99962,300,102423,100,99947,100,102472,100,99943,100,102575,100,99942,100,,,99937,100
2019-06-28 09:42:14.526213159,101451,100,100304,186,101840,186,100180,186,101941,186,100034,186,101955,186,100018,186,102240,186,99963,286,102273,186,99962,300,102329,100,99947,100,102423,100,99943,100,102472,100,99942,100,102575,100,99937,100
2019-06-28 09:42:20.000000000,101451,528,100304,528,101840,100,100180,100,101941,100,100034,100,101955,100,100018,100,102240,100,99963,200,102273,100,99962,300,102329,100,99947,100,102423,100,99943,100,102472,100,99942,100,102575,100,99937,100
2019-06-28 09:42:28.062963752,101451,528,101099,100,101840,100,100304,528,101941,100,100180,100,101955,100,100034,100,102240,100,100018,100,102273,100,99963,200,102329,100,99962,300,102423,100,99947,100,102472,100,99943,100,102575,100,99942,100
2019-06-28 09:42:30.000000000,101451,314,101099,314,101840,314,100304,314,101941,100,100180,100,101955,100,100034,100,102240,100,100018,100,102273,100,99963,200,102329,100,99962,300,102423,100,99947,100,102472,100,99943,100,102575,100,99942,100
2019-06-28 09:42:38.087087898,101275,100,101099,314,101451,314,100304,314,101840,314,100180,100,101941,100,100034,100,101955,100,100018,100,102240,100,99963,200,102273,100,99962,300,102329,100,99947,100,102423,100,99943,100,102472,100,99942,100
2019-06-28 09:42:40.000000000,101275,314,101099,314,101451,314,100304,314,101840,100,100180,100,101941,100,100034,100,101955,100,100018,100,102240,100,99963,200,102273,100,99962,300,102329,100,99947,100,102423,100,99943,100,102472,100,99942,100
2019-06-28 09:42:41.995558453,101275,314,101099,314,101451,314,100982,100,101840,100,100304,314,101941,100,100180,100,101955,100,100034,100,102240,100,100018,100,102273,100,99963,200,102329,100,99962,300,102423,100,99947,100,102472,100,99943,100
2019-06-28 09:42:50.000000000,101275,314,101099,314,101451,314,100982,314,101840,100,100304,100,101941,100,100180,100,101955,100,100034,100,102240,100,100018,100,102273,100,99963,200,102329,100,99962,300,102423,100,99947,100,102472,100,99943,100
2019-06-28 09:43:00.000000000,101275,528,101099,528,101451,100,100982,100,101840,100,100304,100,101941,100,100180,100,101955,100,100034,100,102240,100,100018,100,102273,100,99963,200,102329,100,99962,300,102423,100,99947,100,102472,100,99943,100
2019-06-28 09:43:10.000000000,101275,314,101099,314,101451,314,100982,314,101840,100,100304,100,101941,100,100180,100,101955,100,100034,100,102240,100,100018,100,102273,100,99963,200,102329,100,99962,300,102423,100,99947,100,102472,100,99943,100
2019-06-28 09:43:19.923754264,101275,314,101105,100,101451,314,101099,314,101840,100,100982,314,101941,100,100304,100,101955,100,100180,100,102240,100,100034,100,102273,100,100018,100,102329,100,99963,200,102423,100,99962,300,102472,100,99947,100
2019-06-28 09:43:20.000000000,101275,207,101105,207,101451,207,101099,207,101840,207,100982,207,101941,207,100304,207,101955,100,100180,100,102240,100,100034,100,102273,100,100018,100,102329,100,99963,200,102423,100,99962,300,102472,100,99947,100
2019-06-28 09:43:29.024664710,101275,207,101105,207,101343,100,101099,207,101451,207,100982,207,101840,207,100304,207,101941,207,100180,100,102240,100,100034,100,102273,100,100018,100,102329,100,99963,200,102423,100,99962,300,102472,100,99947,100
2019-06-28 09:43:30.000000000,101275,207,101105,207,101343,207,101099,207,101451,207,100982,207,101840,207,100304,207,101941,100,100180,100,102240,100,100034,100,102273,100,100018,100,102329,100,99963,200,102423,100,99962,300,102472,100,99947,100
2019-06-28 09:43:40.000000000,101275,246,101105,246,101343,241,101099,241,101451,241,100982,241,101840,100,100304,100,101941,100,100180,100,102240,100,100034,100,102273,100,100018,100,102329,100,99963,200,102423,100,99962,300,102472,100,99947,100
2019-06-28 09:43:45.064667845,101275,246,101105,246,101343,241,101099,341,101451,241,100982,241,101840,100,100304,100,101941,100,100180,100,102240,100,100034,100,102273,100,100018,100,102329,100,99963,200,102423,100,99962,300,102472,100,99947,100
2019-06-28 09:43:46.670225765,101179,100,101105,246,101275,246,101099,341,101343,241,100982,241,101451,241,100304,100,101941,100,100180,100,102240,100,100034,100,102273,100,100018,100,102329,100,99963,200,102423,100,99962,300,102472,100,99947,100
2019-06-28 09:43:50.000000000,101179,186,101105,186,101275,186,101099,286,101343,186,100982,186,101451,186,100304,186,101941,186,100180,186,102240,100,100034,100,102273,100,100018,100,102329,100,99963,200,102423,100,99962,300,102472,100,99947,100
2019-06-28 09:43:50.587023707,101179,86,101105,186,101275,186,101099,286,101343,186,100982,186,101451,186,100304,186,101941,186,100180,186,102240,100,100034,100,102273,100,100018,100,102329,100,99963,200,102423,100,99962,300,102472,100,99947,100
2019-06-28 09:43:52.827558179,101179,86,101105,186,101275,186,101099,286,101310,100,100982,186,101343,186,100304,186,101451,186,100180,186,101941,186,100034,100,102240,100,100018,100,102273,100,99963,200,102329,100,99962,300,102423,100,99947,100
2019-06-28 09:44:00.000000000,101275,246,101105,246,101310,241,101099,341,101343,241,100982,241,101451,100,100304,100,101941,100,100180,100,102240,100,100034,100,102273,100,100018,100,102329,100,99963,200,102423,100,99962,300,102472,100,99947,100
2019-06-28 09:44:10.000000000,101275,207,101105,207,101310,207,101099,307,101343,207,100982,207,101451,207,100304,207,101941,100,100180,100,102240,100,100034,100,102273,100,100018,100,102329,100,99963,200,102423,100,99962,300,102472,100,99947,100
2019-06-28 09:44:20.000000000,101275,246,101105,246,101310,241,101099,341,101343,241,100982,241,101451,100,100304,100,101941,100,100180,100,102240,100,100034,100,102273,100,100018,100,102329,100,99963,200,102423,100,99962,300,102472,100,99947,100
2019-06-28 09:44:30.000000000,101275,207,101105,207,101310,207,101099,307,101343,207,100982,207,101451,207,100304,207,101941,100,100180,100,102240,100,100034,100,102273,100,100018,100,102329,100,99963,200,102423,100,99962,300,102472,100,99947,100
2019-06-28 09:44:40.000000000,101275,314,101105,314,101310,314,101099,414,101343,100,100982,100,101451,100,100304,100,101941,100,100180,100,102240,100,100034,100,102273,100,100018,100,102329,100,99963,200,102423,100,99962,300,102472,100,99947,100
2019-06-28 09:44:50.000000000,101275,186,101105,186,101310,186,101099,286,101343,186,100982,186,101451,186,100304,186,101941,186,100180,186,102240,100,100034,100,102273,100,100018,100,102329,100,99963,200,102423,100,99962,300,102472,100,99947,100
2019-06-28 09:45:00.000000000,101275,186,101105,186,101310,186,101099,286,101343,186,100982,186,101451,186,100304,186,101941,186,100180,186,102240,100,100034,100,102273,100,100018,100,102329,100,99963,200,102423,100,99962,300,102472,100,99947,100
2019-06-28 09:45:10.000000000,101275,207,101105,207,101310,207,101099,307,101343,207,100982,207,101451,207,100304,207,101941,100,100180,100,102240,100,100034,100,102273,100,100018,100,102329,100,99963,200,102423,100,99962,300,102472,100,99947,100
2019-06-28 09:45:16.863780670,101275,207,101179,100,101310,207,101105,207,101343,207,101099,307,101451,207,100982,207,101941,100,100304,207,102240,100,100180,100,102273,100,100034,100,102329,100,100018,100,102423,100,99963,200,102472,100,99962,300
2019-06-28 09:45:20.000000000,101275,246,101179,246,101310,241,101105,241,101343,241,101099,341,101451,100,100982,100,101941,100,100304,100,102240,100,100180,100,102273,100,100034,100,102329,100,100018,100,102423,100,99963,200,102472,100,99962,300
2019-06-28 09:45:25.703527218,101275,146,101179,246,101310,241,101105,241,101343,241,101099,341,101451,100,100982,100,101941,100,100304,100,102240,100,100180,100,102273,100,100034,100,102329,100,100018,100,102423,100,99963,200,102472,100,99962,300
2019-06-28 09:45:30.000000000,101310,207,101179,207,101343,207,101105,207,101451,207,101099,307,101941,207,100982,207,102240,100,100304,100,102273,100,100180,100,102329,100,100034,100,102423,100,100018,100,102472,100,99963,200,102575,100,99962,300
2019-06-28 09:45:40.000000000,101310,207,101179,207,101343,207,101105,207,101451,207,101099,307,101941,207,100982,207,102240,100,100304,100,102273,100,100180,100,102329,100,100034,100,102423,100,100018,100,102472,100,99963,200,102575,100,99962,300
2019-06-28 09:45:49.148649829,101310,107,101179,207,101343,207,101105,207,101451,207,101099,307,101941,207,100982,207,102240,100,100304,100,102273,100,100180,100,102329,100,100034,100,102423,100,100018,100,102472,100,99963,200,102575,100,99962,300
2019-06-28 09:45:50.000000000,101343,186,101179,186,101451,186,101105,186,101941,186,101099,286,102240,186,100982,186,102273,186,100304,186,102329,100,100180,100,102423,100,100034,100,102472,100,100018,100,102575,100,99963,200,,,99962,300
2019-06-28 09:45:51.986249606,101343,186,101179,186,101451,186,101105,86,101941,186,101099,286,102240,186,100982,186,102273,186,100304,186,102329,100,100180,100,102423,100,100034,100,102428,100,100018,100,102472,100,99963,200,102575,100,99962,300
2019-06-28 09:45:59.089883367,101343,86,101179,186,101451,186,101105,86,101941,186,101099,286,102240,186,100982,186,102273,186,100304,186,102329,100,100180,100,102423,100,100034,100,102428,100,100018,100,102472,100,99963,200,102575,100,99962,300
2019-06-28 09:46:00.000000000,101451,246,101179,246,101941,241,101099,341,102240,241,100982,241,102273,100,100304,100,102329,100,100180,100,102423,100,100034,100,102428,100,100018,100,102472,100,99963,200,102575,100,99962,300,,,99947,100
2019-06-28 09:46:03.104161279,101451,246,101179,246,101941,241,101099,341,102240,241,100982,241,102273,100,100304,100,102329,100,100180,100,102423,100,100034,100,102428,100,100018,100,102472,100,99963,200,102501,100,99962,300,102575,100,99947,100
2019-06-28 09:46:10.000000000,101451,186,101179,186,101941,186,101099,286,102240,186,100982,186,102273,186,100304,186,102329,186,100180,186,102423,100,100034,100,102428,100,100018,100,102472,100,99963,200,102501,100,99962,300,102575,100,99947,100
2019-06-28 09:46:20.000000000,101451,246,101179,246,101941,241,101099,341,102240,241,100982,241,102273,100,100304,100,102329,100,100180,100,102423,100,100034,100,102428,100,100018,100,102472,100,99963,200,102501,100,99962,300,102575,100,99947,100
2019-06-28 09:46:30.000000000,101451,186,101179,186,101941,186,101099,286,102240,186,100982,186,102273,186,100304,186,102329,186,100180,186,102423,100,100034,100,102428,100,100018,100,102472,100,99963,200,102501,100,99962,300,102575,100,99947,100
2019-06-28 09:46:40.000000000,101451,207,101179,207,101941,207,101099,307,102240,207,100982,207,102273,207,100304,207,102329,100,100180,100,102423,100,100034,100,102428,100,100018,100,102472,100,99963,200,102501,100,99962,300,102575,100,99947,100
2019-06-28 09:46:50.000000000,101451,246,101179,246,101941,241,101099,341,102240,241,100982,241,102273,100,100304,100,102329,100,100180,100,102423,100,100034,100,102428,100,100018,100,102472,100,99963,200,102501,100,99962,300,102575,100,99947,100
2019-06-28 09:46:50.549616394,101451,246,101179,246,101941,241,101099,341,101999,100,100982,241,102240,241,100304,100,102273,100,100180,100,102329,100,100034,100,102423,100,100018,100,102428,100,99963,200,102472,100,99962,300,102501,100,99947,100
2019-06-28 09:47:00.000000000,101451,246,101179,246,101941,241,101099,341,101999,241,100982,241,102240,100,100304,100,102273,100,100180,100,102329,100,100034,100,102423,100,100018,100,102428,100,99963,200,102472,100,99962,300,102501,100,99947,100
2019-06-28 09:47:10.000000000,101451,314,101179,314,101941,314,101099,414,101999,100,100982,100,102240,100,100304,100,102273,100,100180,100,102329,100,100034,100,102423,100,100018,100,102428,100,99963,200,102472,100,99962,300,102501,100,99947,100
2019-06-28 09:47:11.209733987,101451,214,101179,314,101941,314,101099,414,101999,100,100982,100,102240,100,100304,100,102273,100,100180,100,102329,100,100034,100,102423,100,100018,100,102428,100,99963,200,102472,100,99962,300,102501,100,99947,100
2019-06-28 09:47:14.463551836,101451,214,101343,100,101941,314,101179,314,101999,100,101099,414,102240,100,100982,100,102273,100,100304,100,102329,100,100180,100,102423,100,100034,100,102428,100,100018,100,102472,100,99963,200,102501,100,99962,300
2019-06-28 09:47:17.796546312,101451,214,101343,100,101685,100,101179,314,101941,314,101099,414,102240,100,100982,100,102273,100,100304,100,102329,100,100180,100,102423,100,100034,100,102428,100,100018,100,102472,100,99963,200,102501,100,99962,300
2019-06-28 09:47:20.000000000,101685,528,101343,528,101941,100,101179,100,102240,100,101099,200,102273,100,100982,100,102329,100,100304,100,102423,100,100180,100,102428,100,100034,100,102472,100,100018,100,102501,100,99963,200,102575,100,99962,300
2019-06-28 09:47:25.052820837,101685,528,101343,528,101941,100,101179,100,102240,100,101099,200,102273,100,100982,100,102329,100,100304,100,102423,100,100180,100,102428,100,100034,100,102472,100,100018,100,102501,100,99963,100,102575,100,99962,300
2019-06-28 09:47:30.000000000,101685,246,101343,246,101941,241,101179,241,102240,241,101099,341,102273,100,100982,100,102329,100,100304,100,102423,100,100180,100,102428,100,100034,100,102472,100,100018,100,102501,100,99963,100,102575,100,99962,300
2019-06-28 09:47:33.203553083,101685,246,101343,246,101941,241,101179,241,101945,100,101099,341,102240,241,100982,100,102273,100,100304,100,102329,100,100180,100,102423,100,100034,100,102428,100,100018,100,102472,100,99963,100,102501,100,99962,300
2019-06-28 09:47:37.286986572,101685,146,101343,246,101941,241,101179,241,101945,100,101099,341,102240,241,100982,100,102273,100,100304,100,102329,100,100180,100,102423,100,100034,100,102428,100,100018,100,102472,100,99963,100,102501,100,99962,300
2019-06-28 09:47:40.000000000,101941,186,101343,186,101945,186,101179,186,102240,186,101099,286,102273,186,100982,186,102329,186,100304,186,102423,100,100180,100,102428,100,100034,100,102472,100,100018,100,102501,100,99963,100,102575,100,99962,300
2019-06-28 09:47:49.783767022,101941,186,101741,100,101945,186,101343,186,102240,186,101179,186,102273,186,101099,286,102329,186,100982,186,102428,100,100304,186,102472,100,100180,100,102501,100,100034,100,102575,100,100018,100,,,99963,100
2019-06-28 09:47:50.000000000,101941,314,101741,314,101945,314,101343,314,102240,100,101179,100,102273,100,101099,200,102329,100,100982,100,102428,100,100304,100,102472,100,100180,100,102501,100,100034,100,102575,100,100018,100,,,99963,100
2019-06-28 09:47:52.908662961,101872,100,101741,314,101941,314,101343,314,101945,314,101179,100,102240,100,101099,200,102273,100,100982,100,102329,100,100304,100,102428,100,100180,100,102472,100,100034,100,102501,100,100018,100,102575,100,99963,100
2019-06-28 09:48:00.000000000,101872,528,101741,528,101941,100,101343,100,101945,100,101179,100,102240,100,101099,200,102273,100,100982,100,102329,100,100304,100,102428,100,100180,100,102472,100,100034,100,102501,100,100018,100,102575,100,99963,100
2019-06-28 09:48:10.000000000,101872,207,101741,207,101941,207,101343,207,101945,207,101179,207,102240,207,101099,307,102273,100,100982,100,102329,100,100304,100,102428,100,100180,100,102472,100,100034,100,102501,100,100018,100,102575,100,99963,100
2019-06-28 09:48:16.320716395,101872,207,101741,207,101941,207,101451,100,101945,207,101343,107,102240,207,101179,207,102273,100,101099,307,102329,100,100982,100,102428,100,100304,100,102472,100,100180,100,102501,100,100034,100,102575,100,100018,100
2019-06-28 09:48:20.000000000,101872,314,101741,314,101941,314,101451,314,101945,100,101179,100,102240,100,101099,200,102273,100,100982,100,102329,100,100304,100,102428,100,100180,100,102472,100,100034,100,102501,100,100018,100,102575,100,99963,100
2019-06-28 09:48:30.000000000,101872,314,101741,314,101941,314,101451,314,101945,100,101179,100,102240,100,101099,200,102273,100,100982,100,102329,100,100304,100,102428,100,100180,100,102472,100,100034,100,102501,100,100018,100,102575,100,99963,100
2019-06-28 09:48:40.000000000,101872,246,101741,246,101941,241,101451,241,101945,241,101179,241,102240,100,101099,200,102273,100,100982,100,102329,100,100304,100,102428,100,100180,100,102472,100,100034,100,102501,100,100018,100,102575,100,99963,100
2019-06-28 09:48:46.258665610,101872,246,101741,246,101941,241,101451,241,101945,241,101179,241,102205,100,101099,200,102240,100,100982,100,102273,100,100304,100,102329,100,100180,100,102428,100,100034,100,102472,100,100018,100,102501,100,99963,100
2019-06-28 09:48:48.599890337,101872,246,101741,246,101941,241,101451,241,101945,241,101179,241,102205,100,101099,200,102240,100,100982,100,102273,100,100304,100,102286,100,100180,100,102329,100,100034,100,102428,100,100018,100,102472,100,99963,100
2019-06-28 09:48:50.000000000,101872,186,101741,186,101941,186,101451,186,101945,186,101179,186,102205,186,101099,286,102240,186,100982,186,102273,100,100304,100,102286,100,100180,100,102329,100,100034,100,102428,100,100018,100,102472,100,99963,100
2019-06-28 09:48:50.391624034,101872,86,101741,186,101941,186,101451,186,101945,186,101179,186,102205,186,101099,286,102240,186,100982,186,102273,100,100304,100,102286,100,100180,100,102329,100,100034,100,102428,100,100018,100,102472,100,99963,100
2019-06-28 09:48:53.264484401,101872,86,101741,186,101941,186,101451,186,101945,186,101179,86,102205,186,101099,286,102240,186,100982,186,102273,100,100304,100,102286,100,100180,100,102329,100,100034,100,102428,100,100018,100,102472,100,99963,100
2019-06-28 09:48:55.865121803,101872,86,101866,100,101941,186,101741,186,101945,186,101451,186,102205,186,101179,86,102240,186,101099,286,102273,100,100982,186,102286,100,100304,100,102329,100,100180,100,102472,100,100034,100,102501,100,100018,100
2019-06-28 09:49:00.000000000,101941,528,101866,528,101945,100,101741,100,102205,100,101451,100,102240,100,101099,200,102273,100,100982,100,102286,100,100304,100,102329,100,100180,100,102472,100,100034,100,102501,100,100018,100,102575,100,99963,100
2019-06-28 09:49:10.000000000,101941,186,101866,186,101945,186,101741,186,102205,186,101451,186,102240,186,101099,286,102273,186,100982,186,102286,100,100304,100,102329,100,100180,100,102472,100,100034,100,102501,100,100018,100,102575,100,99963,100
2019-06-28 09:49:20.000000000,101941,186,101866,186,101945,186,101741,186,102205,186,101451,186,102240,186,101099,286,102273,186,100982,186,102286,100,100304,100,102329,100,100180,100,102472,100,100034,100,102501,100,100018,100,102575,100,99963,100
2019-06-28 09:49:22.232019764,101941,186,101866,86,101945,186,101741,186,102205,186,101451,186,102240,186,101099,286,102273,186,100982,186,102286,100,100304,100,102329,100,100180,100,102472,100,100034,100,102501,100,100018,100,102575,100,99963,100
2019-06-28 09:49:30.000000000,101941,528,101741,528,101945,100,101451,100,102205,100,101099,200,102240,100,100982,100,102273,100,100304,100,102286,100,100180,100,102329,100,100034,100,102472,100,100018,100,102501,100,99963,100,102575,100,99962,200
2019-06-28 09:49:40.000000000,101941,246,101741,246,101945,241,101451,241,102205,241,101099,341,102240,100,100982,100,102273,100,100304,100,102286,100,100180,100,102329,100,100034,100,102472,100,100018,100,102501,100,99963,100,102575,100,99962,200
2019-06-28 09:49:50.000000000,101941,186,101741,186,101945,186,101451,186,102205,186,101099,286,102240,186,100982,186,102273,186,100304,186,102286,100,100180,100,102329,100,100034,100,102472,100,100018,100,102501,100,99963,100,102575,100,99962,200
2019-06-28 09:49:57.139899871,101941,186,101741,186,101945,186,101485,100,102205,186,101451,186,102240,186,101099,286,102273,186,100982,186,102286,100,100304,186,102329,100,100180,100,102501,100,100034,100,102575,100,100018,100,,,99963,100
2019-06-28 09:49:59.761572064,101941,186,101741,86,101945,186,101485,100,102205,186,101451,186,102240,186,101099,286,102273,186,100982,186,102286,100,100304,186,102329,100,100180,100,102501,100,100034,100,102575,100,100018,100,,,99963,100
2019-06-28 09:50:00.000000000,101941,207,101485,207,101945,207,101451,207,102205,207,101099,307,102240,207,100982,207,102273,100,100304,100,102286,100,100180,100,102329,100,100034,100,102501,100,100018,100,102575,100,99963,100,,,99962,200
2019-06-28 09:50:05.090075741,101941,207,101485,207,101945,207,101468,100,102205,207,101451,207,102240,207,101099,307,102273,100,100982,207,102286,100,100304,100,102329,100,100180,100,102501,100,100034,100,102575,100,100018,100,,,99963,100
2019-06-28 09:50:10.000000000,101941,314,101485,314,101945,314,101468,314,102205,100,101451,100,102240,100,101099,200,102273,100,100982,100,102286,100,100304,100,102329,100,100180,100,102501,100,100034,100,102575,100,100018,100,,,99963,100
2019-06-28 09:50:20.000000000,101941,207,101485,207,101945,207,101468,207,102205,207,101451,207,102240,207,101099,307,102273,100,100982,100,102286,100,100304,100,102329,100,100180,100,102501,100,100034,100,102575,100,100018,100,,,99963,100
2019-06-28 09:50:26.176402851,101665,100,101485,207,101941,207,101468,207,101945,207,101451,207,102205,207,101099,307,102240,207,100982,100,102273,100,100304,100,102286,100,100180,100,102329,100,100034,100,102501,100,100018,100,102575,100,99963,100
2019-06-28 09:50:30.000000000,101665,207,101485,207,101941,207,101468,207,101945,207,101451,207,102205,207,101099,307,102240,100,100982,100,102273,100,100304,100,102286,100,100180,100,102329,100,100034,100,102501,100,100018,100,102575,100,99963,100
2019-06-28 09:50:40.000000000,101665,528,101485,528,101941,100,101468,100,101945,100,101451,100,102205,100,101099,200,102240,100,100982,100,102273,100,100304,100,102286,100,100180,100,102329,100,100034,100,102501,100,100018,100,102575,100,99963,100
2019-06-28 09:50:50.000000000,101665,528,101485,528,101941,100,101468,100,101945,100,101451,100,102205,100,101099,200,102240,100,100982,100,102273,100,100304,100,102286,100,100180,100,102329,100,100034,100,102501,100,100018,100,102575,100,99963,100
2019-06-28 09:51:00.000000000,101665,314,101485,314,101941,314,101468,314,101945,100,101451,100,102205,100,101099,200,102240,100,100982,100,102273,100,100304,100,102286,100,100180,100,102329,100,100034,100,102501,100,100018,100,102575,100,99963,100
2019-06-28 09:51:06.257350545,101665,314,101485,314,101941,314,101468,314,101945,100,101451,100,102205,100,101309,100,102240,100,101099,200,102273,100,100982,100,102286,100,100304,100,102329,100,100180,100,102501,100,100034,100,102575,100,100018,100
2019-06-28 09:51:07.004324570,101665,314,101485,314,101866,100,101468,314,101941,314,101451,100,101945,100,101309,100,102205,100,101099,200,102240,100,100982,100,102273,100,100304,100,102286,100,100180,100,102329,100,100034,100,102501,100,100018,100
2019-06-28 09:51:10.000000000,101665,207,101485,207,101866,207,101468,207,101941,207,101451,207,101945,207,101309,207,102205,100,101099,200,102240,100,100982,100,102273,100,100304,100,102286,100,100180,100,102329,100,100034,100,102501,100,100018,100
2019-06-28 09:51:20.000000000,101665,528,101485,528,101866,100,101468,100,101941,100,101451,100,101945,100,101309,100,102205,100,101099,200,102240,100,100982,100,102273,100,100304,100,102286,100,100180,100,102329,100,100034,100,102501,100,100018,100
2019-06-28 09:51:29.427540807,101665,528,101643,100,101866,100,101485,528,101941,100,101468,100,101945,100,101451,100,102205,100,101309,100,102240,100,101099,200,102273,100,100982,100,102286,100,100304,100,102329,100,100180,100,102501,100,100034,100
2019-06-28 09:51:30.000000000,101665,186,101643,186,101866,186,101485,186,101941,186,101468,186,101945,186,101451,186,102205,186,101309,186,102240,100,101099,200,102273,100,100982,100,102286,100,100304,100,102329,100,100180,100,102501,100,100034,100
2019-06-28 09:51:40.000000000,101665,314,101643,314,101866,314,101485,314,101941,100,101468,100,101945,100,101451,100,102205,100,101309,100,102240,100,101099,200,102273,100,100982,100,102286,100,100304,100,102329,100,100180,100,102501,100,100034,100
2019-06-28 09:51:50.000000000,101665,207,101643,207,101866,207,101485,207,101941,207,101468,207,101945,207,101451,207,102205,100,101309,100,102240,100,101099,200,102273,100,100982,100,102286,100,100304,100,102329,100,100180,100,102501,100,100034,100
2019-06-28 09:52:00.000000000,101665,314,101643,314,101866,314,101485,314,101941,100,101468,100,101945,100,101451,100,102205,100,101309,100,102240,100,101099,200,102273,100,100982,100,102286,100,100304,100,102329,100,100180,100,102501,100,100034,100
2019-06-28 09:52:10.000000000,101665,207,101643,207,101866,207,101485,207,101941,207,101468,207,101945,207,101451,207,102205,100,101309,100,102240,100,101099,200,102273,100,100982,100,102286,100,100304,100,102329,100,100180,100,102501,100,100034,100
2019-06-28 09:52:11.619946125,101665,107,101643,207,101866,207,101485,207,101941,207,101468,207,101945,207,101451,207,102205,100,101309,100,102240,100,101099,200,102273,100,100982,100,102286,100,100304,100,102329,100,100180,100,102501,100,100034,100
2019-06-28 09:52:20.000000000,101866,207,101643,207,101941,207,101485,207,101945,207,101468,207,102205,207,101451,207,102240,100,101309,100,102273,100,101099,200,102286,100,100982,100,102329,100,100304,100,102501,100,100180,100,102575,100,100034,100
2019-06-28 09:52:30.000000000,101866,186,101643,186,101941,186,101485,186,101945,186,101468,186,102205,186,101451,186,102240,186,101309,186,102273,100,101099,200,102286,100,100982,100,102329,100,100304,100,102501,100,100180,100,102575,100,100034,100
2019-06-28 09:52:40.000000000,101866,207,101643,207,101941,207,101485,207,101945,207,101468,207,102205,207,101451,207,102240,100,101309,100,102273,100,101099,200,102286,100,100982,100,102329,100,100304,100,102501,100,100180,100,102575,100,100034,100
2019-06-28 09:52:42.983022428,101866,207,101665,100,101941,207,101643,207,101945,207,101485,207,102205,207,101468,207,102240,100,101451,207,102273,100,101309,100,102286,100,101099,200,102329,100,100982,100,102501,100,100304,100,102575,100,100180,100
2019-06-28 09:52:50.000000000,101866,314,101665,314,101941,314,101643,314,101945,100,101485,100,102205,100,101468,100,102240,100,101451,100,102273,100,101309,100,102286,100,101099,200,102329,100,100982,100,102501,100,100304,100,102575,100,100180,100
2019-06-28 09:52:52.368797219,101866,314,101665,314,101941,314,101643,314,101945,100,101485,100,101952,100,101468,100,102205,100,101451,100,102240,100,101309,100,102273,100,101099,200,102286,100,100982,100,102329,100,100304,100,102501,100,100180,100
2019-06-28 09:53:00.000000000,101866,207,101665,207,101941,207,101643,207,101945,207,101485,207,101952,207,101468,207,102205,100,101451,100,102240,100,101309,100,102273,100,101099,200,102286,100,100982,100,102329,100,100304,100,102501,100,100180,100
2019-06-28 09:53:10.000000000,101866,186,101665,186,101941,186,101643,186,101945,186,101485,186,101952,186,101468,186,102205,186,101451,186,102240,100,101309,100,102273,100,101099,200,102286,100,100982,100,102329,100,100304,100,102501,100,100180,100
2019-06-28 09:53:10.881388188,101866,86,101665,186,101941,186,101643,186,101945,186,101485,186,101952,186,101468,186,102205,186,101451,186,102240,100,101309,100,102273,100,101099,200,102286,100,100982,100,102329,100,100304,100,102501,100,100180,100
2019-06-28 09:53:13.118207236,101941,186,101866,14,101945,186,101665,186,101952,186,101643,186,102205,186,101485,86,102240,100,101468,186,102273,100,101451,186,102286,100,101309,100,102329,100,101099,200,102501,100,100982,100,102575,100,100304,100
2019-06-28 09:53:20.000000000,101941,186,101866,100,101945,186,101665,186,101952,186,101643,186,102205,186,101468,186,102240,186,101451,186,102273,100,101309,100,102286,100,101099,200,102329,100,100982,100,102501,100,100304,100,102575,100,100180,100
2019-06-28 09:53:28.202210367,101941,186,101866,100,101945,186,101665,186,101952,186,101643,186,102205,186,101468,186,102240,186,101451,186,102273,100,101380,100,102286,100,101309,100,102329,100,101099,200,102501,100,100982,100,102575,100,100304,100
2019-06-28 09:53:30.000000000,101941,314,101866,228,101945,314,101665,314,101952,100,101643,100,102205,100,101468,100,102240,100,101451,100,102273,100,101380,100,102286,100,101309,100,102329,100,101099,200,102501,100,100982,100,102575,100,100304,100
2019-06-28 09:53:34.466644145,101941,314,101866,128,101945,314,101665,314,101952,100,101643,100,102205,100,101468,100,102240,100,101451,100,102273,100,101380,100,102286,100,101309,100,102329,100,101099,200,102575,100,100982,100,,,100304,100
2019-06-28 09:53:40.000000000,101941,186,101665,186,101945,186,101643,186,101952,186,101468,186,102205,186,101451,186,102240,186,101380,186,102273,100,101309,100,102286,100,101099,200,102329,100,100982,100,102575,100,100304,100,,,100180,100
2019-06-28 09:53:50.000000000,101941,528,101665,528,101945,100,101643,100,101952,100,101468,100,102205,100,101451,100,102240,100,101380,100,102273,100,101309,100,102286,100,101099,200,102329,100,100982,100,102575,100,100304,100,,,100180,100
2019-06-28 09:53:52.074246271,101941,528,101665,528,101945,100,101643,100,101952,100,101623,100,102205,100,101468,100,102240,100,101451,100,102273,100,101380,100,102286,100,101309,100,102329,100,101099,200,102575,100,100982,100,,,100304,100
2019-06-28 09:53:54.374224749,101752,100,101665,528,101941,528,101643,100,101945,100,101623,100,101952,100,101468,100,102205,100,101451,100,102240,100,101309,100,102273,100,101099,200,102286,100,100982,100,102329,100,100304,100,102575,100,100180,100
2019-06-28 09:54:00.000000000,101752,314,101665,314,101941,314,101643,314,101945,100,101623,100,101952,100,101468,100,102205,100,101451,100,102240,100,101309,100,102273,100,101099,200,102286,100,100982,100,102329,100,100304,100,102575,100,100180,100
2019-06-28 09:54:01.436663078,101752,314,101665,314,101941,314,101643,314,101945,100,101623,100,101952,100,101468,100,102026,100,101451,100,102205,100,101309,100,102240,100,101099,200,102273,100,100982,100,102286,100,100304,100,102329,100,100180,100
2019-06-28 09:54:03.381905172,101752,214,101665,314,101941,314,101643,314,101945,100,101623,100,101952,100,101468,100,102026,100,101451,100,102205,100,101309,100,102240,100,101099,200,102273,100,100982,100,102286,100,100304,100,102329,100,100180,100
2019-06-28 09:54:10.000000000,101941,246,101665,246,101945,241,101643,241,101952,241,101623,241,102026,100,101468,100,102205,100,101451,100,102240,100,101309,100,102273,100,101099,200,102286,100,100982,100,102329,100,100304,100,102575,100,100180,100
2019-06-28 09:54:12.404538156,101866,100,101665,246,101941,246,101643,241,101945,241,101623,241,101952,241,101468,100,102026,100,101451,100,102205,100,101309,100,102240,100,101099,200,102273,100,100982,100,102286,100,100304,100,102329,100,100034,100
2019-06-28 09:54:20.000000000,101866,314,101665,314,101941,314,101643,314,101945,100,101623,100,101952,100,101468,100,102026,100,101451,100,102205,100,101309,100,102240,100,101099,200,102273,100,100982,100,102286,100,100304,100,102329,100,100034,100
2019-06-28 09:54:30.000000000,101866,186,101665,186,101941,186,101643,186,101945,186,101623,186,101952,186,101468,186,102026,186,101451,186,102205,100,101309,100,102240,100,101099,200,102273,100,100982,100,102286,100,100304,100,102329,100,100034,100
2019-06-28 09:54:32.528224183,101866,186,101752,100,101941,186,101665,186,101945,186,101643,186,101952,186,101623,186,102026,186,101468,186,102205,100,101451,186,102240,100,101309,100,102273,100,101099,200,102286,100,100982,100,102329,100,100304,100
2019-06-28 09:54:40.000000000,101866,314,101752,314,101941,314,101665,314,101945,100,101643,100,101952,100,101623,100,102026,100,101468,100,102205,100,101451,100,102240,100,101309,100,102273,100,101099,200,102286,100,100982,100,102329,100,100304,100
2019-06-28 09:54:41.022427769,101866,314,101752,314,101941,314,101665,314,101945,100,101643,100,101952,100,101623,100,102026,100,101548,100,102205,100,101468,100,102240,100,101451,100,102273,100,101309,100,102286,100,101099,200,102329,100,100982,100
2019-06-28 09:54:50.000000000,101866,528,101752,528,101941,100,101665,100,101945,100,101643,100,101952,100,101623,100,102026,100,101548,100,102205,100,101468,100,102240,100,101451,100,102273,100,101309,100,102286,100,101099,200,102329,100,100982,100
2019-06-28 09:54:58.069175943,101866,528,101752,528,101941,100,101643,100,101945,100,101623,100,101952,100,101548,100,102026,100,101468,100,102205,100,101451,100,102240,100,101309,100,102273,100,101099,200,102286,100,100982,100,102329,100,100304,100
2019-06-28 09:55:00.000000000,101866,246,101752,246,101941,241,101643,241,101945,241,101623,241,101952,100,101548,100,102026,100,101468,100,102205,100,101451,100,102240,100,101309,100,102273,100,101099,200,102286,100,100982,100,102329,100,100304,100
2019-06-28 09:55:04.950232706,101866,246,101752,146,101941,241,101643,241,101945,241,101623,241,101952,100,101548,100,102026,100,101468,100,102205,100,101451,100,102273,100,101309,100,102286,100,101099,200,102329,100,100982,100,102575,100,100304,100
2019-06-28 09:55:10.000000000,101866,186,101643,186,101941,186,101623,186,101945,186,101548,186,101952,186,101468,186,102026,186,101451,186,102205,100,101309,100,102273,100,101099,200,102286,100,100982,100,102329,100,100304,100,102575,100,100034,100
2019-06-28 09:55:20.000000000,101866,314,101643,314,101941,314,101623,314,101945,100,101548,100,101952,100,101468,100,102026,100,101451,100,102205,100,101309,100,102273,100,101099,200,102286,100,100982,100,102329,100,100304,100,102575,100,100034,100
2019-06-28 09:55:20.907250770,101866,314,101643,214,101941,314,101623,314,101945,100,101548,100,101952,100,101468,100,102026,100,101451,100,102205,100,101309,100,102286,100,101099,200,102329,100,100982,100,102575,100,100304,100,,,100034,100
2019-06-28 09:55:30.000000000,101866,528,101623,528,101941,100,101548,100,101945,100,101468,100,101952,100,101451,100,102026,100,101309,100,102205,100,101099,200,102286,100,100982,100,102329,100,100304,100,102575,100,100034,100,,,100018,100
2019-06-28 09:55:40.000000000,101866,207,101623,207,101941,207,101548,207,101945,207,101468,207,101952,207,101451,207,102026,100,101309,100,102205,100,101099,200,102286,100,100982,100,102329,100,100304,100,102575,100,100034,100,,,100018,100
2019-06-28 09:55:43.382348181,101866,207,101623,207,101941,207,101548,207,101945,207,101468,207,101952,207,101451,207,102026,100,101309,100,102205,100,101099,200,102286,100,100982,100,102329,100,100304,100,102575,100,100034,100,,,100018,100
2019-06-28 09:55:50.000000000,101866,246,101623,246,101941,241,101548,241,101945,241,101468,241,101952,100,101451,100,102026,100,101309,100,102205,100,101099,200,102286,100,100982,100,102329,100,100304,100,102575,100,100034,100,,,100018,100
2019-06-28 09:55:57.209183150,101752,100,101623,246,101866,246,101548,241,101941,241,101468,241,101945,241,101451,100,101952,100,101309,100,102026,100,101099,200,102205,100,100982,100,102286,100,100304,100,102329,100,100034,100,102575,100,100018,100
2019-06-28 09:56:00.000000000,101752,207,101623,207,101866,207,101548,207,101941,207,101468,207,101945,207,101451,207,101952,100,101309,100,102026,100,101099,200,102205,100,100982,100,102286,100,100304,100,102329,100,100034,100,102575,100,100018,100
2019-06-28 09:56:10.000000000,101752,528,101623,528,101866,100,101548,100,101941,100,101468,100,101945,100,101451,100,101952,100,101309,100,102026,100,101099,200,102205,100,100982,100,102286,100,100304,100,102329,100,100034,100,102575,100,100018,100
2019-06-28 09:56:13.736128161,101752,628,101623,528,101866,100,101548,100,101941,100,101468,100,101945,100,101451,100,101952,100,101309,100,102026,100,101099,200,102205,100,100982,100,102286,100,100304,100,102329,100,100034,100,102575,100,100018,100
2019-06-28 09:56:20.000000000,101752,414,101623,314,101866,314,101548,314,101941,100,101468,100,101945,100,101451,100,101952,100,101309,100,102026,100,101099,200,102205,100,100982,100,102286,100,100304,100,102329,100,100034,100,102575,100,100018,100
2019-06-28 09:56:30.000000000,101752,346,101623,246,101866,241,101548,241,101941,241,101468,241,101945,100,101451,100,101952,100,101309,100,102026,100,101099,200,102205,100,100982,100,102286,100,100304,100,102329,100,100034,100,102575,100,100018,100
2019-06-28 09:56:40.000000000,101752,628,101623,528,101866,100,101548,100,101941,100,101468,100,101945,100,101451,100,101952,100,101309,100,102026,100,101099,200,102205,100,100982,100,102286,100,100304,100,102329,100,100034,100,102575,100,100018,100
2019-06-28 09:56:50.000000000,101752,346,101623,246,101866,241,101548,241,101941,241,101468,241,101945,100,101451,100,101952,100,101309,100,102026,100,101099,200,102205,100,100982,100,102286,100,100304,100,102329,100,100034,100,102575,100,100018,100
2019-06-28 09:57:00.000000000,101752,628,101623,528,101866,100,101548,100,101941,100,101468,100,101945,100,101451,100,101952,100,101309,100,102026,100,101099,200,102205,100,100982,100,102286,100,100304,100,102329,100,100034,100,102575,100,100018,100
2019-06-28 09:57:02.914539743,101752,628,101623,528,101866,100,101548,100,101941,100,101468,100,101945,100,101451,100,101952,100,101309,100,102026,100,101099,200,102205,100,100982,100,102286,100,100534,100,102329,100,100304,100,102575,100,100034,100
2019-06-28 09:57:10.000000000,101752,414,101623,314,101866,314,101548,314,101941,100,101468,100,101945,100,101451,100,101952,100,101309,100,102026,100,101099,200,102205,100,100982,100,102286,100,100534,100,102329,100,100304,100,102575,100,100034,100
2019-06-28 09:57:20.000000000,101752,628,101623,528,101866,100,101548,100,101941,100,101468,100,101945,100,101451,100,101952,100,101309,100,102026,100,101099,200,102205,100,100982,100,102286,100,100534,100,102329,100,100304,100,102575,100,100034,100
2019-06-28 09:57:20.354693679,101752,628,101623,528,101866,100,101548,100,101941,100,101468,100,101945,100,101451,100,101952,100,101309,100,102026,100,101099,200,102205,100,100982,100,102286,100,100660,100,102329,100,100534,100,102575,100,100304,100
2019-06-28 09:57:27.433558689,101752,628,101623,528,101866,100,101548,100,101941,100,101468,100,101945,100,101451,100,101952,100,101309,100,102026,100,101099,100,102205,100,100982,100,102286,100,100660,100,102329,100,100534,100,102575,100,100304,100
2019-06-28 09:57:30.000000000,101752,307,101623,207,101866,207,101548,207,101941,207,101468,207,101945,207,101451,207,101952,100,101309,100,102026,100,101099,100,102205,100,100982,100,102286,100,100660,100,102329,100,100534,100,102575,100,100304,100
2019-06-28 09:57:31.527411651,101752,407,101623,207,101866,207,101548,207,101941,207,101468,207,101945,207,101451,207,101952,100,101309,100,102026,100,101099,100,102205,100,100982,100,102286,100,100660,100,102329,100,100534,100,102575,100,100304,100
2019-06-28 09:57:40.000000000,101752,728,101623,528,101866,100,101548,100,101941,100,101468,100,101945,100,101451,100,101952,100,101309,100,102026,100,101099,100,102205,100,100982,100,102286,100,100660,100,102329,100,100534,100,102575,100,100304,100
2019-06-28 09:57:50.000000000,101752,386,101623,186,101866,186,101548,186,101941,186,101468,186,101945,186,101451,186,101952,186,101309,186,102026,100,101099,100,102205,100,100982,100,102286,100,100660,100,102329,100,100534,100,102575,100,100304,100
2019-06-28 09:58:00.000000000,101752,386,101623,186,101866,186,101548,186,101941,186,101468,186,101945,186,101451,186,101952,186,101309,186,102026,100,101099,100,102205,100,100982,100,102286,100,100660,100,102329,100,100534,100,102575,100,100304,100
2019-06-28 09:58:08.161596750,101752,386,101623,86,101866,186,101548,186,101941,186,101468,186,101945,186,101451,186,101952,186,101309,186,102026,100,101099,100,102205,100,100982,100,102286,100,100660,100,102329,100,100534,100,102575,100,100304,100
2019-06-28 09:58:10.000000000,101752,407,101548,207,101866,207,101468,207,101941,207,101451,207,101945,207,101309,207,101952,100,101099,100,102026,100,100982,100,102205,100,100660,100,102286,100,100534,100,102329,100,100304,100,102575,100,100034,100
2019-06-28 09:58:10.279888912,101752,407,101548,107,101866,207,101468,207,101941,207,101451,207,101945,207,101309,207,101952,100,101099,100,102026,100,100982,100,102205,100,100660,100,102286,100,100534,100,102329,100,100304,100,102575,100,100034,100
2019-06-28 09:58:20.000000000,101752,514,101468,314,101866,314,101451,314,101941,100,101309,100,101945,100,101099,100,101952,100,100982,100,102026,100,100660,100,102205,100,100534,100,102286,100,100304,100,102329,100,100034,100,102575,100,100018,100
2019-06-28 09:58:20.244636028,101752,514,101468,314,101866,314,101451,214,101941,100,101309,100,101945,100,101099,100,101952,100,100982,100,102026,100,100660,100,102205,100,100534,100,102286,100,100304,100,102329,100,100034,100,102575,100,100018,100
2019-06-28 09:58:30.000000000,101752,728,101468,528,101866,100,101309,100,101941,100,101099,100,101945,100,100982,100,101952,100,100660,100,102026,100,100534,100,102205,100,100304,100,102286,100,100034,100,102329,100,100018,100,102575,100,99963,100
2019-06-28 09:58:40.000000000,101752,407,101468,207,101866,207,101309,207,101941,207,101099,207,101945,207,100982,207,101952,100,100660,100,102026,100,100534,100,102205,100,100304,100,102286,100,100034,100,102329,100,100018,100,102575,100,99963,100
2019-06-28 09:58:45.573032626,101752,407,101468,107,101866,207,101309,207,101941,207,101099,207,101945,207,100982,207,101952,100,100660,100,102026,100,100534,100,102205,100,100304,100,102286,100,100034,100,102329,100,100018,100,102575,100,99963,100
2019-06-28 09:58:50.000000000,101752,407,101309,207,101866,207,101099,207,101941,207,100982,207,101945,207,100660,207,101952,100,100534,100,102026,100,100304,100,102205,100,100034,100,102286,100,100018,100,102329,100,99963,100,102575,100,99962,100
2019-06-28 09:58:51.599248167,101752,407,101309,107,101866,207,101099,207,101941,207,100982,207,101945,207,100660,207,101952,100,100534,100,102026,100,100304,100,102205,100,100034,100,102286,100,100018,100,102329,100,99963,100,102575,100,99962,100
2019-06-28 09:59:00.000000000,101752,514,101099,314,101866,314,100982,314,101941,100,100660,100,101945,100,100534,100,101952,100,100304,100,102026,100,100034,100,102205,100,100018,100,102286,100,99963,100,102329,100,99962,100,102575,100,99947,100
2019-06-28 09:59:10.000000000,101752,514,101099,314,101866,314,100982,314,101941,100,100660,100,101945,100,100534,100,101952,100,100304,100,102026,100,100034,100,102205,100,100018,100,102286,100,99963,100,102329,100,99962,100,102575,100,99947,100
2019-06-28 09:59:12.001053112,101752,514,101099,214,101866,314,100982,314,101941,100,100660,100,101945,100,100534,100,101952,100,100304,100,102026,100,100034,100,102205,100,100018,100,102286,100,99963,100,102329,100,99962,100,102575,100,99947,100
2019-06-28 09:59:20.000000000,101752,728,100982,528,101866,100,100660,100,101941,100,100534,100,101945,100,100304,100,101952,100,100034,100,102026,100,100018,100,102205,100,99963,100,102286,100,99962,100,102329,100,99947,100,102575,100,99942,100
2019-06-28 09:59:30.000000000,101752,407,100982,207,101866,207,100660,207,101941,207,100534,207,101945,207,100304,207,101952,100,100034,100,102026,100,100018,100,102205,100,99963,100,102286,100,99962,100,102329,100,99947,100,102575,100,99942,100
2019-06-28 09:59:34.742000441,101752,407,100982,207,101866,207,100660,207,101941,207,100534,207,101945,207,100415,100,101952,100,100304,207,102026,100,100034,100,102205,100,100018,100,102286,100,99963,100,102329,100,99962,100,102575,100,99942,100
2019-06-28 09:59:40.000000000,101752,407,100982,207,101866,207,100660,207,101941,207,100534,207,101945,207,100415,207,101952,100,100304,100,102026,100,100034,100,102205,100,100018,100,102286,100,99963,100,102329,100,99962,100,102575,100,99942,100
2019-06-28 09:59:50.000000000,101752,407,100982,207,101866,207,100660,207,101941,207,100534,207,101945,207,100415,207,101952,100,100304,100,102026,100,100034,100,102205,100,100018,100,102286,100,99963,100,102329,100,99962,100,102575,100,99942,100
2019-06-28 10:00:00.000000000,101752,386,100982,186,101866,186,100660,186,101941,186,100534,186,101945,186,100415,186,101952,186,100304,186,102026,100,100034,100,102205,100,100018,100,102286,100,99963,100,102329,100,99962,100,102575,100,99942,100
2019-06-28 10:00:10.000000000,101752,386,100982,186,101866,186,100660,186,101941,186,100534,186,101945,186,100415,186,101952,186,100304,186,102026,100,100034,100,102205,100,100018,100,102286,100,99963,100,102329,100,99962,100,102575,100,99942,100
2019-06-28 10:00:20.000000000,101752,446,100982,246,101866,241,100660,241,101941,241,100534,241,101945,100,100415,100,101952,100,100304,100,102026,100,100034,100,102205,100,100018,100,102286,100,99963,100,102329,100,99962,100,102575,100,99942,100
2019-06-28 10:00:24.985518542,101752,446,100982,246,101866,241,100660,241,101941,241,100601,100,101945,100,100534,241,101952,100,100415,100,102026,100,100304,100,102205,100,100034,100,102286,100,100018,100,102329,100,99963,100,102575,100,99962,100
2019-06-28 10:00:30.000000000,101752,407,100982,207,101866,207,100660,207,101941,207,100601,207,101945,207,100534,207,101952,100,100415,100,102026,100,100304,100,102205,100,100034,100,102286,100,100018,100,102329,100,99963,100,102575,100,99962,100
2019-06-28 10:00:40.000000000,101752,728,100982,528,101866,100,100660,100,101941,100,100601,100,101945,100,100534,100,101952,100,100415,100,102026,100,100304,100,102205,100,100034,100,102286,100,100018,100,102329,100,99963,100,102575,100,99962,100
2019-06-28 10:00:50.000000000,101752,728,100982,528,101866,100,100660,100,101941,100,100601,100,101945,100,100534,100,101952,100,100415,100,102026,100,100304,100,102205,100,100034,100,102286,100,100018,100,102329,100,99963,100,102575,100,99962,100
2019-06-28 10:00:55.278665225,101752,728,100982,528,101866,100,100660,100,101941,100,100601,100,101945,100,100534,100,101952,100,100415,100,102026,100,100304,100,102205,100,100018,100,102286,100,99963,100,102329,100,99962,100,102575,100,99942,100
2019-06-28 10:01:00.000000000,101752,446,100982,246,101866,241,100660,241,101941,241,100601,241,101945,100,100534,100,101952,100,100415,100,102026,100,100304,100,102205,100,100018,100,102286,100,99963,100,102329,100,99962,100,102575,100,99942,100
2019-06-28 10:01:10.000000000,101752,728,100982,528,101866,100,100660,100,101941,100,100601,100,101945,100,100534,100,101952,100,100415,100,102026,100,100304,100,102205,100,100018,100,102286,100,99963,100,102329,100,99962,100,102575,100,99942,100
2019-06-28 10:01:20.000000000,101752,407,100982,207,101866,207,100660,207,101941,207,100601,207,101945,207,100534,207,101952,100,100415,100,102026,100,100304,100,102205,100,100018,100,102286,100,99963,100,102329,100,99962,100,102575,100,99942,100
2019-06-28 10:01:30.000000000,101752,446,100982,246,101866,241,100660,241,101941,241,100601,241,101945,100,100534,100,101952,100,100415,100,102026,100,100304,100,102205,100,100018,100,102286,100,99963,100,102329,100,99962,100,102575,100,99942,100
2019-06-28 10:01:40.000000000,101752,407,100982,207,101866,207,100660,207,101941,207,100601,207,101945,207,100534,207,101952,100,100415,100,102026,100,100304,100,102205,100,100018,100,102286,100,99963,100,102329,100,99962,100,102575,100,99942,100
2019-06-28 10:01:50.000000000,101752,728,100982,528,101866,100,100660,100,101941,100,100601,100,101945,100,100534,100,101952,100,100415,100,102026,100,100304,100,102205,100,100018,100,102286,100,99963,100,102329,100,99962,100,102575,100,99942,100
2019-06-28 10:01:55.008807495,101309,100,100982,528,101752,728,100660,100,101866,100,100601,100,101941,100,100534,100,101945,100,100415,100,101952,100,100304,100,102026,100,100018,100,102205,100,99963,100,102286,100,99962,100,102329,100,99942,100
2019-06-28 10:02:00.000000000,101309,246,100982,246,101752,441,100660,241,101866,241,100601,241,101941,100,100534,100,101945,100,100415,100,101952,100,100304,100,102026,100,100018,100,102205,100,99963,100,102286,100,99962,100,102329,100,99942,100
2019-06-28 10:02:10.000000000,101309,186,100982,186,101752,386,100660,186,101866,186,100601,186,101941,186,100534,186,101945,186,100415,186,101952,100,100304,100,102026,100,100018,100,102205,100,99963,100,102286,100,99962,100,102329,100,99942,100
2019-06-28 10:02:20.000000000,101309,528,100982,528,101752,300,100660,100,101866,100,100601,100,101941,100,100534,100,101945,100,100415,100,101952,100,100304,100,102026,100,100018,100,102205,100,99963,100,102286,100,99962,100,102329,100,99942,100
2019-06-28 10:02:29.558270724,101309,528,101100,100,101752,300,100982,528,101941,100,100660,100,101945,100,100601,100,101952,100,100534,100,102026,100,100415,100,102205,100,100304,100,102286,100,100018,100,102329,100,99963,100,102575,100,99962,100
2019-06-28 10:02:30.000000000,101309,186,101100,186,101752,386,100982,186,101941,186,100660,186,101945,186,100601,186,101952,186,100534,186,102026,100,100415,100,102205,100,100304,100,102286,100,100018,100,102329,100,99963,100,102575,100,99962,100
2019-06-28 10:02:32.592275657,101243,100,101100,186,101309,186,100982,186,101752,386,100660,186,101941,186,100601,186,101945,186,100534,186,101952,186,100415,100,102026,100,100304,100,102205,100,100018,100,102286,100,99963,100,102329,100,99962,100
2019-06-28 10:02:40.000000000,101243,186,101100,186,101309,186,100982,186,101752,386,100660,186,101941,186,100601,186,101945,186,100534,186,101952,100,100415,100,102026,100,100304,100,102205,100,100018,100,102286,100,99963,100,102329,100,99962,100
2019-06-28 10:02:43.841080181,101243,186,101103,100,101309,186,101100,186,101752,386,100982,186,101941,186,100660,186,101945,186,100601,186,101952,100,100534,186,102026,100,100415,100,102205,100,100304,100,102286,100,100018,100,102329,100,99963,100
2019-06-28 10:02:50.000000000,101243,314,101103,314,101309,314,101100,314,101752,300,100982,100,101941,100,100660,100,101945,100,100601,100,101952,100,100534,100,102026,100,100415,100,102205,100,100304,100,102286,100,100018,100,102329,100,99963,100
2019-06-28 10:03:00.000000000,101243,246,101103,246,101309,241,101100,241,101752,441,100982,241,101941,100,100660,100,101945,100,100601,100,101952,100,100534,100,102026,100,100415,100,102205,100,100304,100,102286,100,100018,100,102329,100,99963,100
2019-06-28 10:03:10.000000000,101243,207,101103,207,101309,207,101100,207,101752,407,100982,207,101941,207,100660,207,101945,100,100601,100,101952,100,100534,100,102026,100,100415,100,102205,100,100304,100,102286,100,100018,100,102329,100,99963,100
2019-06-28 10:03:11.419402714,101243,207,101103,107,101309,207,101100,207,101752,407,100982,207,101941,207,100660,207,101945,100,100601,100,101952,100,100534,100,102026,100,100415,100,102205,100,100304,100,102286,100,100018,100,102329,100,99963,100
2019-06-28 10:03:20.000000000,101243,246,101100,246,101309,241,100982,241,101752,441,100660,241,101941,100,100601,100,101945,100,100534,100,101952,100,100415,100,102026,100,100304,100,102205,100,100018,100,102286,100,99963,100,102329,100,99962,100
2019-06-28 10:03:30.000000000,101243,314,101100,314,101309,314,100982,314,101752,300,100660,100,101941,100,100601,100,101945,100,100534,100,101952,100,100415,100,102026,100,100304,100,102205,100,100018,100,102286,100,99963,100,102329,100,99962,100
2019-06-28 10:03:40.000000000,101243,246,101100,246,101309,241,100982,241,101752,441,100660,241,101941,100,100601,100,101945,100,100534,100,101952,100,100415,100,102026,100,100304,100,102205,100,100018,100,102286,100,99963,100,102329,100,99962,100
2019-06-28 10:03:50.000000000,101243,314,101100,314,101309,314,100982,314,101752,300,100660,100,101941,100,100601,100,101945,100,100534,100,101952,100,100415,100,102026,100,100304,100,102205,100,100018,100,102286,100,99963,100,102329,100,99962,100
2019-06-28 10:04:00.000000000,101243,186,101100,186,101309,186,100982,186,101752,386,100660,186,101941,186,100601,186,101945,186,100534,186,101952,100,100415,100,102026,100,100304,100,102205,100,100018,100,102286,100,99963,100,102329,100,99962,100
2019-06-28 10:04:10.000000000,101243,528,101100,528,101309,100,100982,100,101752,300,100660,100,101941,100,100601,100,101945,100,100534,100,101952,100,100415,100,102026,100,100304,100,102205,100,100018,100,102286,100,99963,100,102329,100,99962,100
2019-06-28 10:04:20.000000000,101243,528,101100,528,101309,100,100982,100,101752,300,100660,100,101941,100,100601,100,101945,100,100534,100,101952,100,100415,100,102026,100,100304,100,102205,100,100018,100,102286,100,99963,100,102329,100,99962,100
2019-06-28 10:04:30.000000000,101243,528,101100,528,101309,100,100982,100,101752,300,100660,100,101941,100,100601,100,101945,100,100534,100,101952,100,100415,100,102026,100,100304,100,102205,100,100018,100,102286,100,99963,100,102329,100,99962,100
2019-06-28 10:04:40.000000000,101243,186,101100,186,101309,186,100982,186,101752,386,100660,186,101941,186,100601,186,101945,186,100534,186,101952,100,100415,100,102026,100,100304,100,102205,100,100018,100,102286,100,99963,100,102329,100,99962,100
2019-06-28 10:04:42.078013330,101243,86,101100,186,101309,186,100982,186,101752,386,100660,186,101941,186,100601,186,101945,186,100534,186,101952,100,100415,100,102026,100,100304,100,102205,100,100018,100,102286,100,99963,100,102329,100,99962,100
2019-06-28 10:04:45.225665604,101309,186,101243,14,101752,386,101100,186,101941,186,100982,186,101945,186,100660,186,101952,100,100601,186,102026,100,100534,186,102205,100,100415,100,102286,100,100304,100,102329,100,100018,100,102575,100,99963,100
2019-06-28 10:04:50.000000000,101309,186,101243,100,101752,386,101100,186,101941,186,100982,186,101945,186,100660,186,101952,186,100601,186,102026,100,100534,100,102205,100,100415,100,102286,100,100304,100,102329,100,100018,100,102575,100,99963,100
2019-06-28 10:05:00.000000000,101309,207,101243,121,101752,407,101100,207,101941,207,100982,207,101945,207,100660,207,101952,100,100601,100,102026,100,100534,100,102205,100,100415,100,102286,100,100304,100,102329,100,100018,100,102575,100,99963,100
2019-06-28 10:05:10.000000000,101309,314,101243,228,101752,514,101100,314,101941,100,100982,100,101945,100,100660,100,101952,100,100601,100,102026,100,100534,100,102205,100,100415,100,102286,100,100304,100,102329,100,100018,100,102575,100,99963,100
2019-06-28 10:05:17.594508213,101309,214,101243,228,101752,514,101100,314,101941,100,100982,100,101945,100,100660,100,101952,100,100601,100,102026,100,100534,100,102205,100,100415,100,102286,100,100304,100,102329,100,100018,100,102575,100,99963,100
2019-06-28 10:05:20.000000000,101752,407,101243,121,101941,207,101100,207,101945,207,100982,207,101952,207,100660,207,102026,100,100601,100,102205,100,100534,100,102286,100,100415,100,102329,100,100304,100,102575,100,100018,100,,,99963,100
2019-06-28 10:05:21.776094016,101752,407,101243,121,101844,100,101100,207,101941,207,100982,207,101945,207,100660,207,101952,207,100601,100,102026,100,100534,100,102205,100,100415,100,102286,100,100304,100,102329,100,100018,100,102575,100,99963,100
2019-06-28 10:05:30.000000000,101752,386,101243,100,101844,186,101100,186,101941,186,100982,186,101945,186,100660,186,101952,186,100601,186,102026,100,100534,100,102205,100,100415,100,102286,100,100304,100,102329,100,100018,100,102575,100,99963,100
2019-06-28 10:05:40.000000000,101752,514,101243,228,101844,314,101100,314,101941,100,100982,100,101945,100,100660,100,101952,100,100601,100,102026,100,100534,100,102205,100,100415,100,102286,100,100304,100,102329,100,100018,100,102575,100,99963,100
2019-06-28 10:05:50.000000000,101752,386,101243,100,101844,186,101100,186,101941,186,100982,186,101945,186,100660,186,101952,186,100601,186,102026,100,100534,100,102205,100,100415,100,102286,100,100304,100,102329,100,100018,100,102575,100,99963,100
2019-06-28 10:05:52.266169529,101752,386,101626,100,101844,186,101243,100,101941,186,101100,186,101945,186,100982,186,101952,186,100660,186,102026,100,100601,186,102205,100,100534,100,102286,100,100415,100,102329,100,100304,100,102575,100,100018,100
2019-06-28 10:05:59.609822071,101752,386,101243,100,101844,186,101100,186,101941,186,100982,186,101945,186,100660,186,101952,186,100601,186,102026,100,100534,100,102205,100,100415,100,102286,100,100304,100,102329,100,100018,100,102575,100,99963,100
2019-06-28 10:06:00.000000000,101752,728,101243,442,101844,100,101100,100,101941,100,100982,100,101945,100,100660,100,101952,100,100601,100,102026,100,100534,100,102205,100,100415,100,102286,100,100304,100,102329,100,100018,100,102575,100,99963,100
2019-06-28 10:06:10.000000000,101752,407,101243,121,101844,207,101100,207,101941,207,100982,207,101945,207,100660,207,101952,100,100601,100,102026,100,100534,100,102205,100,100415,100,102286,100,100304,100,102329,100,100018,100,102575,100,99963,100
2019-06-28 10:06:20.000000000,101752,728,101243,442,101844,100,101100,100,101941,100,100982,100,101945,100,100660,100,101952,100,100601,100,102026,100,100534,100,102205,100,100415,100,102286,100,100304,100,102329,100,100018,100,102575,100,99963,100
2019-06-28 10:06:25.834442345,101626,100,101243,442,101752,728,101100,100,101844,100,100982,100,101941,100,100660,100,101945,100,100601,100,101952,100,100534,100,102026,100,100415,100,102205,100,100304,100,102286,100,100018,100,102329,100,99963,100
2019-06-28 10:06:30.000000000,101626,528,101243,442,101752,300,101100,100,101844,100,100982,100,101941,100,100660,100,101945,100,100601,100,101952,100,100534,100,102026,100,100415,100,102205,100,100304,100,102286,100,100018,100,102329,100,99963,100
2019-06-28 10:06:37.168652286,101626,528,101503,100,101752,300,101243,442,101844,100,101100,100,101941,100,100982,100,101945,100,100660,100,101952,100,100601,100,102026,100,100534,100,102205,100,100415,100,102286,100,100304,100,102329,100,100018,100
2019-06-28 10:06:40.000000000,101626,314,101503,314,101752,514,101243,228,101844,100,101100,100,101941,100,100982,100,101945,100,100660,100,101952,100,100601,100,102026,100,100534,100,102205,100,100415,100,102286,100,100304,100,102329,100,100018,100
2019-06-28 10:06:46.467169002,101626,314,101503,314,101752,514,101309,100,101844,100,101243,228,101941,100,101100,100,101945,100,100982,100,101952,100,100660,100,102026,100,100601,100,102205,100,100534,100,102286,100,100415,100,102329,100,100304,100
2019-06-28 10:06:50.000000000,101626,528,101503,528,101752,300,101309,100,101844,100,101243,14,101941,100,101100,100,101945,100,100982,100,101952,100,100660,100,102026,100,100601,100,102205,100,100534,100,102286,100,100415,100,102329,100,100304,100
2019-06-28 10:06:59.684172679,101626,628,101503,528,101752,200,101309,100,101844,100,101243,14,101941,100,101100,100,101945,100,100982,100,101952,100,100660,100,102026,100,100601,100,102205,100,100534,100,102286,100,100415,100,102329,100,100304,100
2019-06-28 10:07:00.000000000,101626,346,101503,246,101752,341,101309,241,101844,241,101243,155,101941,100,101100,100,101945,100,100982,100,101952,100,100660,100,102026,100,100601,100,102205,100,100534,100,102286,100,100415,100,102329,100,100304,100
2019-06-28 10:07:10.000000000,101626,286,101503,186,101752,286,101309,186,101844,186,101243,100,101941,186,101100,186,101945,186,100982,186,101952,100,100660,100,102026,100,100601,100,102205,100,100534,100,102286,100,100415,100,102329,100,100304,100
2019-06-28 10:07:20.000000000,101626,414,101503,314,101752,414,101309,314,101844,100,101243,14,101941,100,101100,100,101945,100,100982,100,101952,100,100660,100,102026,100,100601,100,102205,100,100534,100,102286,100,100415,100,102329,100,100304,100
2019-06-28 10:07:30.000000000,101626,414,101503,314,101752,414,101309,314,101844,100,101243,14,101941,100,101100,100,101945,100,100982,100,101952,100,100660,100,102026,100,100601,100,102205,100,100534,100,102286,100,100415,100,102329,100,100304,100
2019-06-28 10:07:40.000000000,101626,286,101503,186,101752,286,101309,186,101844,186,101243,100,101941,186,101100,186,101945,186,100982,186,101952,100,100660,100,102026,100,100601,100,102205,100,100534,100,102286,100,100415,100,102329,100,100304,100
2019-06-28 10:07:45.808488321,101626,286,101503,186,101752,286,101309,186,101844,186,101243,100,101941,186,101175,100,101945,186,101100,186,101952,100,100982,186,102026,100,100660,100,102205,100,100601,100,102286,100,100534,100,102329,100,100415,100
2019-06-28 10:07:50.000000000,101626,414,101503,314,101752,414,101309,314,101844,100,101243,14,101941,100,101175,100,101945,100,101100,100,101952,100,100982,100,102026,100,100660,100,102205,100,100601,100,102286,100,100534,100,102329,100,100415,100
2019-06-28 10:08:00.000000000,101626,414,101503,314,101752,414,101309,314,101844,100,101243,14,101941,100,101175,100,101945,100,101100,100,101952,100,100982,100,102026,100,100660,100,102205,100,100601,100,102286,100,100534,100,102329,100,100415,100
2019-06-28 10:08:03.282294438,101626,514,101503,314,101752,414,101309,314,101844,100,101243,14,101941,100,101175,100,101945,100,101100,100,101952,100,100982,100,102026,100,100660,100,102205,100,100601,100,102286,100,100534,100,102329,100,100415,100
2019-06-28 10:08:06.512974973,101626,614,101503,314,101752,414,101309,314,101844,100,101243,14,101941,100,101175,100,101945,100,101100,100,101952,100,100982,100,102026,100,100660,100,102205,100,100601,100,102286,100,100534,100,102329,100,100415,100
2019-06-28 10:08:07.084342579,101626,614,101503,314,101752,414,101309,314,101844,100,101243,14,101941,100,101175,100,101945,100,101100,100,101952,100,100998,100,102026,100,100982,100,102205,100,100660,100,102286,100,100601,100,102329,100,100534,100
2019-06-28 10:08:10.000000000,101626,828,101503,528,101752,200,101309,100,101844,100,101243,14,101941,100,101175,100,101945,100,101100,100,101952,100,100998,100,102026,100,100982,100,102205,100,100660,100,102286,100,100601,100,102329,100,100534,100
2019-06-28 10:08:20.000000000,101626,486,101503,186,101752,286,101309,186,101844,186,101243,100,101941,186,101175,186,101945,186,101100,186,101952,100,100998,100,102026,100,100982,100,102205,100,100660,100,102286,100,100601,100,102329,100,100534,100
