,ask_price_1,ask_size_1,bid_price_1,bid_size_1,ask_price_2,ask_size_2,bid_price_2,bid_size_2,ask_price_3,ask_size_3,bid_price_3,bid_size_3,ask_price_4,ask_size_4,bid_price_4,bid_size_4,ask_price_5,ask_size_5,bid_price_5,bid_size_5,ask_price_6,ask_size_6,bid_price_6,bid_size_6,ask_price_7,ask_size_7,bid_price_7,bid_size_7,ask_price_8,ask_size_8,bid_price_8,bid_size_8,ask_price_9,ask_size_9,bid_price_9,bid_size_9,ask_price_10,ask_size_10,bid_price_10,bid_size_10
2019-06-28 09:30:00.000000000,100092,100,,,,,,,,,,,,,,,,,,,,,,,,,,,,,,,,,,,,,,
2019-06-28 09:30:00.000000003,100092,100,99902,100,,,,,,,,,,,,,,,,,,,,,,,,,,,,,,,,,,,,
2019-06-28 09:30:00.000000004,100011,100,99942,100,100092,100,99902,100,,,,,,,,,,,,,,,,,,,,,,,,,,,,,,,,
2019-06-28 09:30:00.000000005,100011,100,99942,100,100092,100,99902,100,,,99864,100,,,,,,,,,,,,,,,,,,,,,,,,,,,,
2019-06-28 09:30:00.000000007,100011,100,99942,100,100075,100,99902,100,100092,100,99864,100,,,,,,,,,,,,,,,,,,,,,,,,,,,,
2019-06-28 09:30:00.000000009,99994,100,99942,100,100011,100,99922,100,100075,100,99902,100,100084,100,99864,100,100092,200,,,,,,,,,,,,,,,,,,,,,,
2019-06-28 09:30:00.000000011,99994,100,99942,100,100011,100,99922,100,100028,100,99902,100,100075,100,99864,100,100084,100,,,100092,200,,,100096,100,,,,,,,,,,,,,,
2019-06-28 09:30:00.000000012,99955,100,99942,100,99994,100,99922,100,100011,100,99902,100,100028,100,99864,100,100075,100,,,100084,100,,,100092,200,,,100096,100,,,,,,,,,,
2019-06-28 09:30:00.000000013,99955,100,99942,100,99994,100,99922,100,100011,100,99902,100,100028,100,99864,100,100075,100,,,100084,100,,,100092,200,,,100096,100,,,,,,,,,,
2019-06-28 09:30:00.000000018,99955,100,99942,100,99994,100,99922,100,100011,100,99902,100,100028,100,99874,100,100075,100,99864,100,100078,100,,,100084,100,,,100092,200,,,100096,100,,,,,,
2019-06-28 09:30:00.000000019,99955,100,99942,100,99994,100,99941,100,100011,100,99922,100,100028,100,99902,100,100075,100,99874,100,100078,100,99864,100,100084,100,,,100092,200,,,100096,100,,,,,,
2019-06-28 09:30:00.000000021,99955,100,99942,100,99994,100,99941,100,100011,100,99922,100,100028,100,99902,100,100050,100,99874,100,100075,100,99864,100,100078,100,,,100084,100,,,100092,200,,,100096,100,,
2019-06-28 09:30:00.000000024,99994,100,99942,100,100011,100,99941,100,100028,100,99922,100,100050,100,99902,100,100075,100,99874,100,100078,100,99864,100,100084,100,,,100092,200,,,100096,100,,,100178,100,,
2019-06-28 09:30:00.000000025,99994,100,99942,100,100011,100,99941,100,100028,100,99922,100,100050,100,99902,100,100075,100,99874,100,100078,100,99864,100,100084,100,,,100092,200,,,100096,100,,,100178,100,,
2019-06-28 09:30:00.000000027,99994,100,99968,100,100011,100,99942,100,100028,100,99941,100,100050,100,99922,100,100075,100,99902,100,100078,100,99874,100,100084,100,99864,100,100092,200,,,100096,100,,,100178,100,,
2019-06-28 09:30:00.000000029,99994,100,99968,100,100011,100,99942,100,100028,100,99941,100,100050,100,99922,100,100075,100,99902,100,100078,100,99898,100,100084,100,99874,100,100092,200,99864,100,100096,100,,,100178,100,,
2019-06-28 09:30:00.000000031,99994,100,99968,100,100011,100,99942,100,100028,100,99941,100,100050,100,99922,100,100075,100,99902,100,100078,100,99898,100,100084,100,99874,100,100092,200,99864,100,100096,100,,,100135,100,,
2019-06-28 09:30:00.000000033,99994,100,99968,100,100011,100,99942,100,100028,100,99941,100,100050,200,99922,100,100075,100,99902,100,100078,100,99898,100,100084,100,99874,100,100092,200,99864,100,100096,100,,,100135,100,,
2019-06-28 09:30:00.000000037,100011,100,99968,100,100028,100,99942,100,100050,200,99941,100,100075,100,99922,100,100078,100,99902,100,100084,100,99898,100,100092,200,99874,100,100096,100,99864,100,100135,100,,,100178,100,,
2019-06-28 09:30:00.000000040,100011,100,100000,100,100028,100,99968,100,100050,200,99942,100,100075,100,99941,100,100078,100,99922,100,100084,100,99902,100,100092,200,99898,100,100096,100,99874,100,100135,100,99864,100,100178,100,,
2019-06-28 09:30:00.000000041,100011,100,100000,100,100028,100,99977,100,100038,100,99968,100,100050,200,99942,100,100075,100,99941,100,100078,100,99922,100,100084,100,99902,100,100092,200,99898,100,100096,100,99874,100,100135,100,99864,100
2019-06-28 09:30:00.000000046,100012,100,100001,100,100028,100,100000,100,100038,100,99977,100,100050,200,99968,100,100075,100,99942,100,100078,100,99941,100,100084,100,99922,100,100092,200,99902,100,100096,100,99898,100,100135,100,99874,100
2019-06-28 09:30:00.000000049,100012,100,100001,100,100028,100,100000,100,100038,100,99977,100,100050,200,99968,100,100075,100,99942,100,100078,100,99941,100,100084,100,99922,100,100092,200,99902,100,100096,100,99898,100,100135,100,99874,100
2019-06-28 09:30:00.000000050,100028,100,100001,100,100038,100,100000,100,100050,200,99977,100,100075,100,99968,100,100078,100,99942,100,100084,100,99941,100,100092,200,99922,100,100096,100,99902,100,100135,100,99898,100,100178,100,99874,100
2019-06-28 09:30:00.000000052,100028,100,100000,100,100038,100,99977,100,100050,200,99968,100,100075,100,99942,100,100078,100,99941,100,100084,100,99922,100,100092,200,99902,100,100096,100,99898,100,100135,100,99874,100,100178,100,99864,100
2019-06-28 09:30:00.000000053,100028,100,100000,100,100038,100,99977,100,100050,200,99968,100,100075,100,99944,100,100078,100,99942,100,100084,100,99941,100,100092,200,99922,100,100096,100,99902,100,100135,100,99898,100,100178,100,99874,100
2019-06-28 09:30:00.000000054,100028,100,100000,100,100038,100,99977,100,100050,200,99968,100,100075,100,99944,100,100078,100,99942,100,100084,100,99941,100,100092,200,99922,100,100096,100,99902,100,100135,100,99898,100,100146,100,99874,100
2019-06-28 09:30:00.000000059,100028,100,100000,100,100038,100,99977,100,100050,200,99968,100,100075,100,99953,100,100078,100,99944,100,100084,100,99942,100,100092,200,99941,100,100096,100,99922,100,100135,100,99902,100,100146,100,99898,100
2019-06-28 09:30:00.000000060,100028,100,100001,100,100038,100,100000,100,100050,200,99977,100,100075,100,99968,100,100078,100,99953,100,100084,100,99944,100,100092,200,99942,100,100096,100,99941,100,100135,100,99922,100,100146,100,99902,100
2019-06-28 09:30:00.000000061,100028,100,100000,100,100038,100,99977,100,100050,200,99968,100,100075,100,99953,100,100078,100,99944,100,100084,100,99942,100,100092,200,99941,100,100096,100,99922,100,100135,100,99902,100,100146,100,99898,100
2019-06-28 09:30:00.000000063,100028,100,100000,100,100038,100,99977,100,100050,200,99968,100,100075,100,99953,100,100078,100,99944,100,100084,100,99942,100,100092,200,99941,100,100096,100,99922,100,100109,100,99902,100,100135,100,99898,100
2019-06-28 09:30:00.000000064,100028,100,99977,100,100038,100,99968,100,100050,200,99953,100,100075,100,99944,100,100078,100,99942,100,100084,100,99941,100,100092,200,99922,100,100096,100,99902,100,100109,100,99898,100,100135,100,99874,100
2019-06-28 09:30:00.000000065,100028,100,99977,100,100038,100,99968,100,100050,200,99953,100,100075,100,99944,100,100078,100,99942,100,100084,100,99941,100,100092,200,99922,100,100096,100,99902,100,100109,100,99898,100,100135,100,99888,100
2019-06-28 09:30:00.000000074,100028,100,99977,100,100038,100,99968,100,100050,200,99953,100,100074,100,99944,100,100075,100,99942,100,100078,100,99941,100,100084,100,99922,100,100092,200,99902,100,100096,100,99898,100,100109,100,99888,100
2019-06-28 09:30:00.000000075,100028,100,99977,100,100038,100,99968,100,100050,200,99953,100,100063,100,99944,100,100070,100,99942,100,100074,100,99941,100,100075,100,99922,100,100078,100,99902,100,100084,100,99898,100,100092,200,99888,100
2019-06-28 09:30:00.000000080,100028,100,99977,100,100038,100,99968,100,100050,200,99953,100,100063,100,99944,100,100070,100,99942,100,100074,100,99941,100,100075,100,99922,100,100078,100,99902,100,100084,100,99898,100,100092,200,99889,100
2019-06-28 09:30:00.000000082,100028,100,99968,100,100038,100,99953,100,100050,200,99944,100,100063,100,99942,100,100070,100,99941,100,100074,100,99922,100,100075,100,99902,100,100078,100,99898,100,100084,100,99889,100,100092,200,99888,100
2019-06-28 09:30:00.000000083,100028,100,99977,100,100038,100,99968,100,100050,200,99953,100,100063,100,99944,100,100070,100,99942,100,100074,100,99941,100,100075,100,99922,100,100078,100,99902,100,100084,100,99898,100,100092,200,99889,100
2019-06-28 09:30:00.000000084,100028,100,99990,100,100038,100,99977,100,100050,200,99968,100,100063,100,99953,100,100070,100,99944,100,100074,100,99942,100,100075,100,99941,100,100078,100,99922,100,100079,100,99902,100,100084,100,99898,100
2019-06-28 09:30:00.000000085,100038,100,99990,100,100050,200,99977,100,100063,100,99968,100,100070,100,99953,100,100074,100,99944,100,100075,100,99942,100,100078,100,99941,100,100079,100,99922,100,100084,100,99902,100,100092,200,99898,100
2019-06-28 09:30:00.000000086,100038,100,99990,100,100050,200,99977,100,100063,100,99968,100,100070,100,99953,100,100074,100,99944,100,100075,100,99942,100,100078,100,99941,100,100079,100,99922,100,100084,100,99902,100,100092,200,99898,100
2019-06-28 09:30:00.000000090,100038,100,99990,100,100050,200,99978,100,100063,100,99977,100,100070,100,99968,100,100074,100,99953,100,100075,100,99944,100,100078,100,99942,100,100079,100,99941,100,100084,100,99922,100,100092,200,99902,100
2019-06-28 09:30:00.000000092,99998,100,99990,100,100038,100,99978,100,100050,200,99977,100,100063,100,99968,100,100070,100,99953,100,100074,100,99944,100,100075,100,99942,100,100078,100,99941,100,100079,100,99922,100,100084,100,99902,100
2019-06-28 09:30:00.000000094,100038,100,99998,100,100050,200,99990,100,100063,100,99978,100,100070,100,99977,100,100074,100,99968,100,100075,100,99953,100,100078,100,99944,100,100079,100,99942,100,100084,100,99941,100,100092,200,99922,100
2019-06-28 09:30:00.000000095,100028,100,99998,100,100038,100,99990,100,100050,200,99978,100,100063,100,99977,100,100070,100,99968,100,100074,100,99953,100,100075,100,99944,100,100078,100,99942,100,100079,100,99941,100,100084,100,99922,100
2019-06-28 09:30:00.000000097,100028,100,99998,200,100038,100,99990,100,100050,200,99978,100,100063,100,99977,100,100070,100,99968,100,100074,100,99953,100,100075,100,99944,100,100078,100,99942,100,100079,100,99941,100,100084,100,99926,100
2019-06-28 09:30:10.000000000,100028,330,99998,430,100038,330,99990,330,100050,200,99978,100,100063,100,99977,100,100070,100,99968,100,100074,100,99953,100,100075,100,99944,100,100078,100,99942,100,100079,100,99941,100,100084,100,99926,100
2019-06-28 09:30:15.240260297,100028,330,99998,530,100038,330,99990,330,100050,200,99978,100,100063,100,99977,100,100070,100,99968,100,100074,100,99953,100,100075,100,99944,100,100078,100,99942,100,100079,100,99941,100,100084,100,99926,100
2019-06-28 09:30:20.000000000,100028,215,99998,415,100038,215,99990,215,100050,315,99978,215,100063,215,99977,215,100070,100,99968,100,100074,100,99953,100,100075,100,99944,100,100078,100,99942,100,100079,100,99941,100,100084,100,99926,100
2019-06-28 09:30:20.784228858,100028,215,99998,415,100038,215,99990,215,100050,315,99978,215,100063,215,99977,215,100070,100,99968,100,100074,100,99953,100,100075,100,99944,100,100078,100,99942,100,100084,100,99941,100,100092,200,99926,100
2019-06-28 09:30:30.000000000,100028,215,99998,415,100038,215,99990,215,100050,315,99978,215,100063,215,99977,215,100070,100,99968,100,100074,100,99953,100,100075,100,99944,100,100078,100,99942,100,100084,100,99941,100,100092,200,99926,100
2019-06-28 09:30:40.000000000,100028,256,99998,456,100038,251,99990,251,100050,351,99978,251,100063,100,99977,100,100070,100,99968,100,100074,100,99953,100,100075,100,99944,100,100078,100,99942,100,100084,100,99941,100,100092,200,99926,100
2019-06-28 09:30:50.000000000,100028,215,99998,415,100038,215,99990,215,100050,315,99978,215,100063,215,99977,215,100070,100,99968,100,100074,100,99953,100,100075,100,99944,100,100078,100,99942,100,100084,100,99941,100,100092,200,99926,100
2019-06-28 09:31:00.000000000,100028,192,99998,392,100038,192,99990,192,100050,292,99978,192,100063,192,99977,192,100070,192,99968,192,100074,100,99953,100,100075,100,99944,100,100078,100,99942,100,100084,100,99941,100,100092,200,99926,100
2019-06-28 09:31:10.000000000,100028,256,99998,456,100038,251,99990,251,100050,351,99978,251,100063,100,99977,100,100070,100,99968,100,100074,100,99953,100,100075,100,99944,100,100078,100,99942,100,100084,100,99941,100,100092,200,99926,100
2019-06-28 09:31:10.222536585,100028,256,99998,456,100038,251,99990,251,100050,351,99978,251,100063,100,99977,100,100070,100,99968,100,100074,100,99953,100,100075,100,99944,100,100078,100,99942,100,100084,100,99941,100,100092,200,99926,100
2019-06-28 09:31:20.000000000,100028,215,99998,415,100038,215,99990,215,100050,315,99978,215,100063,215,99977,215,100070,100,99968,100,100074,100,99953,100,100075,100,99944,100,100078,100,99942,100,100084,100,99941,100,100092,200,99926,100
2019-06-28 09:31:30.000000000,100028,215,99998,415,100038,215,99990,215,100050,315,99978,215,100063,215,99977,215,100070,100,99968,100,100074,100,99953,100,100075,100,99944,100,100078,100,99942,100,100084,100,99941,100,100092,200,99926,100
2019-06-28 09:31:40.000000000,100028,330,99998,530,100038,330,99990,330,100050,200,99978,100,100063,100,99977,100,100070,100,99968,100,100074,100,99953,100,100075,100,99944,100,100078,100,99942,100,100084,100,99941,100,100092,200,99926,100
2019-06-28 09:31:50.000000000,100028,192,99998,392,100038,192,99990,192,100050,292,99978,192,100063,192,99977,192,100070,192,99968,192,100074,100,99953,100,100075,100,99944,100,100078,100,99942,100,100084,100,99941,100,100092,200,99926,100
2019-06-28 09:32:00.000000000,100028,192,99998,392,100038,192,99990,192,100050,292,99978,192,100063,192,99977,192,100070,192,99968,192,100074,100,99953,100,100075,100,99944,100,100078,100,99942,100,100084,100,99941,100,100092,200,99926,100
2019-06-28 09:32:03.524161410,100028,92,99998,392,100038,192,99990,192,100050,292,99978,192,100063,192,99977,192,100070,192,99968,192,100074,100,99953,100,100075,100,99944,100,100078,100,99942,100,100084,100,99941,100,100092,200,99926,100
2019-06-28 09:32:05.456760786,100028,92,99998,392,100038,192,99990,192,100050,292,99978,192,100063,192,99977,192,100070,192,99968,192,100074,100,99953,100,100075,100,99944,100,100078,100,99942,100,100084,100,99941,100,100092,200,99926,100
2019-06-28 09:32:05.528390360,100038,192,100028,8,100050,292,99998,392,100063,192,99990,192,100070,192,99978,192,100074,100,99977,192,100075,100,99968,192,100078,100,99953,100,100084,100,99944,100,100092,200,99942,100,100096,100,99941,100
2019-06-28 09:32:07.553113840,100038,92,100028,8,100050,292,99998,392,100063,192,99990,192,100070,192,99978,192,100074,100,99977,192,100075,100,99968,192,100078,100,99953,100,100084,100,99944,100,100092,200,99942,100,100096,100,99941,100
2019-06-28 09:32:09.429882466,100038,92,100028,8,100050,292,99998,392,100063,192,99990,192,100070,192,99978,92,100074,100,99977,192,100075,100,99968,192,100078,100,99953,100,100084,100,99944,100,100092,200,99942,100,100096,100,99941,100
2019-06-28 09:32:10.000000000,100050,315,100028,123,100063,215,99998,415,100070,215,99990,215,100074,215,99977,215,100075,100,99968,100,100078,100,99953,100,100084,100,99944,100,100092,200,99942,100,100096,100,99941,100,100101,100,99926,100
2019-06-28 09:32:20.000000000,100050,430,100028,238,100063,330,99998,530,100070,100,99990,100,100074,100,99977,100,100075,100,99968,100,100078,100,99953,100,100084,100,99944,100,100092,200,99942,100,100096,100,99941,100,100101,100,99926,100
2019-06-28 09:32:30.000000000,100050,315,100028,123,100063,215,99998,415,100070,215,99990,215,100074,215,99977,215,100075,100,99968,100,100078,100,99953,100,100084,100,99944,100,100092,200,99942,100,100096,100,99941,100,100101,100,99926,100
2019-06-28 09:32:40.000000000,100050,315,100028,123,100063,215,99998,415,100070,215,99990,215,100074,215,99977,215,100075,100,99968,100,100078,100,99953,100,100084,100,99944,100,100092,200,99942,100,100096,100,99941,100,100101,100,99926,100
2019-06-28 09:32:50.000000000,100050,659,100028,467,100063,100,99998,300,100070,100,99990,100,100074,100,99977,100,100075,100,99968,100,100078,100,99953,100,100084,100,99944,100,100092,200,99942,100,100096,100,99941,100,100101,100,99926,100
2019-06-28 09:32:57.487339797,100050,659,100028,467,100063,100,99998,300,100070,100,99990,100,100074,100,99977,100,100075,100,99968,100,100078,100,99953,100,100084,100,99944,100,100092,200,99942,100,100096,100,99941,100,100101,100,99926,100
2019-06-28 09:33:00.000000000,100050,315,100028,123,100063,215,99998,415,100070,215,99990,215,100074,215,99977,215,100075,100,99968,100,100078,100,99953,100,100084,100,99944,100,100092,200,99942,100,100096,100,99941,100,100101,100,99926,100
2019-06-28 09:33:02.255471145,100050,315,100028,123,100063,215,99998,415,100070,215,99990,115,100074,215,99977,215,100075,100,99968,100,100078,100,99953,100,100084,100,99944,100,100092,200,99942,100,100096,100,99941,100,100101,100,99929,100
2019-06-28 09:33:10.000000000,100050,430,100028,238,100063,330,99998,530,100070,100,99977,100,100074,100,99968,100,100075,100,99953,100,100078,100,99944,100,100084,100,99942,100,100092,200,99941,100,100096,100,99929,100,100101,100,99926,100
2019-06-28 09:33:18.054542035,100050,430,100028,238,100063,330,99998,530,100070,100,99977,100,100074,100,99968,100,100078,100,99953,100,100084,100,99944,100,100086,100,99942,100,100092,200,99941,100,100096,100,99929,100,100101,100,99926,100
2019-06-28 09:33:20.000000000,100050,659,100028,467,100063,100,99998,300,100070,100,99977,100,100074,100,99968,100,100078,100,99953,100,100084,100,99944,100,100086,100,99942,100,100092,200,99941,100,100096,100,99929,100,100101,100,99926,100
2019-06-28 09:33:30.000000000,100050,315,100028,123,100063,215,99998,415,100070,215,99977,215,100074,215,99968,215,100078,100,99953,100,100084,100,99944,100,100086,100,99942,100,100092,200,99941,100,100096,100,99929,100,100101,100,99926,100
2019-06-28 09:33:38.894310400,100050,315,100028,123,100063,215,99998,415,100070,215,99977,215,100074,215,99968,215,100078,100,99953,100,100084,100,99944,100,100086,100,99942,100,100092,200,99941,100,100096,100,99929,100,100101,100,99926,100
2019-06-28 09:33:40.000000000,100050,356,100028,164,100063,251,99998,451,100070,251,99977,251,100074,100,99968,100,100078,100,99953,100,100084,100,99944,100,100086,100,99942,100,100092,200,99941,100,100096,100,99929,100,100101,100,99926,100
2019-06-28 09:33:48.348940174,100050,256,100028,164,100063,251,99998,451,100070,251,99977,251,100074,100,99968,100,100078,100,99953,100,100084,100,99944,100,100086,100,99942,100,100092,200,99941,100,100096,100,99929,100,100101,100,99926,100
2019-06-28 09:33:50.000000000,100050,559,100028,467,100063,100,99998,300,100070,100,99977,100,100074,100,99968,100,100078,100,99953,100,100084,100,99944,100,100086,100,99942,100,100092,200,99941,100,100096,100,99929,100,100101,100,99926,100
2019-06-28 09:33:58.846686388,100050,459,100028,467,100063,100,99998,300,100070,100,99977,100,100074,100,99968,100,100078,100,99953,100,100084,100,99944,100,100086,100,99942,100,100092,200,99941,100,100096,100,99929,100,100101,100,99926,100
2019-06-28 09:34:00.000000000,100063,559,100028,467,100070,100,99998,300,100074,100,99977,100,100078,100,99968,100,100084,100,99953,100,100086,100,99944,100,100092,200,99942,100,100096,100,99941,100,100101,100,99929,100,100146,100,99926,100
2019-06-28 09:34:01.350796860,100063,559,100028,467,100070,100,99998,200,100074,100,99977,100,100078,100,99968,100,100084,100,99953,100,100086,100,99944,100,100092,200,99942,100,100096,100,99941,100,100101,100,99929,100,100146,100,99926,100
2019-06-28 09:34:06.277708912,100063,459,100028,467,100070,100,99998,200,100074,100,99977,100,100078,100,99968,100,100084,100,99953,100,100086,100,99944,100,100092,200,99942,100,100096,100,99941,100,100101,100,99929,100,100146,100,99926,100
2019-06-28 09:34:10.000000000,100070,256,100028,164,100074,251,99998,351,100078,251,99977,251,100084,100,99968,100,100086,100,99953,100,100092,200,99944,100,100096,100,99942,100,100101,100,99941,100,100146,100,99929,100,100178,100,99926,100
2019-06-28 09:34:19.243152566,100070,156,100028,164,100074,251,99998,351,100078,251,99977,251,100084,100,99968,100,100086,100,99953,100,100092,200,99944,100,100096,100,99942,100,100101,100,99941,100,100146,100,99929,100,100178,100,99926,100
2019-06-28 09:34:20.000000000,100074,559,100028,467,100078,100,99998,200,100084,100,99977,100,100086,100,99968,100,100092,200,99953,100,100096,100,99944,100,100101,100,99942,100,100146,100,99941,100,100178,100,99929,100,100313,100,99926,100
2019-06-28 09:34:30.000000000,100074,330,100028,238,100078,330,99998,430,100084,100,99977,100,100086,100,99968,100,100092,200,99953,100,100096,100,99944,100,100101,100,99942,100,100146,100,99941,100,100178,100,99929,100,100313,100,99926,100
2019-06-28 09:34:40.000000000,100074,559,100028,467,100078,100,99998,200,100084,100,99977,100,100086,100,99968,100,100092,200,99953,100,100096,100,99944,100,100101,100,99942,100,100146,100,99941,100,100178,100,99929,100,100313,100,99926,100
2019-06-28 09:34:45.277021194,100074,459,100028,467,100078,100,99998,200,100084,100,99977,100,100086,100,99968,100,100092,200,99953,100,100096,100,99944,100,100101,100,99942,100,100146,100,99941,100,100178,100,99929,100,100313,100,99926,100
2019-06-28 09:34:50.000000000,100078,559,100028,467,100084,100,99998,200,100086,100,99977,100,100092,200,99968,100,100096,100,99953,100,100101,100,99944,100,100146,100,99942,100,100178,100,99941,100,100313,100,99929,100,100351,100,99926,100
2019-06-28 09:34:54.646042540,100078,559,100070,100,100084,100,100028,467,100086,100,99998,200,100092,200,99977,100,100096,100,99968,100,100101,100,99953,100,100146,100,99944,100,100178,100,99942,100,100313,100,99941,100,100351,100,99929,100
2019-06-28 09:35:00.000000000,100078,330,100070,330,100084,330,100028,238,100086,100,99998,200,100092,200,99977,100,100096,100,99968,100,100101,100,99953,100,100146,100,99944,100,100178,100,99942,100,100313,100,99941,100,100351,100,99929,100
2019-06-28 09:35:02.975109579,100078,230,100070,330,100084,330,100028,238,100086,100,99998,200,100092,200,99977,100,100096,100,99968,100,100101,100,99953,100,100146,100,99944,100,100178,100,99942,100,100313,100,99941,100,100351,100,99929,100
2019-06-28 09:35:10.000000000,100084,330,100070,330,100086,330,100028,238,100092,200,99998,200,100096,100,99977,100,100101,100,99968,100,100146,100,99953,100,100178,100,99944,100,100313,100,99942,100,100351,100,99941,100,100539,100,99929,100
2019-06-28 09:35:12.485745259,100084,330,100070,330,100086,330,100028,238,100092,200,99998,200,100096,100,99977,100,100101,100,99968,100,100146,100,99953,100,100178,100,99944,100,100313,100,99942,100,100351,100,99941,100,100414,100,99926,100
2019-06-28 09:35:19.712070140,100084,230,100070,330,100086,330,100028,238,100092,200,99998,200,100096,100,99977,100,100101,100,99968,100,100146,100,99953,100,100178,100,99944,100,100313,100,99942,100,100351,100,99941,100,100414,100,99926,100
2019-06-28 09:35:20.000000000,100086,215,100070,215,100092,315,100028,123,100096,215,99998,315,100101,215,99977,215,100146,100,99968,100,100178,100,99953,100,100313,100,99944,100,100351,100,99942,100,100414,100,99941,100,100539,100,99926,100
2019-06-28 09:35:30.000000000,100086,215,100070,215,100092,315,100028,123,100096,215,99998,315,100101,215,99977,215,100146,100,99968,100,100178,100,99953,100,100313,100,99944,100,100351,100,99942,100,100414,100,99941,100,100539,100,99926,100
2019-06-28 09:35:40.000000000,100086,559,100070,559,100092,200,100028,8,100096,100,99998,200,100101,100,99977,100,100146,100,99968,100,100178,100,99953,100,100313,100,99944,100,100351,100,99942,100,100414,100,99941,100,100539,100,99926,100
2019-06-28 09:35:50.000000000,100086,192,100070,192,100092,292,100028,100,100096,192,99998,292,100101,192,99977,192,100146,192,99968,192,100178,100,99953,100,100313,100,99944,100,100351,100,99942,100,100414,100,99941,100,100539,100,99926,100
2019-06-28 09:35:52.143993594,100086,192,100070,192,100092,292,100028,100,100096,192,99998,292,100101,192,99977,192,100146,192,99968,192,100178,100,99953,100,100313,100,99944,100,100351,100,99942,100,100414,100,99926,100,100539,100,99922,100
2019-06-28 09:36:00.000000000,100086,192,100070,192,100092,292,100028,100,100096,192,99998,292,100101,192,99977,192,100146,192,99968,192,100178,100,99953,100,100313,100,99944,100,100351,100,99942,100,100414,100,99926,100,100539,100,99922,100
2019-06-28 09:36:02.997259464,100086,192,100070,192,100092,292,100028,100,100096,192,99998,192,100101,192,99977,192,100146,192,99968,192,100178,100,99953,100,100313,100,99944,100,100351,100,99942,100,100414,100,99926,100,100539,100,99922,100
2019-06-28 09:36:10.000000000,100086,330,100070,330,100092,430,100028,238,100096,100,99998,100,100101,100,99977,100,100146,100,99968,100,100178,100,99953,100,100313,100,99944,100,100351,100,99942,100,100414,100,99926,100,100539,100,99922,100
2019-06-28 09:36:12.346743125,100086,230,100070,330,100092,430,100028,238,100096,100,99998,100,100101,100,99977,100,100146,100,99968,100,100178,100,99953,100,100351,100,99944,100,100414,100,99942,100,100539,100,99926,100,,,99922,100
2019-06-28 09:36:13.525540287,100086,130,100070,330,100092,430,100028,238,100096,100,99998,100,100101,100,99977,100,100146,100,99968,100,100178,100,99953,100,100351,100,99944,100,100414,100,99942,100,100539,100,99926,100,,,99922,100
2019-06-28 09:36:20.000000000,100092,659,100070,559,100096,100,100028,8,100101,100,99998,100,100146,100,99977,100,100178,100,99968,100,100351,100,99953,100,100414,100,99944,100,100539,100,99942,100,,,99926,100,,,99922,100
2019-06-28 09:36:24.167468773,100092,559,100070,559,100096,100,100028,8,100101,100,99998,100,100146,100,99977,100,100178,100,99968,100,100351,100,99953,100,100414,100,99944,100,100539,100,99942,100,,,99926,100,,,99922,100
2019-06-28 09:36:27.100367854,100092,559,100070,559,100096,100,99998,100,100101,100,99977,100,100146,100,99968,100,100178,100,99953,100,100220,100,99944,100,100351,100,99942,100,100414,100,99926,100,100539,100,99922,100,,,99902,100
2019-06-28 09:36:30.000000000,100092,215,100070,215,100096,215,99998,215,100101,215,99977,215,100146,215,99968,215,100178,100,99953,100,100220,100,99944,100,100351,100,99942,100,100414,100,99926,100,100539,100,99922,100,,,99902,100
2019-06-28 09:36:40.000000000,100092,256,100070,256,100096,251,99998,251,100101,251,99977,251,100146,100,99968,100,100178,100,99953,100,100220,100,99944,100,100351,100,99942,100,100414,100,99926,100,100539,100,99922,100,,,99902,100
2019-06-28 09:36:41.114066140,100092,256,100070,256,100096,251,99998,251,100101,251,99977,251,100146,100,99968,100,100220,100,99953,100,100322,100,99944,100,100351,100,99942,100,100414,100,99926,100,100539,100,99922,100,,,99902,100
2019-06-28 09:36:50.000000000,100092,192,100070,192,100096,192,99998,192,100101,192,99977,192,100146,192,99968,192,100220,192,99953,192,100322,100,99944,100,100351,100,99942,100,100414,100,99926,100,100539,100,99922,100,,,99902,100
2019-06-28 09:37:00.000000000,100092,192,100070,192,100096,192,99998,192,100101,192,99977,192,100146,192,99968,192,100220,192,99953,192,100322,100,99944,100,100351,100,99942,100,100414,100,99926,100,100539,100,99922,100,,,99902,100
2019-06-28 09:37:05.359770982,100092,192,100070,192,100096,192,100004,100,100101,192,99998,192,100146,192,99977,192,100220,192,99968,192,100322,100,99953,192,100351,100,99944,100,100414,100,99926,100,100539,100,99922,100,,,99902,100
2019-06-28 09:37:09.281727045,100092,192,100070,192,100096,192,100004,100,100101,192,99998,192,100146,192,99977,292,100220,192,99968,192,100322,100,99953,192,100351,100,99944,100,100414,100,99926,100,,,99922,100,,,99902,100
2019-06-28 09:37:10.000000000,100092,330,100070,330,100096,330,100004,330,100101,100,99998,100,100146,100,99977,200,100220,100,99968,100,100322,100,99953,100,100351,100,99944,100,100414,100,99926,100,,,99922,100,,,99902,100
2019-06-28 09:37:14.334442626,100092,330,100072,100,100096,330,100070,330,100101,100,100004,330,100146,100,99998,100,100220,100,99977,200,100322,100,99968,100,100351,100,99953,100,100414,100,99944,100,,,99926,100,,,99922,100
2019-06-28 09:37:20.000000000,100092,330,100072,330,100096,330,100070,330,100101,100,100004,100,100146,100,99998,100,100220,100,99977,200,100322,100,99968,100,100351,100,99953,100,100414,100,99944,100,,,99926,100,,,99922,100
2019-06-28 09:37:22.625071373,100092,230,100072,330,100096,330,100070,330,100101,100,100004,100,100146,100,99998,100,100220,100,99977,200,100322,100,99968,100,100351,100,99953,100,100414,100,99944,100,,,99926,100,,,99922,100
2019-06-28 09:37:30.000000000,100096,192,100072,192,100101,192,100070,192,100146,192,100004,192,100220,192,99998,192,100322,192,99977,292,100351,100,99968,100,100414,100,99953,100,,,99944,100,,,99926,100,,,99922,100
2019-06-28 09:37:38.426317473,100096,192,100072,192,100101,192,100070,192,100146,192,100004,192,100220,192,99998,192,100322,192,99977,292,100351,100,99968,100,100414,100,99953,100,,,99944,100,,,99936,100,,,99926,100
2019-06-28 09:37:40.000000000,100096,256,100072,256,100101,251,100070,251,100146,251,100004,251,100220,100,99998,100,100322,100,99977,200,100351,100,99968,100,100414,100,99953,100,,,99944,100,,,99936,100,,,99926,100
2019-06-28 09:37:43.479813254,100096,256,100072,256,100101,251,100070,251,100146,251,100006,100,100220,100,100004,251,100322,100,99998,100,100351,100,99977,200,100414,100,99968,100,,,99953,100,,,99944,100,,,99936,100
2019-06-28 09:37:50.000000000,100096,559,100072,559,100101,100,100070,100,100146,100,100006,100,100220,100,100004,100,100322,100,99998,100,100351,100,99977,200,100414,100,99968,100,,,99953,100,,,99944,100,,,99936,100
2019-06-28 09:38:00.000000000,100096,256,100072,256,100101,251,100070,251,100146,251,100006,251,100220,100,100004,100,100322,100,99998,100,100351,100,99977,200,100414,100,99968,100,,,99953,100,,,99944,100,,,99936,100
2019-06-28 09:38:10.000000000,100096,559,100072,559,100101,100,100070,100,100146,100,100006,100,100220,100,100004,100,100322,100,99998,100,100351,100,99977,200,100414,100,99968,100,,,99953,100,,,99944,100,,,99936,100
2019-06-28 09:38:12.075287702,100096,459,100072,459,100101,100,100070,100,100146,100,100006,100,100220,100,100004,100,100322,100,99998,100,100351,100,99977,200,100414,100,99968,100,,,99953,100,,,99944,100,,,99936,100
2019-06-28 09:38:20.000000000,100101,256,100070,256,100146,251,100006,251,100220,251,100004,251,100322,100,99998,100,100351,100,99977,200,100414,100,99968,100,,,99953,100,,,99944,100,,,99936,100,,,99926,100
2019-06-28 09:38:25.632358741,100101,256,100070,156,100146,251,100006,251,100220,251,100004,251,100322,100,99998,100,100351,100,99977,200,100414,100,99968,100,,,99953,100,,,99944,100,,,99936,100,,,99926,100
2019-06-28 09:38:27.310245928,100101,256,100070,56,100146,251,100006,251,100220,251,100004,251,100322,100,99998,100,100351,100,99977,200,100414,100,99968,100,,,99953,100,,,99944,100,,,99936,100,,,99926,100
2019-06-28 09:38:30.000000000,100101,256,100006,256,100146,251,100004,251,100220,251,99998,251,100322,100,99977,200,100351,100,99968,100,100414,100,99953,100,,,99944,100,,,99936,100,,,99926,100,,,99922,100
2019-06-28 09:38:37.020038550,100101,256,100006,156,100146,251,100004,251,100220,251,99998,251,100322,100,99977,200,100351,100,99968,100,100414,100,99953,100,,,99944,100,,,99936,100,,,99926,100,,,99922,100
2019-06-28 09:38:40.000000000,100101,559,100004,559,100146,100,99998,100,100220,100,99977,200,100322,100,99968,100,100351,100,99953,100,100414,100,99944,100,,,99936,100,,,99926,100,,,99922,100,,,99902,100
2019-06-28 09:38:44.471725864,100070,100,100004,559,100101,559,99998,100,100146,100,99977,200,100220,100,99968,100,100322,100,99953,100,100351,100,99944,100,100414,100,99936,100,,,99926,100,,,99922,100,,,99902,100
2019-06-28 09:38:50.000000000,100070,330,100004,330,100101,330,99998,330,100146,100,99977,200,100220,100,99968,100,100322,100,99953,100,100351,100,99944,100,100414,100,99936,100,,,99926,100,,,99922,100,,,99902,100
2019-06-28 09:39:00.000000000,100070,215,100004,215,100101,215,99998,215,100146,215,99977,315,100220,215,99968,215,100322,100,99953,100,100351,100,99944,100,100414,100,99936,100,,,99926,100,,,99922,100,,,99902,100
2019-06-28 09:39:10.000000000,100070,192,100004,192,100101,192,99998,192,100146,192,99977,292,100220,192,99968,192,100322,192,99953,192,100351,100,99944,100,100414,100,99936,100,,,99926,100,,,99922,100,,,99902,100
2019-06-28 09:39:11.111976966,100070,192,100004,192,100101,192,99998,192,100146,192,99977,292,100220,192,99968,192,100322,192,99953,192,100351,100,99944,100,100414,100,99936,100,,,99926,100,,,99922,100,,,99902,100
2019-06-28 09:39:12.409799753,100070,292,100004,192,100101,192,99998,192,100146,192,99977,292,100220,192,99968,192,100322,192,99953,192,100351,100,99944,100,100414,100,99936,100,,,99926,100,,,99922,100,,,99902,100
2019-06-28 09:39:20.000000000,100070,430,100004,330,100101,330,99998,330,100146,100,99977,200,100220,100,99968,100,100322,100,99953,100,100351,100,99944,100,100414,100,99936,100,,,99926,100,,,99922,100,,,99902,100
2019-06-28 09:39:28.854191675,100070,430,100004,330,100101,330,99998,330,100146,100,99977,200,100220,100,99968,100,100322,100,99953,100,100351,100,99944,100,100414,100,99936,100,,,99926,100,,,99922,100,,,99902,100
2019-06-28 09:39:30.000000000,100070,430,100004,330,100101,330,99998,330,100146,100,99977,200,100220,100,99968,100,100322,100,99953,100,100351,100,99944,100,100414,100,99936,100,,,99926,100,,,99922,100,,,99902,100
2019-06-28 09:39:40.000000000,100070,292,100004,192,100101,192,99998,192,100146,192,99977,292,100220,192,99968,192,100322,192,99953,192,100351,100,99944,100,100414,100,99936,100,,,99926,100,,,99922,100,,,99902,100
2019-06-28 09:39:50.000000000,100070,315,100004,215,100101,215,99998,215,100146,215,99977,315,100220,215,99968,215,100322,100,99953,100,100351,100,99944,100,100414,100,99936,100,,,99926,100,,,99922,100,,,99902,100
2019-06-28 09:39:51.699743062,100070,315,100004,115,100101,215,99998,215,100146,215,99977,315,100220,215,99968,215,100322,100,99953,100,100351,100,99944,100,100414,100,99936,100,,,99926,100,,,99922,100,,,99902,100
2019-06-28 09:40:00.000000000,100070,430,99998,330,100101,330,99977,430,100146,100,99968,100,100220,100,99953,100,100322,100,99944,100,100351,100,99936,100,100414,100,99926,100,,,99922,100,,,99902,100,,,99898,100
2019-06-28 09:40:10.000000000,100070,292,99998,192,100101,192,99977,292,100146,192,99968,192,100220,192,99953,192,100322,192,99944,192,100351,100,99936,100,100414,100,99926,100,,,99922,100,,,99902,100,,,99898,100
2019-06-28 09:40:20.000000000,100070,292,99998,192,100101,192,99977,292,100146,192,99968,192,100220,192,99953,192,100322,192,99944,192,100351,100,99936,100,100414,100,99926,100,,,99922,100,,,99902,100,,,99898,100
2019-06-28 09:40:30.000000000,100070,356,99998,256,100101,251,99977,351,100146,251,99968,251,100220,100,99953,100,100322,100,99944,100,100351,100,99936,100,100414,100,99926,100,,,99922,100,,,99902,100,,,99898,100
2019-06-28 09:40:39.442362691,100070,356,99998,256,100077,100,99977,351,100101,251,99968,151,100146,251,99953,100,100220,100,99944,100,100322,100,99936,100,100351,100,99926,100,100414,100,99922,100,,,99902,100,,,99898,100
2019-06-28 09:40:40.000000000,100070,659,99998,559,100077,100,99977,200,100101,100,99953,100,100146,100,99944,100,100220,100,99936,100,100322,100,99926,100,100351,100,99922,100,100414,100,99902,100,,,99898,100,,,99887,100
2019-06-28 09:40:50.000000000,100070,356,99998,256,100077,251,99977,351,100101,251,99953,251,100146,100,99944,100,100220,100,99936,100,100322,100,99926,100,100351,100,99922,100,100414,100,99902,100,,,99898,100,,,99887,100
2019-06-28 09:41:00.000000000,100070,356,99998,256,100077,251,99977,351,100101,251,99953,251,100146,100,99944,100,100220,100,99936,100,100322,100,99926,100,100351,100,99922,100,100414,100,99902,100,,,99898,100,,,99887,100
2019-06-28 09:41:10.000000000,100070,292,99998,192,100077,192,99977,292,100101,192,99953,192,100146,192,99944,192,100220,192,99936,192,100322,100,99926,100,100351,100,99922,100,100414,100,99902,100,,,99898,100,,,99887,100
2019-06-28 09:41:17.530296166,100070,292,99998,192,100077,192,99977,292,100101,192,99953,192,100146,192,99944,192,100220,192,99936,192,100322,100,99926,100,100351,100,99922,100,,,99902,100,,,99898,100,,,99887,100
2019-06-28 09:41:20.000000000,100070,430,99998,330,100077,330,99977,430,100101,100,99953,100,100146,100,99944,100,100220,100,99936,100,100322,100,99926,100,100351,100,99922,100,,,99902,100,,,99898,100,,,99887,100
2019-06-28 09:41:22.000445557,100070,430,99998,330,100077,330,99977,430,100101,100,99953,100,100146,100,99944,100,100220,100,99936,100,100322,100,99926,100,100351,100,99922,100,,,99902,100,,,99898,100,,,99887,100
2019-06-28 09:41:30.000000000,100070,315,99998,215,100077,215,99977,315,100101,215,99953,215,100146,215,99944,215,100220,100,99936,100,100322,100,99926,100,100351,100,99922,100,,,99902,100,,,99898,100,,,99887,100
2019-06-28 09:41:40.000000000,100070,659,99998,559,100077,100,99977,200,100101,100,99953,100,100146,100,99944,100,100220,100,99936,100,100322,100,99926,100,100351,100,99922,100,,,99902,100,,,99898,100,,,99887,100
2019-06-28 09:41:50.000000000,100070,315,99998,215,100077,215,99977,315,100101,215,99953,215,100146,215,99944,215,100220,100,99936,100,100322,100,99926,100,100351,100,99922,100,,,99902,100,,,99898,100,,,99887,100
2019-06-28 09:42:00.000000000,100070,356,99998,256,100077,251,99977,351,100101,251,99953,251,100146,100,99944,100,100220,100,99936,100,100322,100,99926,100,100351,100,99922,100,,,99902,100,,,99898,100,,,99887,100
2019-06-28 09:42:10.000000000,100070,430,99998,330,100077,330,99977,430,100101,100,99953,100,100146,100,99944,100,100220,100,99936,100,100322,100,99926,100,100351,100,99922,100,,,99902,100,,,99898,100,,,99887,100
2019-06-28 09:42:20.000000000,100070,659,99998,559,100077,100,99977,200,100101,100,99953,100,100146,100,99944,100,100220,100,99936,100,100322,100,99926,100,100351,100,99922,100,,,99902,100,,,99898,100,,,99887,100
2019-06-28 09:42:30.000000000,100070,292,99998,192,100077,192,99977,292,100101,192,99953,192,100146,192,99944,192,100220,192,99936,192,100322,100,99926,100,100351,100,99922,100,,,99902,100,,,99898,100,,,99887,100
2019-06-28 09:42:40.000000000,100070,356,99998,256,100077,251,99977,351,100101,251,99953,251,100146,100,99944,100,100220,100,99936,100,100322,100,99926,100,100351,100,99922,100,,,99902,100,,,99898,100,,,99887,100
2019-06-28 09:42:50.000000000,100070,315,99998,215,100077,215,99977,315,100101,215,99953,215,100146,215,99944,215,100220,100,99936,100,100322,100,99926,100,100351,100,99922,100,,,99902,100,,,99898,100,,,99887,100
2019-06-28 09:42:57.524131216,100070,315,99998,215,100077,215,99977,315,100101,215,99953,215,100146,215,99944,215,100220,100,99936,100,100322,100,99926,100,100351,100,99922,100,,,99902,100,,,99898,100,,,99887,100
2019-06-28 09:43:00.000000000,100070,430,99998,330,100077,330,99977,430,100101,100,99953,100,100146,100,99944,100,100220,100,99936,100,100322,100,99926,100,100351,100,99922,100,,,99902,100,,,99898,100,,,99887,100
2019-06-28 09:43:01.891607963,100006,100,99998,330,100070,430,99977,430,100077,330,99953,100,100101,100,99944,100,100146,100,99936,100,100220,100,99926,100,100322,100,99922,100,100351,100,99902,100,,,99898,100,,,99887,100
2019-06-28 09:43:10.000000000,100006,192,99998,192,100070,292,99977,292,100077,192,99953,192,100101,192,99944,192,100146,192,99936,192,100220,100,99926,100,100322,100,99922,100,100351,100,99902,100,,,99898,100,,,99887,100
2019-06-28 09:43:20.000000000,100006,192,99998,192,100070,292,99977,292,100077,192,99953,192,100101,192,99944,192,100146,192,99936,192,100220,100,99926,100,100322,100,99922,100,100351,100,99902,100,,,99898,100,,,99887,100
2019-06-28 09:43:30.000000000,100006,559,99998,559,100070,200,99977,200,100077,100,99953,100,100101,100,99944,100,100146,100,99936,100,100220,100,99926,100,100322,100,99922,100,100351,100,99902,100,,,99898,100,,,99887,100
2019-06-28 09:43:35.208265226,100006,559,99998,559,100070,200,99977,200,100077,100,99953,100,100101,100,99944,100,100146,100,99936,100,100220,100,99926,100,100322,100,99922,100,100351,100,99902,100,,,99898,100,,,99887,100
2019-06-28 09:43:40.000000000,100006,192,99998,192,100070,292,99977,292,100077,192,99953,192,100101,192,99944,192,100146,192,99936,192,100220,100,99926,100,100322,100,99922,100,100351,100,99902,100,,,99898,100,,,99887,100
2019-06-28 09:43:45.442031628,100006,292,99998,192,100070,292,99977,292,100077,192,99953,192,100101,192,99944,192,100146,192,99936,192,100220,100,99926,100,100322,100,99922,100,100351,100,99902,100,,,99898,100,,,99887,100
2019-06-28 09:43:50.000000000,100006,315,99998,215,100070,315,99977,315,100077,215,99953,215,100101,215,99944,215,100146,100,99936,100,100220,100,99926,100,100322,100,99922,100,100351,100,99902,100,,,99898,100,,,99887,100
2019-06-28 09:44:00.000000000,100006,356,99998,256,100070,351,99977,351,100077,251,99953,251,100101,100,99944,100,100146,100,99936,100,100220,100,99926,100,100322,100,99922,100,100351,100,99902,100,,,99898,100,,,99887,100
2019-06-28 09:44:10.000000000,100006,292,99998,192,100070,292,99977,292,100077,192,99953,192,100101,192,99944,192,100146,192,99936,192,100220,100,99926,100,100322,100,99922,100,100351,100,99902,100,,,99898,100,,,99887,100
2019-06-28 09:44:10.039349920,100006,292,99998,192,100070,292,99977,292,100077,192,99953,192,100101,192,99944,192,100146,192,99936,192,100220,100,99926,100,100322,100,99922,100,100351,100,99902,100,,,99898,100,,,99887,100
2019-06-28 09:44:20.000000000,100006,430,99998,330,100070,430,99977,430,100077,100,99953,100,100101,100,99944,100,100146,100,99936,100,100220,100,99926,100,100322,100,99922,100,100351,100,99902,100,,,99898,100,,,99887,100
2019-06-28 09:44:30.000000000,100006,659,99998,559,100070,200,99977,200,100077,100,99953,100,100101,100,99944,100,100146,100,99936,100,100220,100,99926,100,100322,100,99922,100,100351,100,99902,100,,,99898,100,,,99887,100
2019-06-28 09:44:40.000000000,100006,659,99998,559,100070,200,99977,200,100077,100,99953,100,100101,100,99944,100,100146,100,99936,100,100220,100,99926,100,100322,100,99922,100,100351,100,99902,100,,,99898,100,,,99887,100
2019-06-28 09:44:50.000000000,100006,292,99998,192,100070,292,99977,292,100077,192,99953,192,100101,192,99944,192,100146,192,99936,192,100220,100,99926,100,100322,100,99922,100,100351,100,99902,100,,,99898,100,,,99887,100
2019-06-28 09:45:00.000000000,100006,430,99998,330,100070,430,99977,430,100077,100,99953,100,100101,100,99944,100,100146,100,99936,100,100220,100,99926,100,100322,100,99922,100,100351,100,99902,100,,,99898,100,,,99887,100
2019-06-28 09:45:01.152959251,100006,430,99998,330,100070,430,99977,430,100077,100,99953,100,100101,100,99944,100,100146,100,99936,100,100220,100,99926,100,100322,100,99922,100,100351,100,99902,100,,,99898,100,,,99887,100
2019-06-28 09:45:10.000000000,100006,292,99998,192,100070,292,99977,292,100077,192,99953,192,100101,192,99944,192,100146,192,99936,192,100220,100,99926,100,100322,100,99922,100,100351,100,99902,100,,,99898,100,,,99887,100
2019-06-28 09:45:18.866335321,100006,292,99998,192,100070,292,99977,292,100077,192,99953,192,100101,192,99944,192,100146,192,99936,192,100220,100,99926,100,100322,100,99922,100,100351,100,99902,100,,,99898,100,,,99887,100
2019-06-28 09:45:20.000000000,100006,430,99998,330,100070,430,99977,430,100077,100,99953,100,100101,100,99944,100,100146,100,99936,100,100220,100,99926,100,100322,100,99922,100,100351,100,99902,100,,,99898,100,,,99887,100
2019-06-28 09:45:30.000000000,100006,430,99998,330,100070,430,99977,430,100077,100,99953,100,100101,100,99944,100,100146,100,99936,100,100220,100,99926,100,100322,100,99922,100,100351,100,99902,100,,,99898,100,,,99887,100
2019-06-28 09:45:40.000000000,100006,315,99998,215,100070,315,99977,315,100077,215,99953,215,100101,215,99944,215,100146,100,99936,100,100220,100,99926,100,100322,100,99922,100,100351,100,99902,100,,,99898,100,,,99887,100
2019-06-28 09:45:50.000000000,100006,356,99998,256,100070,351,99977,351,100077,251,99953,251,100101,100,99944,100,100146,100,99936,100,100220,100,99926,100,100322,100,99922,100,100351,100,99902,100,,,99898,100,,,99887,100
2019-06-28 09:46:00.000000000,100006,430,99998,330,100070,430,99977,430,100077,100,99953,100,100101,100,99944,100,100146,100,99936,100,100220,100,99926,100,100322,100,99922,100,100351,100,99902,100,,,99898,100,,,99887,100
2019-06-28 09:46:10.000000000,100006,356,99998,256,100070,351,99977,351,100077,251,99953,251,100101,100,99944,100,100146,100,99936,100,100220,100,99926,100,100322,100,99922,100,100351,100,99902,100,,,99898,100,,,99887,100
2019-06-28 09:46:20.000000000,100006,292,99998,192,100070,292,99977,292,100077,192,99953,192,100101,192,99944,192,100146,192,99936,192,100220,100,99926,100,100322,100,99922,100,100351,100,99902,100,,,99898,100,,,99887,100
2019-06-28 09:46:22.345720423,100006,292,99998,192,100070,192,99977,292,100077,192,99953,192,100101,192,99944,192,100146,192,99936,192,100220,100,99926,100,100322,100,99922,100,100351,100,99902,100,,,99898,100,,,99887,100
2019-06-28 09:46:30.000000000,100006,430,99998,330,100070,330,99977,430,100077,100,99953,100,100101,100,99944,100,100146,100,99936,100,100220,100,99926,100,100322,100,99922,100,100351,100,99902,100,,,99898,100,,,99887,100
2019-06-28 09:46:40.000000000,100006,356,99998,256,100070,251,99977,351,100077,251,99953,251,100101,100,99944,100,100146,100,99936,100,100220,100,99926,100,100322,100,99922,100,100351,100,99902,100,,,99898,100,,,99887,100
2019-06-28 09:46:50.000000000,100006,430,99998,330,100070,330,99977,430,100077,100,99953,100,100101,100,99944,100,100146,100,99936,100,100220,100,99926,100,100322,100,99922,100,100351,100,99902,100,,,99898,100,,,99887,100
2019-06-28 09:47:00.000000000,100006,356,99998,256,100070,251,99977,351,100077,251,99953,251,100101,100,99944,100,100146,100,99936,100,100220,100,99926,100,100322,100,99922,100,100351,100,99902,100,,,99898,100,,,99887,100
2019-06-28 09:47:10.000000000,100006,292,99998,192,100070,192,99977,292,100077,192,99953,192,100101,192,99944,192,100146,192,99936,192,100220,100,99926,100,100322,100,99922,100,100351,100,99902,100,,,99898,100,,,99887,100
2019-06-28 09:47:20.000000000,100006,659,99998,559,100070,100,99977,200,100077,100,99953,100,100101,100,99944,100,100146,100,99936,100,100220,100,99926,100,100322,100,99922,100,100351,100,99902,100,,,99898,100,,,99887,100
2019-06-28 09:47:30.000000000,100006,430,99998,330,100070,330,99977,430,100077,100,99953,100,100101,100,99944,100,100146,100,99936,100,100220,100,99926,100,100322,100,99922,100,100351,100,99902,100,,,99898,100,,,99887,100
2019-06-28 09:47:30.416511744,100006,430,99998,330,100070,330,99977,430,100077,100,99953,100,100101,100,99944,100,100146,100,99936,100,100220,100,99926,100,100322,100,99922,100,100351,100,99902,100,,,99898,100,,,99887,100
2019-06-28 09:47:40.000000000,100006,315,99998,215,100070,215,99977,315,100077,215,99953,215,100101,215,99944,215,100146,100,99936,100,100220,100,99926,100,100322,100,99922,100,100351,100,99902,100,,,99898,100,,,99887,100
2019-06-28 09:47:50.000000000,100006,356,99998,256,100070,251,99977,351,100077,251,99953,251,100101,100,99944,100,100146,100,99936,100,100220,100,99926,100,100322,100,99922,100,100351,100,99902,100,,,99898,100,,,99887,100
2019-06-28 09:47:59.854015696,100006,356,99998,156,100070,251,99977,351,100077,251,99953,251,100101,100,99936,100,100146,100,99926,100,100220,100,99922,100,100322,100,99902,100,100351,100,99898,100,,,99887,100,,,99864,100
2019-06-28 09:48:00.000000000,100006,659,99977,659,100070,100,99953,100,100077,100,99936,100,100101,100,99926,100,100146,100,99922,100,100220,100,99902,100,100322,100,99898,100,100351,100,99887,100,,,99864,100,,,99792,100
2019-06-28 09:48:08.938288975,100006,659,99977,559,100070,100,99953,100,100077,100,99936,100,100101,100,99926,100,100146,100,99922,100,100220,100,99902,100,100322,100,99898,100,100351,100,99887,100,,,99864,100,,,99792,100
2019-06-28 09:48:10.000000000,100006,356,99977,256,100070,251,99953,251,100077,251,99936,251,100101,100,99926,100,100146,100,99922,100,100220,100,99902,100,100322,100,99898,100,100351,100,99887,100,,,99864,100,,,99792,100
2019-06-28 09:48:20.000000000,100006,659,99977,559,100070,100,99953,100,100077,100,99936,100,100101,100,99926,100,100146,100,99922,100,100220,100,99902,100,100322,100,99898,100,100351,100,99887,100,,,99864,100,,,99792,100
2019-06-28 09:48:30.000000000,100006,430,99977,330,100070,330,99953,330,100077,100,99936,100,100101,100,99926,100,100146,100,99922,100,100220,100,99902,100,100322,100,99898,100,100351,100,99887,100,,,99864,100,,,99792,100
2019-06-28 09:48:33.124913144,100006,430,99977,230,100070,330,99953,330,100077,100,99936,100,100101,100,99926,100,100146,100,99922,100,100220,100,99902,100,100322,100,99898,100,100351,100,99887,100,,,99864,100,,,99792,100
2019-06-28 09:48:39.369385415,100006,430,99977,130,100070,330,99953,330,100077,100,99936,100,100101,100,99926,100,100146,100,99922,100,100220,100,99902,100,100322,100,99898,100,100351,100,99887,100,,,99864,100,,,99792,100
2019-06-28 09:48:40.000000000,100006,292,99953,192,100070,192,99936,192,100077,192,99926,192,100101,192,99922,192,100146,192,99902,192,100220,100,99898,100,100322,100,99887,100,100351,100,99864,100,,,99792,100,,,99654,100
2019-06-28 09:48:40.832162352,99977,100,99953,192,100006,292,99936,192,100070,192,99926,192,100077,192,99922,92,100101,192,99902,192,100146,192,99898,100,100220,100,99887,100,100322,100,99864,100,100351,100,99792,100,,,99654,100
2019-06-28 09:48:50.000000000,99977,330,99953,330,100006,430,99936,330,100070,100,99926,100,100077,100,99902,100,100101,100,99898,100,100146,100,99887,100,100220,100,99864,100,100322,100,99792,100,100351,100,99654,100,,,99631,100
2019-06-28 09:48:54.417985666,99977,230,99953,330,100006,430,99936,330,100070,100,99926,100,100077,100,99902,100,100101,100,99898,100,100146,100,99887,100,100220,100,99864,100,100322,100,99792,100,100351,100,99654,100,,,99631,100
2019-06-28 09:48:55.073181951,99977,230,99953,230,100006,430,99936,330,100070,100,99926,100,100077,100,99902,100,100101,100,99898,100,100146,100,99887,100,100220,100,99864,100,100322,100,99792,100,100351,100,99654,100,,,99631,100
2019-06-28 09:48:58.720427002,99977,230,99953,230,100006,430,99936,330,100070,100,99926,100,100077,100,99902,100,100101,100,99898,100,100146,100,99887,100,100220,100,99864,100,100322,100,99792,100,100351,100,99654,100,,,99631,100
2019-06-28 09:49:00.000000000,100006,292,99936,192,100070,192,99926,192,100077,192,99902,192,100101,192,99898,192,100146,192,99887,192,100220,100,99864,100,100322,100,99792,100,100351,100,99654,100,,,99631,100,,,99473,100
2019-06-28 09:49:10.000000000,100006,430,99936,330,100070,330,99926,330,100077,100,99902,100,100101,100,99898,100,100146,100,99887,100,100220,100,99864,100,100322,100,99792,100,100351,100,99654,100,,,99631,100,,,99473,100
2019-06-28 09:49:20.000000000,100006,315,99936,215,100070,215,99926,215,100077,215,99902,215,100101,215,99898,215,100146,100,99887,100,100220,100,99864,100,100322,100,99792,100,100351,100,99654,100,,,99631,100,,,99473,100
2019-06-28 09:49:29.073969360,100006,315,99936,115,100070,215,99926,215,100077,215,99902,215,100101,215,99898,215,100146,100,99887,100,100220,100,99864,100,100322,100,99792,100,100351,100,99654,100,,,99631,100,,,99473,100
2019-06-28 09:49:29.849071719,100006,315,99936,115,100070,215,99926,215,100077,215,99902,215,100101,215,99898,215,100146,100,99887,100,100220,100,99864,100,100322,100,99792,100,100351,100,99654,100,,,99631,100,,,99473,100
2019-06-28 09:49:30.000000000,100006,659,99926,559,100070,100,99902,100,100077,100,99898,100,100101,100,99887,100,100146,100,99864,100,100220,100,99792,100,100322,100,99654,100,100351,100,99631,100,,,99473,100,,,98653,100
2019-06-28 09:49:30.630649717,100006,659,99926,459,100070,100,99902,100,100077,100,99898,100,100101,100,99887,100,100146,100,99864,100,100220,100,99792,100,100322,100,99654,100,100351,100,99631,100,,,99473,100,,,98653,100
2019-06-28 09:49:36.582038378,100006,659,99926,459,100070,100,99902,100,100077,100,99898,100,100101,100,99864,100,100146,100,99792,100,100220,100,99654,100,100322,100,99631,100,100351,100,99473,100,,,98653,100,,,98507,100
2019-06-28 09:49:37.428124573,99936,100,99926,459,100006,659,99902,100,100070,100,99898,100,100077,100,99864,100,100101,100,99792,100,100146,100,99654,100,100220,100,99631,100,100322,100,99473,100,100351,100,98653,100,,,98507,100
2019-06-28 09:49:39.850040833,99936,100,99926,459,100006,659,99902,100,100070,100,99898,100,100077,100,99864,100,100101,100,99792,100,100146,100,99654,100,100220,100,99631,100,100322,100,99473,100,100351,100,98653,100,,,98507,100
2019-06-28 09:49:40.000000000,99936,192,99902,192,100006,292,99898,192,100070,192,99864,192,100077,192,99792,192,100101,192,99654,192,100146,100,99631,100,100220,100,99473,100,100322,100,98653,100,100351,100,98507,100,,,98473,100
2019-06-28 09:49:50.000000000,99936,192,99902,192,100006,292,99898,192,100070,192,99864,192,100077,192,99792,192,100101,192,99654,192,100146,100,99631,100,100220,100,99473,100,100322,100,98653,100,100351,100,98507,100,,,98473,100
2019-06-28 09:50:00.000000000,99936,256,99902,256,100006,351,99898,251,100070,251,99864,251,100077,100,99792,100,100101,100,99654,100,100146,100,99631,100,100220,100,99473,100,100322,100,98653,100,100351,100,98507,100,,,98473,100
2019-06-28 09:50:02.257699180,99936,356,99902,256,100006,351,99898,251,100070,251,99864,251,100077,100,99792,100,100101,100,99654,100,100146,100,99631,100,100220,100,99473,100,100322,100,98653,100,100351,100,98507,100,,,98473,100
2019-06-28 09:50:10.000000000,99936,356,99902,256,100006,351,99898,251,100070,251,99864,251,100077,100,99792,100,100101,100,99654,100,100146,100,99631,100,100220,100,99473,100,100322,100,98653,100,100351,100,98507,100,,,98473,100
2019-06-28 09:50:12.875429458,99936,256,99902,256,100006,351,99898,251,100070,251,99864,251,100077,100,99792,100,100101,100,99654,100,100146,100,99631,100,100220,100,99473,100,100322,100,98653,100,100351,100,98507,100,,,98473,100
2019-06-28 09:50:20.000000000,99936,192,99902,192,100006,292,99898,192,100070,192,99864,192,100077,192,99792,192,100101,192,99654,192,100146,100,99631,100,100220,100,99473,100,100322,100,98653,100,100351,100,98507,100,,,98473,100
2019-06-28 09:50:22.198451426,99936,192,99902,92,100006,292,99898,192,100070,192,99864,192,100077,192,99792,192,100101,192,99654,192,100146,100,99631,100,100220,100,99473,100,100322,100,98653,100,100351,100,98507,100,,,98473,100
2019-06-28 09:50:30.000000000,99936,215,99898,215,100006,315,99864,215,100070,215,99792,215,100077,215,99654,215,100101,100,99631,100,100146,100,99473,100,100220,100,98653,100,100322,100,98507,100,100351,100,98473,100,,,98300,100
2019-06-28 09:50:40.000000000,99936,559,99898,559,100006,200,99864,100,100070,100,99792,100,100077,100,99654,100,100101,100,99631,100,100146,100,99473,100,100220,100,98653,100,100322,100,98507,100,100351,100,98473,100,,,98300,100
2019-06-28 09:50:47.819614196,99936,559,99898,559,100006,200,99864,100,100070,100,99792,100,100077,100,99654,100,100146,100,99631,100,100220,100,99473,100,100322,100,98962,100,100351,100,98653,100,,,98507,100,,,98473,100
2019-06-28 09:50:50.000000000,99936,330,99898,330,100006,430,99864,330,100070,100,99792,100,100077,100,99654,100,100146,100,99631,100,100220,100,99473,100,100322,100,98962,100,100351,100,98653,100,,,98507,100,,,98473,100
2019-06-28 09:50:52.444035951,99936,330,99898,330,100006,430,99864,330,100070,100,99792,100,100077,100,99631,100,100146,100,99473,100,100220,100,98962,100,100322,100,98744,100,100351,100,98653,100,,,98507,100,,,98473,100
2019-06-28 09:50:58.531419419,99936,330,99898,330,100006,430,99864,330,100070,100,99631,100,100077,100,99473,100,100146,100,98962,100,100220,100,98744,100,100322,100,98739,100,100351,100,98653,100,,,98507,100,,,98473,100
2019-06-28 09:51:00.000000000,99936,330,99898,330,100006,430,99864,330,100070,100,99631,100,100077,100,99473,100,100146,100,98962,100,100220,100,98744,100,100322,100,98739,100,100351,100,98653,100,,,98507,100,,,98473,100
2019-06-28 09:51:06.078585151,99936,330,99898,330,100006,430,99864,330,100070,100,99631,100,100077,100,99473,100,100146,100,98962,100,100220,100,98787,100,100322,100,98744,100,100351,100,98739,100,,,98653,100,,,98507,100
2019-06-28 09:51:10.000000000,99936,256,99898,256,100006,351,99864,251,100070,251,99631,251,100077,100,99473,100,100146,100,98962,100,100220,100,98787,100,100322,100,98744,100,100351,100,98739,100,,,98653,100,,,98507,100
2019-06-28 09:51:20.000000000,99936,192,99898,192,100006,292,99864,192,100070,192,99631,192,100077,192,99473,192,100146,192,98962,192,100220,100,98787,100,100322,100,98744,100,100351,100,98739,100,,,98653,100,,,98507,100
2019-06-28 09:51:30.000000000,99936,559,99898,559,100006,200,99864,100,100070,100,99631,100,100077,100,99473,100,100146,100,98962,100,100220,100,98787,100,100322,100,98744,100,100351,100,98739,100,,,98653,100,,,98507,100
2019-06-28 09:51:40.000000000,99936,559,99898,559,100006,200,99864,100,100070,100,99631,100,100077,100,99473,100,100146,100,98962,100,100220,100,98787,100,100322,100,98744,100,100351,100,98739,100,,,98653,100,,,98507,100
2019-06-28 09:51:49.154873812,99936,559,99898,559,100006,200,99864,100,100070,100,99631,100,100077,100,99473,100,100146,100,98962,100,100220,100,98787,100,100322,100,98759,100,100351,100,98744,100,,,98739,100,,,98653,100
2019-06-28 09:51:50.000000000,99936,256,99898,256,100006,351,99864,251,100070,251,99631,251,100077,100,99473,100,100146,100,98962,100,100220,100,98787,100,100322,100,98759,100,100351,100,98744,100,,,98739,100,,,98653,100
2019-06-28 09:52:00.000000000,99936,256,99898,256,100006,351,99864,251,100070,251,99631,251,100077,100,99473,100,100146,100,98962,100,100220,100,98787,100,100322,100,98759,100,100351,100,98744,100,,,98739,100,,,98653,100
2019-06-28 09:52:10.000000000,99936,215,99898,215,100006,315,99864,215,100070,215,99631,215,100077,215,99473,215,100146,100,98962,100,100220,100,98787,100,100322,100,98759,100,100351,100,98744,100,,,98739,100,,,98653,100
2019-06-28 09:52:13.224282697,99936,215,99898,115,100006,315,99864,215,100070,215,99631,215,100077,215,99473,215,100146,100,98962,100,100220,100,98787,100,100322,100,98744,100,100351,100,98739,100,,,98653,100,,,98507,100
2019-06-28 09:52:14.272709241,99936,215,99898,15,100006,315,99864,215,100070,215,99631,215,100077,215,99473,215,100146,100,98962,100,100220,100,98787,100,100322,100,98744,100,100351,100,98739,100,,,98653,100,,,98507,100
2019-06-28 09:52:18.589646836,99898,85,99864,215,99936,215,99631,215,100006,315,99473,215,100070,215,98962,100,100077,215,98787,100,100146,100,98744,100,100220,100,98739,100,100322,100,98653,100,100351,100,98507,100,,,98473,100
2019-06-28 09:52:20.000000000,99898,241,99864,256,99936,251,99631,251,100006,351,99473,251,100070,100,98962,100,100077,100,98787,100,100146,100,98744,100,100220,100,98739,100,100322,100,98653,100,100351,100,98507,100,,,98473,100
2019-06-28 09:52:25.711465462,99898,341,99864,256,99936,151,99631,251,100006,351,99473,251,100070,100,98962,100,100077,100,98787,100,100146,100,98744,100,100220,100,98739,100,100322,100,98653,100,100351,100,98507,100,,,98473,100
2019-06-28 09:52:30.000000000,99898,277,99864,192,100006,292,99631,192,100070,192,99473,192,100077,192,98962,192,100146,192,98787,192,100220,100,98744,100,100322,100,98739,100,100351,100,98653,100,,,98507,100,,,98473,100
2019-06-28 09:52:40.000000000,99898,415,99864,330,100006,430,99631,330,100070,100,99473,100,100077,100,98962,100,100146,100,98787,100,100220,100,98744,100,100322,100,98739,100,100351,100,98653,100,,,98507,100,,,98473,100
2019-06-28 09:52:50.000000000,99898,415,99864,330,100006,430,99631,330,100070,100,99473,100,100077,100,98962,100,100146,100,98787,100,100220,100,98744,100,100322,100,98739,100,100351,100,98653,100,,,98507,100,,,98473,100
2019-06-28 09:53:00.000000000,99898,644,99864,559,100006,200,99631,100,100070,100,99473,100,100077,100,98962,100,100146,100,98787,100,100220,100,98744,100,100322,100,98739,100,100351,100,98653,100,,,98507,100,,,98473,100
2019-06-28 09:53:00.439501111,99898,644,99864,459,100006,200,99631,100,100070,100,99473,100,100077,100,98962,100,100146,100,98787,100,100220,100,98744,100,100322,100,98739,100,100351,100,98653,100,,,98507,100,,,98473,100
2019-06-28 09:53:10.000000000,99898,415,99631,330,100006,430,99473,330,100070,100,98962,100,100077,100,98787,100,100146,100,98744,100,100220,100,98739,100,100322,100,98653,100,100351,100,98507,100,,,98473,100,,,98300,100
2019-06-28 09:53:10.386661036,99897,100,99631,330,99898,415,99473,330,100006,430,98962,100,100070,100,98787,100,100077,100,98744,100,100146,100,98739,100,100220,100,98653,100,100322,100,98507,100,100351,100,98473,100,,,98300,100
2019-06-28 09:53:13.104879139,99897,100,99631,330,99898,415,99609,100,100006,430,99473,330,100070,100,98962,100,100077,100,98787,100,100146,100,98744,100,100220,100,98739,100,100322,100,98653,100,100351,100,98507,100,,,98473,100
2019-06-28 09:53:20.000000000,99897,192,99631,192,99898,277,99609,192,100006,292,99473,192,100070,192,98962,192,100077,192,98787,192,100146,100,98744,100,100220,100,98739,100,100322,100,98653,100,100351,100,98507,100,,,98473,100
2019-06-28 09:53:30.000000000,99897,215,99631,215,99898,300,99609,215,100006,315,99473,215,100070,215,98962,215,100077,100,98787,100,100146,100,98744,100,100220,100,98739,100,100322,100,98653,100,100351,100,98507,100,,,98473,100
2019-06-28 09:53:40.000000000,99897,215,99631,215,99898,300,99609,215,100006,315,99473,215,100070,215,98962,215,100077,100,98787,100,100146,100,98744,100,100220,100,98739,100,100322,100,98653,100,100351,100,98507,100,,,98473,100
2019-06-28 09:53:50.000000000,99897,256,99631,256,99898,336,99609,251,100006,351,99473,251,100070,100,98962,100,100077,100,98787,100,100146,100,98744,100,100220,100,98739,100,100322,100,98653,100,100351,100,98507,100,,,98473,100
2019-06-28 09:54:00.000000000,99897,330,99631,330,99898,415,99609,330,100006,200,99473,100,100070,100,98962,100,100077,100,98787,100,100146,100,98744,100,100220,100,98739,100,100322,100,98653,100,100351,100,98507,100,,,98473,100
2019-06-28 09:54:00.503224097,99897,330,99631,330,99898,415,99609,330,99933,100,99473,100,100006,200,98962,100,100070,100,98787,100,100077,100,98744,100,100146,100,98739,100,100220,100,98653,100,100322,100,98507,100,100351,100,98473,100
2019-06-28 09:54:10.000000000,99897,215,99631,215,99898,300,99609,215,99933,215,99473,215,100006,315,98962,215,100070,100,98787,100,100077,100,98744,100,100146,100,98739,100,100220,100,98653,100,100322,100,98507,100,100351,100,98473,100
2019-06-28 09:54:20.000000000,99897,215,99631,215,99898,300,99609,215,99933,215,99473,215,100006,315,98962,215,100070,100,98787,100,100077,100,98744,100,100146,100,98739,100,100220,100,98653,100,100322,100,98507,100,100351,100,98473,100
2019-06-28 09:54:30.000000000,99897,192,99631,192,99898,277,99609,192,99933,192,99473,192,100006,292,98962,192,100070,192,98787,192,100077,100,98744,100,100146,100,98739,100,100220,100,98653,100,100322,100,98507,100,100351,100,98473,100
2019-06-28 09:54:40.000000000,99897,215,99631,215,99898,300,99609,215,99933,215,99473,215,100006,315,98962,215,100070,100,98787,100,100077,100,98744,100,100146,100,98739,100,100220,100,98653,100,100322,100,98507,100,100351,100,98473,100
2019-06-28 09:54:45.912420252,99897,215,99631,215,99898,300,99609,215,99933,215,99473,215,100006,315,98962,215,100070,100,98787,100,100077,100,98744,100,100124,100,98739,100,100146,100,98653,100,100220,100,98507,100,100322,100,98473,100
2019-06-28 09:54:50.000000000,99897,192,99631,192,99898,277,99609,192,99933,192,99473,192,100006,292,98962,192,100070,192,98787,192,100077,100,98744,100,100124,100,98739,100,100146,100,98653,100,100220,100,98507,100,100322,100,98473,100
2019-06-28 09:54:58.075136043,99897,92,99865,100,99898,277,99631,192,99933,192,99609,192,100006,292,99473,192,100070,192,98962,192,100077,100,98787,192,100124,100,98744,100,100146,100,98739,100,100220,100,98653,100,100322,100,98507,100
2019-06-28 09:54:58.773374455,99898,277,99897,8,99933,192,99865,100,100006,292,99631,192,100070,192,99609,192,100077,100,99473,192,100124,100,98962,192,100146,100,98787,192,100220,100,98744,100,100322,100,98739,100,100351,100,98653,100
2019-06-28 09:55:00.000000000,99898,341,99897,164,99933,251,99865,251,100006,351,99631,251,100070,100,99609,100,100077,100,99473,100,100124,100,98962,100,100146,100,98787,100,100220,100,98744,100,100322,100,98739,100,100351,100,98653,100
2019-06-28 09:55:07.127495524,99898,341,99897,164,99933,251,99865,251,100006,351,99631,251,100070,100,99609,100,100077,100,99473,100,100124,100,98962,100,100146,100,98787,100,100162,100,98739,100,100220,100,98653,100,100322,100,98507,100
2019-06-28 09:55:10.000000000,99898,277,99897,100,99933,192,99865,192,100006,292,99631,192,100070,192,99609,192,100077,192,99473,192,100124,100,98962,100,100146,100,98787,100,100162,100,98739,100,100220,100,98653,100,100322,100,98507,100
2019-06-28 09:55:17.382055615,99898,177,99897,100,99933,192,99865,192,100006,292,99631,192,100070,192,99609,192,100077,192,99473,192,100124,100,98962,100,100146,100,98787,100,100162,100,98739,100,100220,100,98653,100,100322,100,98473,100
2019-06-28 09:55:18.348084763,99898,77,99897,100,99933,192,99865,192,100006,292,99631,192,100070,192,99609,192,100077,192,99473,192,100124,100,98962,100,100146,100,98787,100,100162,100,98739,100,100220,100,98653,100,100322,100,98473,100
2019-06-28 09:55:20.000000000,99933,192,99897,100,100006,292,99865,192,100070,192,99631,192,100077,192,99609,192,100124,192,99473,192,100146,100,98962,100,100162,100,98787,100,100220,100,98739,100,100322,100,98653,100,100351,100,98473,100
2019-06-28 09:55:30.000000000,99933,559,99897,467,100006,200,99865,100,100070,100,99631,100,100077,100,99609,100,100124,100,99473,100,100146,100,98962,100,100162,100,98787,100,100220,100,98739,100,100322,100,98653,100,100351,100,98473,100
2019-06-28 09:55:40.000000000,99933,330,99897,238,100006,430,99865,330,100070,100,99631,100,100077,100,99609,100,100124,100,99473,100,100146,100,98962,100,100162,100,98787,100,100220,100,98739,100,100322,100,98653,100,100351,100,98473,100
2019-06-28 09:55:40.408836060,99933,330,99898,100,100006,430,99897,238,100070,100,99865,330,100077,100,99631,100,100124,100,99609,100,100146,100,99473,100,100162,100,98962,100,100220,100,98787,100,100322,100,98739,100,100351,100,98653,100
2019-06-28 09:55:50.000000000,99933,256,99898,256,100006,351,99897,159,100070,251,99865,251,100077,100,99631,100,100124,100,99609,100,100146,100,99473,100,100162,100,98962,100,100220,100,98787,100,100322,100,98739,100,100351,100,98653,100
2019-06-28 09:56:00.000000000,99933,215,99898,215,100006,315,99897,123,100070,215,99865,215,100077,215,99631,215,100124,100,99609,100,100146,100,99473,100,100162,100,98962,100,100220,100,98787,100,100322,100,98739,100,100351,100,98653,100
2019-06-28 09:56:10.000000000,99933,559,99898,559,100006,200,99897,8,100070,100,99865,100,100077,100,99631,100,100124,100,99609,100,100146,100,99473,100,100162,100,98962,100,100220,100,98787,100,100322,100,98739,100,100351,100,98653,100
2019-06-28 09:56:13.021138179,99933,559,99898,559,100006,200,99897,8,100070,100,99865,100,100077,100,99631,100,100124,100,99609,100,100146,100,99473,100,100162,100,98962,100,100220,100,98787,100,100322,100,98739,100,100351,100,98653,100
2019-06-28 09:56:20.000000000,99933,192,99898,192,100006,292,99897,100,100070,192,99865,192,100077,192,99631,192,100124,192,99609,192,100146,100,99473,100,100162,100,98962,100,100220,100,98787,100,100322,100,98739,100,100351,100,98653,100
2019-06-28 09:56:25.204997625,99933,192,99898,292,100006,292,99897,100,100070,92,99865,192,100077,192,99631,192,100124,192,99609,192,100146,100,99473,100,100162,100,98962,100,100220,100,98787,100,100322,100,98739,100,100351,100,98653,100
2019-06-28 09:56:29.786935168,99933,192,99898,392,100006,292,99897,100,100070,92,99865,192,100077,192,99631,192,100124,192,99609,192,100146,100,99473,100,100162,100,98962,100,100220,100,98787,100,100322,100,98739,100,100351,100,98653,100
2019-06-28 09:56:30.000000000,99933,559,99898,759,100006,200,99897,8,100077,100,99865,100,100124,100,99631,100,100146,100,99609,100,100162,100,99473,100,100220,100,98962,100,100322,100,98787,100,100351,100,98739,100,100488,100,98653,100
2019-06-28 09:56:40.000000000,99933,256,99898,456,100006,351,99897,159,100077,251,99865,251,100124,100,99631,100,100146,100,99609,100,100162,100,99473,100,100220,100,98962,100,100322,100,98787,100,100351,100,98739,100,100488,100,98653,100
2019-06-28 09:56:50.000000000,99933,330,99898,530,100006,430,99897,238,100077,100,99865,100,100124,100,99631,100,100146,100,99609,100,100162,100,99473,100,100220,100,98962,100,100322,100,98787,100,100351,100,98739,100,100488,100,98653,100
2019-06-28 09:56:50.658259569,99933,230,99898,530,100006,430,99897,238,100077,100,99865,100,100124,100,99631,100,100146,100,99609,100,100162,100,99473,100,100220,100,98962,100,100322,100,98787,100,100351,100,98739,100,100488,100,98653,100
2019-06-28 09:57:00.000000000,100006,315,99898,415,100077,215,99897,123,100124,215,99865,215,100146,215,99631,215,100162,100,99609,100,100220,100,99473,100,100322,100,98962,100,100351,100,98787,100,100488,100,98739,100,,,98653,100
2019-06-28 09:57:04.062590160,100006,315,99899,100,100077,215,99898,415,100124,215,99897,123,100146,215,99865,215,100162,100,99631,215,100220,100,99609,100,100322,100,99473,100,100351,100,98962,100,100488,100,98787,100,,,98739,100
2019-06-28 09:57:10.000000000,100006,356,99899,256,100077,251,99898,451,100124,251,99897,159,100146,100,99865,100,100162,100,99631,100,100220,100,99609,100,100322,100,99473,100,100351,100,98962,100,100488,100,98787,100,,,98739,100
2019-06-28 09:57:20.000000000,100006,315,99899,215,100077,215,99898,415,100124,215,99897,123,100146,215,99865,215,100162,100,99631,100,100220,100,99609,100,100322,100,99473,100,100351,100,98962,100,100488,100,98787,100,,,98739,100
2019-06-28 09:57:20.887811374,100006,315,99899,315,100077,215,99898,415,100124,215,99897,123,100146,215,99865,215,100162,100,99631,100,100220,100,99609,100,100322,100,99473,100,100351,100,98962,100,100488,100,98787,100,,,98739,100
2019-06-28 09:57:22.779932971,100006,315,99899,315,100077,215,99898,415,100124,215,99897,123,100146,215,99865,215,100162,100,99631,100,100220,100,99609,100,100322,100,99473,100,100351,100,98962,100,100488,100,98787,100,,,98739,100
2019-06-28 09:57:26.391696144,100006,315,99899,315,100077,215,99898,415,100124,215,99897,123,100146,215,99865,215,100162,100,99631,100,100220,100,99609,100,100322,100,99473,100,100351,100,98962,100,100431,100,98787,100,100488,100,98739,100
2019-06-28 09:57:27.621493992,100006,315,99899,315,100077,215,99898,415,100124,215,99897,123,100146,215,99865,215,100162,100,99631,100,100220,100,99609,100,100322,100,99473,100,100351,100,98962,100,100403,100,98787,100,100431,100,98739,100
2019-06-28 09:57:28.073085953,100006,315,99899,315,100077,215,99898,415,100124,215,99897,123,100146,215,99865,215,100162,100,99631,100,100220,100,99609,100,100322,100,99473,100,100337,100,98962,100,100351,100,98787,100,100403,100,98739,100
2019-06-28 09:57:30.000000000,100006,659,99899,659,100077,100,99898,300,100124,100,99897,8,100146,100,99865,100,100162,100,99631,100,100220,100,99609,100,100322,100,99473,100,100337,100,98962,100,100351,100,98787,100,100403,100,98739,100
2019-06-28 09:57:40.000000000,100006,659,99899,659,100077,100,99898,300,100124,100,99897,8,100146,100,99865,100,100162,100,99631,100,100220,100,99609,100,100322,100,99473,100,100337,100,98962,100,100351,100,98787,100,100403,100,98739,100
2019-06-28 09:57:50.000000000,100006,315,99899,315,100077,215,99898,415,100124,215,99897,123,100146,215,99865,215,100162,100,99631,100,100220,100,99609,100,100322,100,99473,100,100337,100,98962,100,100351,100,98787,100,100403,100,98739,100
2019-06-28 09:57:55.880196765,100006,215,99899,315,100077,215,99898,415,100124,215,99897,123,100146,215,99865,215,100162,100,99631,100,100322,100,99609,100,100337,100,99473,100,100351,100,98962,100,100403,100,98787,100,100431,100,98739,100
2019-06-28 09:58:00.000000000,100006,559,99899,659,100077,100,99898,300,100124,100,99897,8,100146,100,99865,100,100162,100,99631,100,100322,100,99609,100,100337,100,99473,100,100351,100,98962,100,100403,100,98787,100,100431,100,98739,100
2019-06-28 09:58:10.000000000,100006,559,99899,659,100077,100,99898,300,100124,100,99897,8,100146,100,99865,100,100162,100,99631,100,100322,100,99609,100,100337,100,99473,100,100351,100,98962,100,100403,100,98787,100,100431,100,98739,100
2019-06-28 09:58:20.000000000,100006,330,99899,430,100077,330,99898,530,100124,100,99897,8,100146,100,99865,100,100162,100,99631,100,100322,100,99609,100,100337,100,99473,100,100351,100,98962,100,100403,100,98787,100,100431,100,98739,100
2019-06-28 09:58:28.588068026,100006,330,99933,100,100077,330,99899,430,100124,100,99898,530,100146,100,99897,8,100162,100,99865,100,100322,100,99631,100,100337,100,99609,100,100351,100,99473,100,100403,100,98962,100,100431,100,98787,100
2019-06-28 09:58:29.593535185,100006,330,99933,100,100077,330,99899,430,100124,100,99898,530,100146,100,99897,8,100162,100,99865,100,100322,100,99631,100,100337,100,99609,100,100341,100,99473,100,100351,100,98787,100,100403,100,98739,100
2019-06-28 09:58:30.000000000,100006,330,99933,330,100077,330,99899,430,100124,100,99898,300,100146,100,99897,8,100162,100,99865,100,100322,100,99631,100,100337,100,99609,100,100341,100,99473,100,100351,100,98787,100,100403,100,98739,100
2019-06-28 09:58:34.138536943,100006,230,99933,330,100077,330,99899,430,100124,100,99898,300,100146,100,99897,8,100162,100,99865,100,100322,100,99631,100,100337,100,99609,100,100341,100,98787,100,100351,100,98739,100,100403,100,98653,100
2019-06-28 09:58:40.000000000,100077,330,99933,330,100124,330,99899,430,100146,100,99898,300,100162,100,99897,8,100322,100,99865,100,100337,100,99631,100,100341,100,99609,100,100351,100,98787,100,100403,100,98739,100,100431,100,98653,100
2019-06-28 09:58:50.000000000,100077,215,99933,215,100124,215,99899,315,100146,215,99898,415,100162,215,99897,123,100322,100,99865,100,100337,100,99631,100,100341,100,99609,100,100351,100,98787,100,100403,100,98739,100,100431,100,98653,100
2019-06-28 09:58:52.203755256,100077,215,100006,100,100124,215,99933,215,100146,215,99899,215,100162,215,99898,415,100322,100,99897,123,100337,100,99865,100,100341,100,99631,100,100351,100,99609,100,100403,100,98787,100,100431,100,98739,100
2019-06-28 09:58:56.486406688,100077,215,100006,100,100124,215,99933,215,100146,215,99899,215,100162,215,99898,415,100176,100,99897,123,100322,100,99865,100,100337,100,99631,100,100341,100,99609,100,100351,100,98787,100,100403,100,98739,100
2019-06-28 09:59:00.000000000,100077,215,100006,215,100124,215,99933,215,100146,215,99899,215,100162,215,99898,415,100176,100,99897,8,100322,100,99865,100,100337,100,99631,100,100341,100,99609,100,100351,100,98787,100,100403,100,98739,100
2019-06-28 09:59:08.406509110,100077,215,100006,315,100124,215,99933,215,100146,215,99899,215,100162,215,99898,415,100176,100,99897,8,100322,100,99631,100,100337,100,99609,100,100341,100,98787,100,100351,100,98739,100,100403,100,98653,100
2019-06-28 09:59:10.000000000,100077,192,100006,292,100124,192,99933,192,100146,192,99899,192,100162,192,99898,392,100176,192,99897,100,100322,100,99631,100,100337,100,99609,100,100341,100,98787,100,100351,100,98739,100,100403,100,98653,100
2019-06-28 09:59:14.181457884,100077,92,100006,292,100124,192,99933,192,100146,192,99899,192,100162,192,99898,392,100176,192,99897,100,100322,100,99631,100,100337,100,99609,100,100341,100,98739,100,100351,100,98653,100,100403,100,98473,100
2019-06-28 09:59:20.000000000,100124,256,100006,356,100146,251,99933,251,100162,251,99899,251,100176,100,99898,300,100322,100,99897,8,100337,100,99631,100,100341,100,99609,100,100351,100,98739,100,100403,100,98653,100,100431,100,98473,100
2019-06-28 09:59:30.000000000,100124,330,100006,430,100146,330,99933,330,100162,100,99899,100,100176,100,99898,300,100322,100,99897,8,100337,100,99631,100,100341,100,99609,100,100351,100,98739,100,100403,100,98653,100,100431,100,98473,100
2019-06-28 09:59:38.286759441,100124,330,100007,100,100146,330,100006,430,100162,100,99933,330,100176,100,99899,100,100322,100,99898,300,100337,100,99897,8,100341,100,99631,100,100351,100,99609,100,100403,100,98739,100,100431,100,98653,100
2019-06-28 09:59:40.000000000,100124,330,100007,330,100146,330,100006,430,100162,100,99933,100,100176,100,99899,100,100322,100,99898,300,100337,100,99897,8,100341,100,99631,100,100351,100,99609,100,100403,100,98739,100,100431,100,98653,100
2019-06-28 09:59:43.914207316,100124,330,100007,330,100146,330,100006,430,100162,100,99933,100,100176,100,99899,100,100322,100,99898,300,100337,100,99897,8,100341,100,99631,100,100351,100,99609,100,100405,100,98739,100,100431,100,98653,100
2019-06-28 09:59:50.000000000,100124,559,100007,559,100146,100,100006,200,100162,100,99933,100,100176,100,99899,100,100322,100,99898,300,100337,100,99897,8,100341,100,99631,100,100351,100,99609,100,100405,100,98739,100,100431,100,98653,100
2019-06-28 09:59:56.913905197,100124,559,100007,659,100146,100,100006,200,100162,100,99933,100,100176,100,99899,100,100322,100,99898,300,100337,100,99897,8,100341,100,99631,100,100351,100,99609,100,100405,100,98739,100,100431,100,98653,100
2019-06-28 10:00:00.000000000,100124,559,100007,659,100146,100,100006,200,100162,100,99933,100,100176,100,99899,100,100322,100,99898,300,100337,100,99897,8,100341,100,99631,100,100351,100,99609,100,100405,100,98739,100,100431,100,98653,100
2019-06-28 10:00:10.000000000,100124,559,100007,659,100146,100,100006,200,100162,100,99933,100,100176,100,99899,100,100322,100,99898,300,100337,100,99897,8,100341,100,99631,100,100351,100,99609,100,100405,100,98739,100,100431,100,98653,100
2019-06-28 10:00:10.669162446,100124,559,100007,659,100146,100,100006,200,100162,100,99933,100,100176,100,99899,100,100322,100,99898,300,100337,100,99897,8,100341,100,99631,100,100351,100,99609,100,100405,100,98739,100,100431,100,98653,100
2019-06-28 10:00:20.000000000,100124,192,100007,292,100146,192,100006,292,100162,192,99933,192,100176,192,99899,192,100322,192,99898,392,100337,100,99897,8,100341,100,99631,100,100351,100,99609,100,100405,100,98739,100,100431,100,98653,100
2019-06-28 10:00:30.000000000,100124,192,100007,292,100146,192,100006,292,100162,192,99933,192,100176,192,99899,192,100322,192,99898,392,100337,100,99897,8,100341,100,99631,100,100351,100,99609,100,100405,100,98739,100,100431,100,98653,100
2019-06-28 10:00:36.174752931,100124,192,100007,292,100146,192,100006,292,100162,192,99933,192,100176,192,99899,192,100322,192,99898,392,100341,100,99897,8,100351,100,99631,100,100376,100,99609,100,100405,100,98739,100,100431,100,98653,100
2019-06-28 10:00:40.000000000,100124,192,100007,292,100146,192,100006,292,100162,192,99933,192,100176,192,99899,192,100322,192,99898,392,100341,100,99897,8,100351,100,99631,100,100376,100,99609,100,100405,100,98739,100,100431,100,98653,100
2019-06-28 10:00:40.420694364,100124,192,100007,392,100146,192,100006,292,100162,192,99933,192,100176,192,99899,192,100322,192,99898,392,100341,100,99897,8,100351,100,99631,100,100376,100,99609,100,100405,100,98739,100,100431,100,98653,100
2019-06-28 10:00:50.000000000,100124,215,100007,415,100146,215,100006,315,100162,215,99933,215,100176,215,99899,215,100322,100,99898,300,100341,100,99897,8,100351,100,99631,100,100376,100,99609,100,100405,100,98739,100,100431,100,98653,100
2019-06-28 10:01:00.000000000,100124,559,100007,759,100146,100,100006,200,100162,100,99933,100,100176,100,99899,100,100322,100,99898,300,100341,100,99897,8,100351,100,99631,100,100376,100,99609,100,100405,100,98739,100,100431,100,98653,100
2019-06-28 10:01:03.688212493,100124,459,100007,759,100146,100,100006,200,100162,100,99933,100,100176,100,99899,100,100322,100,99898,300,100351,100,99897,8,100376,100,99631,100,100405,100,99609,100,100431,100,98739,100,100488,100,98653,100
2019-06-28 10:01:10.000000000,100146,215,100007,415,100162,215,100006,315,100176,215,99933,215,100322,215,99899,215,100351,100,99898,300,100376,100,99897,8,100405,100,99631,100,100431,100,99609,100,100488,100,98739,100,100831,100,98653,100
2019-06-28 10:01:20.000000000,100146,330,100007,530,100162,330,100006,430,100176,100,99933,100,100322,100,99899,100,100351,100,99898,300,100376,100,99897,8,100405,100,99631,100,100431,100,99609,100,100488,100,98739,100,100831,100,98653,100
2019-06-28 10:01:26.127602019,100146,330,100077,100,100162,330,100007,430,100176,100,100006,430,100322,100,99933,100,100351,100,99899,100,100376,100,99898,300,100405,100,99897,8,100431,100,99631,100,100488,100,99609,100,100831,100,98739,100
2019-06-28 10:01:30.000000000,100146,215,100077,215,100162,215,100007,315,100176,215,100006,315,100322,215,99933,215,100351,100,99899,100,100376,100,99898,300,100405,100,99897,8,100431,100,99631,100,100488,100,99609,100,100831,100,98739,100
2019-06-28 10:01:31.192731994,100146,215,100077,315,100162,215,100007,315,100176,215,100006,315,100322,215,99933,215,100351,100,99899,100,100376,100,99898,300,100405,100,99897,8,100431,100,99631,100,100488,100,99609,100,100831,100,98739,100
2019-06-28 10:01:38.542527941,100146,215,100077,315,100162,215,100007,315,100176,215,100006,315,100296,100,99933,215,100322,215,99899,100,100351,100,99898,300,100376,100,99897,8,100405,100,99609,100,100431,100,98739,100,100488,100,98653,100
2019-06-28 10:01:40.000000000,100146,330,100077,430,100162,330,100007,430,100176,100,100006,200,100296,100,99933,100,100322,100,99899,100,100351,100,99898,300,100376,100,99897,8,100405,100,99609,100,100431,100,98739,100,100488,100,98653,100
2019-06-28 10:01:49.670150233,100146,330,100077,530,100162,330,100007,430,100176,100,100006,200,100296,100,99899,100,100322,100,99898,300,100351,100,99897,8,100376,100,99609,100,100405,100,98739,100,100431,100,98653,100,100488,100,98473,100
2019-06-28 10:01:50.000000000,100146,192,100077,392,100162,192,100007,292,100176,192,100006,292,100296,192,99899,192,100322,192,99898,392,100351,100,99897,8,100376,100,99609,100,100405,100,98739,100,100431,100,98653,100,100488,100,98473,100
2019-06-28 10:01:54.428583258,100146,192,100077,392,100162,192,100007,292,100176,192,100006,292,100296,192,99899,192,100322,192,99898,392,100351,100,99897,8,100376,100,99609,100,100391,100,98653,100,100405,100,98473,100,100431,100,98300,100
2019-06-28 10:02:00.000000000,100146,256,100077,456,100162,251,100007,351,100176,251,100006,351,100296,100,99899,100,100322,100,99898,300,100351,100,99897,8,100376,100,99609,100,100391,100,98653,100,100405,100,98473,100,100431,100,98300,100
2019-06-28 10:02:05.282294439,100146,256,100077,456,100162,251,100007,351,100176,251,100006,351,100322,100,99899,100,100351,100,99898,300,100376,100,99897,8,100391,100,99609,100,100405,100,98653,100,100431,100,98473,100,100488,100,98300,100
2019-06-28 10:02:10.000000000,100146,215,100077,415,100162,215,100007,315,100176,215,100006,315,100322,215,99899,215,100351,100,99898,300,100376,100,99897,8,100391,100,99609,100,100405,100,98653,100,100431,100,98473,100,100488,100,98300,100
2019-06-28 10:02:11.634938457,100146,115,100077,415,100162,215,100007,315,100176,115,100006,315,100322,215,99899,215,100351,100,99898,300,100376,100,99897,8,100391,100,99609,100,100405,100,98653,100,100431,100,98473,100,100488,100,98300,100
2019-06-28 10:02:19.241971253,100146,15,100077,415,100162,215,100007,315,100176,115,100006,315,100322,215,99899,215,100351,100,99898,300,100376,100,99897,8,100391,100,99609,100,100405,100,98653,100,100431,100,98473,100,100488,100,98300,100
2019-06-28 10:02:20.000000000,100162,192,100077,392,100322,192,100007,292,100351,192,100006,292,100376,192,99899,192,100391,192,99898,392,100405,100,99897,8,100431,100,99609,100,100488,100,98653,100,100546,100,98473,100,100831,100,98300,100
2019-06-28 10:02:30.000000000,100162,559,100077,759,100322,100,100007,200,100351,100,100006,200,100376,100,99899,100,100391,100,99898,300,100405,100,99897,8,100431,100,99609,100,100488,100,98653,100,100546,100,98473,100,100831,100,98300,100
2019-06-28 10:02:40.000000000,100162,215,100077,415,100322,215,100007,315,100351,215,100006,315,100376,215,99899,215,100391,100,99898,300,100405,100,99897,8,100431,100,99609,100,100488,100,98653,100,100546,100,98473,100,100831,100,98300,100
2019-06-28 10:02:43.315771610,100162,215,100077,415,100322,215,100007,315,100351,215,100006,315,100376,215,99899,215,100391,100,99898,300,100394,100,99897,8,100405,100,98653,100,100431,100,98473,100,100488,100,98300,100,100546,100,98254,100
2019-06-28 10:02:50.000000000,100162,256,100077,456,100322,251,100007,351,100351,251,100006,351,100376,100,99899,100,100391,100,99898,300,100394,100,99897,8,100405,100,98653,100,100431,100,98473,100,100488,100,98300,100,100546,100,98254,100
2019-06-28 10:03:00.000000000,100162,330,100077,530,100322,330,100007,430,100351,100,100006,200,100376,100,99899,100,100391,100,99898,300,100394,100,99897,8,100405,100,98653,100,100431,100,98473,100,100488,100,98300,100,100546,100,98254,100
2019-06-28 10:03:07.971625165,100162,330,100077,530,100322,330,100007,430,100351,100,100006,200,100376,100,99899,100,100391,100,99898,300,100394,100,99897,8,100405,100,98653,100,100431,100,98300,100,100488,100,98254,100,100546,100,98127,100
2019-06-28 10:03:10.000000000,100162,330,100077,530,100322,330,100007,430,100351,100,100006,200,100376,100,99899,100,100391,100,99898,300,100394,100,99897,8,100405,100,98653,100,100431,100,98300,100,100488,100,98254,100,100546,100,98127,100
2019-06-28 10:03:17.908266259,100162,330,100077,530,100322,330,100007,430,100351,100,100006,200,100376,100,99899,100,100391,100,99898,300,100394,100,99897,8,100405,100,98653,100,100431,100,98300,100,100488,100,98254,100,100546,100,98127,100
2019-06-28 10:03:20.000000000,100162,559,100077,759,100322,100,100007,200,100351,100,100006,200,100376,100,99899,100,100391,100,99898,300,100394,100,99897,8,100405,100,98653,100,100431,100,98300,100,100488,100,98254,100,100546,100,98127,100
2019-06-28 10:03:24.007950217,100162,559,100077,759,100322,100,100007,200,100376,100,100006,200,100391,100,99899,100,100394,100,99898,300,100405,100,99897,8,100431,100,98653,100,100488,100,98300,100,100546,100,98254,100,100831,100,98127,100
2019-06-28 10:03:25.217657651,100162,559,100077,759,100322,100,100007,200,100376,100,100006,200,100391,100,99899,100,100394,100,99898,300,100405,100,99897,8,100431,100,98300,100,100488,100,98254,100,100546,100,98127,100,100816,100,,
2019-06-28 10:03:30.000000000,100162,192,100077,392,100322,192,100007,292,100376,192,100006,292,100391,192,99899,192,100394,192,99898,392,100405,100,99897,8,100431,100,98300,100,100488,100,98254,100,100546,100,98127,100,100816,100,,
2019-06-28 10:03:39.074442250,100162,192,100077,392,100322,192,100007,292,100376,192,100006,292,100391,192,99899,192,100394,192,99898,292,100405,100,99897,8,100431,100,98300,100,100488,100,98254,100,100546,100,98127,100,100816,100,,
2019-06-28 10:03:40.000000000,100162,215,100077,415,100322,215,100007,315,100376,215,100006,315,100391,215,99899,215,100394,100,99898,200,100405,100,99897,8,100431,100,98300,100,100488,100,98254,100,100546,100,98127,100,100816,100,,
2019-06-28 10:03:40.258525235,100162,215,100146,100,100322,215,100077,415,100376,215,100007,315,100391,215,100006,315,100394,100,99899,215,100405,100,99898,200,100431,100,99897,8,100488,100,98300,100,100546,100,98254,100,100816,100,98127,100
2019-06-28 10:03:41.777212895,100162,215,100146,100,100322,215,100077,415,100376,215,100007,315,100391,215,100006,315,100394,100,99899,215,100405,100,99898,200,100431,100,99897,8,100488,100,98300,100,100546,100,98254,100,100816,100,98127,100
2019-06-28 10:03:48.548342265,100162,215,100146,100,100322,215,100077,415,100376,215,100007,315,100391,215,100006,315,100394,100,99899,115,100405,100,99898,200,100431,100,99897,8,100488,100,98300,100,100546,100,98254,100,100816,100,98127,100
2019-06-28 10:03:50.000000000,100162,256,100146,256,100322,251,100077,451,100376,251,100007,351,100391,100,100006,200,100394,100,99898,200,100405,100,99897,8,100431,100,98300,100,100488,100,98254,100,100546,100,98127,100,100816,100,,
2019-06-28 10:04:00.000000000,100162,330,100146,330,100322,330,100077,530,100376,100,100007,200,100391,100,100006,200,100394,100,99898,200,100405,100,99897,8,100431,100,98300,100,100488,100,98254,100,100546,100,98127,100,100816,100,,
2019-06-28 10:04:01.822935156,100162,230,100146,330,100322,330,100077,530,100376,100,100007,200,100391,100,100006,200,100394,100,99898,200,100405,100,99897,8,100431,100,98300,100,100488,100,98254,100,100546,100,98127,100,100816,100,,
2019-06-28 10:04:10.000000000,100322,559,100146,559,100376,100,100077,300,100391,100,100007,200,100394,100,100006,200,100405,100,99898,200,100431,100,99897,8,100488,100,98300,100,100546,100,98254,100,100816,100,98127,100,100831,100,,
2019-06-28 10:04:13.920672412,100322,559,100146,559,100376,100,100077,300,100391,100,100007,200,100394,100,100006,200,100405,100,99898,200,100431,100,99897,8,100488,100,98300,100,100593,100,98254,100,100816,100,98127,100,100831,100,,
2019-06-28 10:04:20.000000000,100322,192,100146,192,100376,192,100077,392,100391,192,100007,292,100394,192,100006,292,100405,192,99898,292,100431,100,99897,8,100488,100,98300,100,100593,100,98254,100,100816,100,98127,100,100831,100,,
2019-06-28 10:04:25.702421735,100322,92,100146,192,100376,192,100077,392,100391,192,100007,292,100394,192,100006,292,100405,192,99898,292,100488,100,99897,8,100593,100,98300,100,100816,100,98254,100,100831,100,98127,100,100834,100,,
2019-06-28 10:04:30.000000000,100376,330,100146,330,100391,330,100077,530,100394,100,100007,200,100405,100,100006,200,100488,100,99898,200,100593,100,99897,8,100816,100,98300,100,100831,100,98254,100,100834,100,98127,100,100839,100,,
2019-06-28 10:04:40.000000000,100376,192,100146,192,100391,192,100077,392,100394,192,100007,292,100405,192,100006,292,100488,192,99898,292,100593,100,99897,8,100816,100,98300,100,100831,100,98254,100,100834,100,98127,100,100839,100,,
2019-06-28 10:04:49.506150752,100376,92,100146,192,100391,192,100077,392,100394,192,100007,292,100405,192,100006,292,100488,192,99898,292,100593,100,99897,8,100816,100,98300,100,100831,100,98127,100,100834,100,,,100839,100,,
2019-06-28 10:04:50.000000000,100391,256,100146,256,100394,251,100077,451,100405,251,100007,351,100488,100,100006,200,100593,100,99898,200,100816,100,99897,8,100831,100,98300,100,100834,100,98127,100,100839,100,,,100973,100,,
2019-06-28 10:04:52.691371430,100391,156,100146,256,100394,251,100077,451,100405,251,100007,351,100488,100,100006,200,100593,100,99898,200,100816,100,99897,8,100831,100,98300,100,100834,100,98127,100,100839,100,,,100973,100,,
2019-06-28 10:04:59.738295112,100391,156,100146,256,100394,251,100077,451,100405,251,100007,351,100488,100,100006,100,100593,100,99898,200,100816,100,99897,8,100831,100,98300,100,100834,100,98127,100,100839,100,,,100973,100,,
2019-06-28 10:05:00.000000000,100394,192,100146,192,100405,192,100077,392,100488,192,100007,292,100593,192,100006,192,100816,192,99898,292,100831,100,99897,8,100834,100,98300,100,100839,100,98127,100,100973,100,,,101139,100,,
2019-06-28 10:05:07.849607261,100394,192,100146,192,100405,192,100077,392,100488,192,100007,292,100593,192,100006,192,100816,192,99898,292,100831,100,99897,8,100834,100,98300,100,100839,100,98127,100,100908,100,,,100973,100,,
2019-06-28 10:05:08.289042069,100394,192,100376,100,100405,192,100146,192,100488,192,100077,392,100593,192,100007,292,100816,192,100006,192,100831,100,99898,292,100834,100,99897,8,100839,100,98300,100,100908,100,98127,100,100973,100,,
2019-06-28 10:05:10.000000000,100394,330,100376,330,100405,330,100146,330,100488,100,100077,300,100593,100,100007,200,100816,100,100006,100,100831,100,99898,200,100834,100,99897,8,100839,100,98300,100,100908,100,98127,100,100973,100,,
2019-06-28 10:05:18.118907086,100394,330,100376,430,100405,330,100146,330,100488,100,100077,300,100593,100,100007,200,100816,100,100006,100,100831,100,99898,200,100834,100,99897,8,100839,100,98300,100,100908,100,98127,100,100973,100,,
2019-06-28 10:05:20.000000000,100394,330,100376,430,100405,330,100146,330,100488,100,100077,300,100593,100,100007,200,100816,100,100006,100,100831,100,99898,200,100834,100,99897,8,100839,100,98300,100,100908,100,98127,100,100973,100,,
2019-06-28 10:05:30.000000000,100394,330,100376,430,100405,330,100146,330,100488,100,100077,300,100593,100,100007,200,100816,100,100006,100,100831,100,99898,200,100834,100,99897,8,100839,100,98300,100,100908,100,98127,100,100973,100,,
2019-06-28 10:05:38.559733397,100394,330,100376,430,100405,330,100146,330,100488,100,100077,200,100593,100,100007,200,100816,100,100006,100,100831,100,99898,200,100834,100,99897,8,100839,100,98300,100,100908,100,98127,100,100973,100,,
2019-06-28 10:05:40.000000000,100394,215,100376,315,100405,215,100146,215,100488,215,100077,315,100593,215,100007,315,100816,100,100006,100,100831,100,99898,200,100834,100,99897,8,100839,100,98300,100,100908,100,98127,100,100973,100,,
2019-06-28 10:05:50.000000000,100394,215,100376,315,100405,215,100146,215,100488,215,100077,315,100593,215,100007,315,100816,100,100006,100,100831,100,99898,200,100834,100,99897,8,100839,100,98300,100,100908,100,98127,100,100973,100,,
2019-06-28 10:05:58.432524511,100394,115,100376,315,100405,215,100146,215,100488,215,100077,315,100593,215,100007,315,100816,100,100006,100,100831,100,99898,200,100834,100,99897,8,100839,100,98300,100,100908,100,98127,100,100973,100,,
2019-06-28 10:06:00.000000000,100405,215,100376,315,100488,215,100146,215,100593,215,100077,315,100816,215,100007,315,100831,100,100006,100,100834,100,99898,200,100839,100,99897,8,100908,100,98300,100,100973,100,98127,100,101139,100,,
2019-06-28 10:06:10.000000000,100405,215,100376,315,100488,215,100146,215,100593,215,100077,315,100816,215,100007,315,100831,100,100006,100,100834,100,99898,200,100839,100,99897,8,100908,100,98300,100,100973,100,98127,100,101139,100,,
2019-06-28 10:06:20.000000000,100405,559,100376,659,100488,100,100146,100,100593,100,100077,200,100816,100,100007,200,100831,100,100006,100,100834,100,99898,200,100839,100,99897,8,100908,100,98300,100,100973,100,98127,100,101139,100,,
2019-06-28 10:06:30.000000000,100405,215,100376,315,100488,215,100146,215,100593,215,100077,315,100816,215,100007,315,100831,100,100006,100,100834,100,99898,200,100839,100,99897,8,100908,100,98300,100,100973,100,98127,100,101139,100,,
2019-06-28 10:06:39.132502063,100405,215,100391,100,100488,215,100376,315,100593,215,100146,215,100816,215,100077,215,100831,100,100007,315,100834,100,100006,100,100839,100,99898,200,100908,100,99897,8,100973,100,98300,100,101139,100,98127,100
2019-06-28 10:06:40.000000000,100405,330,100391,330,100488,330,100376,430,100593,100,100146,100,100816,100,100077,100,100831,100,100007,200,100834,100,100006,100,100839,100,99898,200,100908,100,99897,8,100973,100,98300,100,101139,100,98127,100
2019-06-28 10:06:47.949749452,100405,330,100391,330,100488,330,100376,430,100593,100,100146,100,100816,100,100077,100,100831,100,100007,200,100834,100,100006,100,100839,100,99898,200,100908,100,99897,8,100973,100,98300,100,101139,100,98127,100
2019-06-28 10:06:50.000000000,100405,192,100391,192,100488,192,100376,292,100593,192,100146,192,100816,192,100077,192,100831,192,100007,292,100834,100,100006,100,100839,100,99898,200,100908,100,99897,8,100973,100,98300,100,101139,100,98127,100
2019-06-28 10:06:56.593659360,100405,192,100391,192,100488,192,100376,292,100593,192,100146,192,100816,192,100077,192,100831,192,100007,292,100834,100,100006,100,100839,100,99898,200,100908,100,99897,8,100973,100,98300,100,101139,100,98127,100
2019-06-28 10:07:00.000000000,100405,559,100391,559,100488,100,100376,200,100593,100,100146,100,100816,100,100077,100,100831,100,100007,200,100834,100,100006,100,100839,100,99898,200,100908,100,99897,8,100973,100,98300,100,101139,100,98127,100
2019-06-28 10:07:06.040513060,100405,459,100391,559,100488,100,100376,200,100593,100,100146,100,100816,100,100077,100,100831,100,100007,200,100834,100,100006,100,100839,100,99898,200,100908,100,99897,8,100973,100,98300,100,101139,100,98127,100
2019-06-28 10:07:10.000000000,100488,215,100391,215,100593,215,100376,315,100816,215,100146,215,100831,215,100077,215,100834,100,100007,200,100839,100,100006,100,100908,100,99898,200,100973,100,99897,8,101139,100,98300,100,101458,100,98127,100
2019-06-28 10:07:20.000000000,100488,192,100391,192,100593,192,100376,292,100816,192,100146,192,100831,192,100077,192,100834,192,100007,292,100839,100,100006,100,100908,100,99898,200,100973,100,99897,8,101139,100,98300,100,101458,100,98127,100
2019-06-28 10:07:24.116262851,100488,92,100391,192,100593,192,100376,292,100816,192,100146,192,100831,192,100077,192,100834,192,100007,292,100839,100,100006,100,100908,100,99898,200,100973,100,99897,8,101139,100,98300,100,101458,100,98127,100
2019-06-28 10:07:30.000000000,100593,192,100391,192,100816,192,100376,292,100831,192,100146,192,100834,192,100077,192,100839,192,100007,292,100908,100,100006,100,100973,100,99898,200,101139,100,99897,8,101458,100,98300,100,,,98127,100
2019-06-28 10:07:30.172287410,100593,192,100391,192,100816,192,100376,292,100831,192,100146,192,100834,192,100077,192,100839,192,100007,192,100908,100,100006,100,100973,100,99898,200,101139,100,99897,8,101458,100,98300,100,,,98127,100
2019-06-28 10:07:40.000000000,100593,256,100391,256,100816,251,100376,351,100831,251,100146,251,100834,100,100077,100,100839,100,100007,100,100908,100,100006,100,100973,100,99898,200,101139,100,99897,8,101458,100,98300,100,,,98127,100
2019-06-28 10:07:50.000000000,100593,330,100391,330,100816,330,100376,430,100831,100,100146,100,100834,100,100077,100,100839,100,100007,100,100908,100,100006,100,100973,100,99898,200,101139,100,99897,8,101458,100,98300,100,,,98127,100
2019-06-28 10:08:00.000000000,100593,559,100391,559,100816,100,100376,200,100831,100,100146,100,100834,100,100077,100,100839,100,100007,100,100908,100,100006,100,100973,100,99898,200,101139,100,99897,8,101458,100,98300,100,,,98127,100
2019-06-28 10:08:00.162008818,100593,559,100391,559,100816,100,100376,200,100831,100,100146,100,100834,100,100077,100,100839,100,100007,100,100908,100,100006,100,100973,100,99898,200,101139,100,99897,8,101225,100,98300,100,101458,100,98127,100
2019-06-28 10:08:04.738810299,100593,459,100391,559,100816,100,100376,200,100831,100,100146,100,100834,100,100077,100,100839,100,100007,100,100908,100,100006,100,100973,100,99898,200,101139,100,99897,8,101225,100,98300,100,101458,100,98127,100
2019-06-28 10:08:10.000000000,100816,256,100391,256,100831,251,100376,351,100834,251,100146,251,100839,100,100077,100,100908,100,100007,100,100973,100,100006,100,101139,100,99898,200,101225,100,99897,8,101458,100,98300,100,,,98127,100
2019-06-28 10:08:19.220413927,100816,256,100391,256,100831,251,100376,351,100834,251,100146,251,100839,100,100077,100,100908,100,100007,100,100973,100,100006,100,101139,100,99898,200,101147,100,99897,8,101225,100,98300,100,101458,100,,
2019-06-28 10:08:20.000000000,100816,256,100391,256,100831,251,100376,351,100834,251,100146,251,100839,100,100077,100,100908,100,100007,100,100973,100,100006,100,101139,100,99898,200,101147,100,99897,8,101225,100,98300,100,101458,100,,
2019-06-28 10:08:30.000000000,100816,215,100391,215,100831,215,100376,315,100834,215,100146,215,100839,215,100077,215,100908,100,100007,100,100973,100,100006,100,101139,100,99898,200,101147,100,99897,8,101225,100,98300,100,101458,100,,
2019-06-28 10:08:40.000000000,100816,559,100391,559,100831,100,100376,200,100834,100,100146,100,100839,100,100077,100,100908,100,100007,100,100973,100,100006,100,101139,100,99898,200,101147,100,99897,8,101225,100,98300,100,101458,100,,
2019-06-28 10:08:47.589422740,100816,559,100391,559,100831,100,100376,200,100834,100,100146,100,100839,100,100077,100,100908,100,100007,100,100973,100,100006,100,101139,100,99898,200,101147,100,99897,8,101225,100,98300,100,101439,100,,
