,ask_price_1,ask_size_1,bid_price_1,bid_size_1,ask_price_2,ask_size_2,bid_price_2,bid_size_2,ask_price_3,ask_size_3,bid_price_3,bid_size_3,ask_price_4,ask_size_4,bid_price_4,bid_size_4,ask_price_5,ask_size_5,bid_price_5,bid_size_5,ask_price_6,ask_size_6,bid_price_6,bid_size_6,ask_price_7,ask_size_7,bid_price_7,bid_size_7,ask_price_8,ask_size_8,bid_price_8,bid_size_8,ask_price_9,ask_size_9,bid_price_9,bid_size_9,ask_price_10,ask_size_10,bid_price_10,bid_size_10
2019-06-28 09:30:00.000000000,100046,100,99941,100,,,99914,100,,,,,,,,,,,,,,,,,,,,,,,,,,,,,,,,
2019-06-28 09:30:00.000000001,100026,100,99941,100,100046,100,99914,100,,,,,,,,,,,,,,,,,,,,,,,,,,,,,,,,
2019-06-28 09:30:00.000000002,100026,100,99941,100,100046,100,99914,100,,,99895,100,,,,,,,,,,,,,,,,,,,,,,,,,,,,
2019-06-28 09:30:00.000000003,100026,100,99959,100,100046,100,99941,100,,,99934,100,,,99914,100,,,99895,100,,,,,,,,,,,,,,,,,,,,
2019-06-28 09:30:00.000000006,100026,100,99959,100,100046,100,99941,100,100057,100,99934,100,,,99914,100,,,99895,100,,,,,,,,,,,,,,,,,,,,
2019-06-28 09:30:00.000000012,100026,100,99959,100,100046,100,99941,100,100057,100,99934,100,,,99914,100,,,99909,100,,,99895,100,,,,,,,,,,,,,,,,
2019-06-28 09:30:00.000000013,100026,100,99959,100,100046,100,99941,100,100057,100,99934,100,,,99918,100,,,99914,100,,,99909,100,,,99895,100,,,,,,,,,,,,
2019-06-28 09:30:00.000000015,100026,100,99959,100,100046,100,99941,100,100047,100,99934,100,100057,100,99918,100,100097,100,99914,100,,,99909,100,,,99895,100,,,,,,,,,,,,
2019-06-28 09:30:00.000000016,100026,100,99959,100,100046,100,99941,100,100047,100,99934,100,100057,100,99922,100,100090,100,99918,100,100097,100,99914,100,,,99909,100,,,99895,100,,,,,,,,
2019-06-28 09:30:00.000000019,99982,100,99959,100,100026,100,99943,100,100046,100,99941,100,100047,100,99934,100,100057,100,99922,100,100090,100,99918,100,100097,100,99914,100,,,99909,100,,,99895,100,,,,
2019-06-28 09:30:00.000000020,99982,100,99959,100,99984,100,99943,100,100026,100,99941,100,100046,100,99934,100,100047,100,99922,100,100057,100,99918,100,100090,100,99914,100,100097,100,99909,100,100183,100,99895,100,,,,
2019-06-28 09:30:00.000000021,99982,100,99959,100,99984,100,99943,100,100026,100,99941,100,100046,100,99934,100,100047,100,99922,100,100057,100,99918,100,100090,100,99914,100,100097,100,99909,100,100128,100,99895,100,100183,100,,
2019-06-28 09:30:00.000000022,99982,100,99959,100,99984,100,99943,100,100026,100,99941,100,100046,100,99934,100,100047,100,99922,100,100057,100,99918,100,100090,100,99914,100,100097,100,99909,100,100128,100,99895,100,100183,100,99864,100
2019-06-28 09:30:00.000000023,99984,100,99959,100,100026,100,99943,100,100046,100,99941,100,100047,100,99934,100,100057,100,99922,100,100090,100,99918,100,100097,100,99914,100,100128,100,99909,100,100183,100,99895,100,,,99864,100
2019-06-28 09:30:00.000000025,99984,100,99982,100,100026,100,99959,100,100046,100,99943,100,100047,100,99941,100,100057,100,99934,100,100090,100,99922,100,100097,100,99918,100,100128,100,99914,100,100183,100,99909,100,,,99895,100
2019-06-28 09:30:00.000000030,99984,100,99982,100,100026,100,99959,100,100038,100,99943,100,100046,100,99941,100,100047,100,99934,100,100048,100,99922,100,100057,100,99918,100,100090,100,99914,100,100097,100,99909,100,100117,100,99895,100
2019-06-28 09:30:00.000000032,100026,100,99982,100,100038,100,99959,100,100046,100,99943,100,100047,100,99941,100,100048,100,99934,100,100057,100,99922,100,100090,100,99918,100,100097,100,99914,100,100117,100,99909,100,100128,100,99895,100
2019-06-28 09:30:00.000000034,100026,100,99982,100,100038,100,99959,100,100045,100,99943,100,100046,100,99941,100,100047,100,99934,100,100048,100,99922,100,100057,100,99918,100,100090,100,99914,100,100097,100,99909,100,100117,100,99895,100
2019-06-28 09:30:00.000000036,100038,100,99982,100,100045,100,99959,100,100046,100,99943,100,100047,100,99941,100,100048,100,99934,100,100057,100,99922,100,100090,100,99918,100,100097,100,99914,100,100117,100,99909,100,100128,100,99895,100
2019-06-28 09:30:00.000000037,100038,100,99982,100,100045,100,99959,100,100046,100,99943,100,100047,100,99941,100,100048,100,99934,100,100057,100,99922,100,100090,100,99918,100,100097,100,99914,100,100117,100,99909,100,100128,100,99895,100
2019-06-28 09:30:00.000000039,100038,100,99982,100,100045,100,99959,100,100046,100,99943,100,100047,100,99941,100,100048,100,99934,100,100057,100,99922,100,100090,100,99918,100,100097,100,99914,100,100117,100,99909,100,100128,100,99895,100
2019-06-28 09:30:00.000000040,99998,100,99982,100,100038,100,99959,100,100045,100,99943,100,100046,100,99941,100,100047,100,99934,100,100048,100,99922,100,100057,100,99918,100,100090,100,99914,100,100097,100,99909,100,100117,100,99895,100
2019-06-28 09:30:00.000000045,99998,100,99984,100,100038,100,99982,100,100045,100,99959,100,100046,100,99943,100,100047,100,99941,100,100048,100,99934,100,100057,100,99922,100,100090,100,99918,100,100097,100,99914,100,100117,100,99909,100
2019-06-28 09:30:00.000000047,99998,100,99984,100,100038,100,99982,100,100045,100,99959,100,100046,100,99943,100,100047,100,99941,100,100048,100,99934,100,100057,100,99922,100,100083,100,99918,100,100090,100,99914,100,100097,100,99909,100
2019-06-28 09:30:00.000000050,99998,100,99984,100,100038,100,99982,100,100045,100,99959,100,100046,100,99943,100,100047,100,99942,100,100048,100,99941,100,100057,100,99934,100,100083,100,99922,100,100090,100,99918,100,100097,100,99914,100
2019-06-28 09:30:00.000000053,99998,100,99984,200,100038,100,99982,100,100045,100,99959,100,100046,100,99943,100,100047,100,99942,100,100048,100,99941,100,100057,100,99934,100,100083,100,99922,100,100090,100,99918,100,100097,100,99914,100
2019-06-28 09:30:00.000000056,99998,100,99987,100,100038,100,99984,200,100045,100,99982,100,100046,100,99959,100,100047,100,99943,100,100048,100,99942,100,100057,100,99941,100,100083,100,99934,100,100090,100,99922,100,100097,100,99918,100
2019-06-28 09:30:00.000000058,99998,100,99987,100,100038,100,99984,300,100045,100,99982,100,100046,100,99959,100,100047,100,99943,100,100048,100,99942,100,100057,100,99941,100,100083,100,99934,100,100090,100,99922,100,100097,100,99918,100
2019-06-28 09:30:00.000000059,99998,100,99987,100,100038,100,99984,300,100045,100,99982,100,100046,100,99959,100,100047,100,99943,100,100048,100,99942,100,100057,100,99941,100,100083,100,99934,100,100084,100,99922,100,100090,100,99918,100
2019-06-28 09:30:00.000000061,99998,100,99987,100,100038,100,99984,300,100045,100,99982,100,100046,100,99959,100,100047,100,99943,100,100048,100,99942,100,100057,100,99941,100,100083,100,99934,100,100084,100,99922,100,100090,100,99918,100
2019-06-28 09:30:00.000000064,99998,100,99987,100,100026,100,99984,300,100038,100,99982,100,100045,100,99959,100,100046,100,99943,100,100047,100,99942,100,100048,100,99941,100,100057,100,99934,100,100083,100,99922,100,100084,100,99918,100
2019-06-28 09:30:00.000000067,99998,100,99984,300,100026,100,99982,100,100038,100,99959,100,100045,100,99943,100,100046,100,99942,100,100047,100,99941,100,100048,100,99934,100,100057,100,99922,100,100083,100,99918,100,100084,100,99914,100
2019-06-28 09:30:00.000000068,99998,100,99984,300,100011,100,99982,100,100026,100,99959,100,100038,100,99943,100,100045,100,99942,100,100046,100,99941,100,100047,100,99934,100,100048,100,99922,100,100057,100,99918,100,100083,100,99914,100
2019-06-28 09:30:00.000000071,99998,100,99984,300,100011,100,99982,100,100026,100,99959,100,100038,100,99943,100,100045,100,99942,100,100046,100,99941,100,100047,100,99934,100,100048,100,99922,100,100057,100,99918,100,100083,100,99914,100
2019-06-28 09:30:00.000000072,100011,100,99987,100,100026,100,99984,300,100038,100,99982,100,100045,100,99959,100,100046,100,99951,100,100047,100,99943,100,100048,100,99942,100,100057,100,99941,100,100083,100,99934,100,100084,100,99922,100
2019-06-28 09:30:00.000000078,100011,100,99987,100,100026,100,99984,300,100038,100,99982,100,100045,100,99959,100,100046,100,99951,100,100047,100,99943,100,100048,100,99942,100,100057,100,99941,100,100068,100,99934,100,100083,100,99922,100
2019-06-28 09:30:00.000000079,99998,100,99987,100,100011,100,99984,300,100026,100,99982,100,100038,100,99959,100,100045,100,99951,100,100046,100,99943,100,100047,100,99942,100,100048,100,99941,100,100057,100,99934,100,100068,100,99922,100
2019-06-28 09:30:00.000000080,99998,200,99987,100,100011,100,99984,300,100026,100,99982,100,100038,100,99959,100,100045,100,99951,100,100046,100,99943,100,100047,100,99942,100,100048,100,99941,100,100057,100,99934,100,100068,100,99922,100
2019-06-28 09:30:00.000000081,99998,200,99987,100,100011,100,99984,300,100026,100,99982,100,100038,100,99959,100,100045,100,99951,100,100046,100,99943,100,100047,100,99942,100,100048,100,99941,100,100057,100,99934,100,100068,100,99928,100
2019-06-28 09:30:00.000000082,99998,200,99987,100,100011,100,99984,300,100026,100,99982,100,100038,100,99959,100,100045,100,99951,100,100046,100,99943,100,100047,100,99942,100,100048,100,99941,100,100057,100,99934,100,100068,100,99928,100
2019-06-28 09:30:00.000000083,99998,200,99987,100,99999,100,99984,300,100011,100,99982,100,100026,100,99959,100,100038,100,99951,100,100045,100,99943,100,100046,100,99942,100,100047,100,99941,100,100048,100,99934,100,100057,100,99928,100
2019-06-28 09:30:00.000000084,99998,200,99984,300,99999,100,99982,100,100011,100,99959,100,100026,100,99951,100,100038,100,99943,100,100045,100,99942,100,100046,100,99941,100,100047,100,99934,100,100048,100,99928,100,100057,100,99922,100
2019-06-28 09:30:00.000000087,99998,200,99984,300,99999,100,99982,100,100011,100,99974,100,100026,100,99959,100,100038,100,99951,100,100045,100,99943,100,100046,100,99942,100,100047,100,99941,100,100048,100,99934,100,100057,100,99928,100
2019-06-28 09:30:00.000000088,99998,200,99984,300,99999,100,99982,100,100011,100,99974,100,100026,100,99959,100,100038,100,99951,100,100045,100,99943,100,100046,100,99942,100,100047,100,99941,100,100048,100,99934,100,100053,100,99928,100
2019-06-28 09:30:00.000000089,99998,200,99987,100,99999,100,99984,300,100011,100,99982,100,100026,100,99974,100,100038,100,99959,100,100045,100,99951,100,100046,100,99943,100,100047,100,99942,100,100048,100,99941,100,100053,100,99934,100
2019-06-28 09:30:00.000000090,99998,200,99987,200,99999,100,99984,300,100011,100,99982,100,100026,100,99974,100,100038,100,99959,100,100045,100,99951,100,100046,100,99943,100,100047,100,99942,100,100048,100,99941,100,100053,100,99934,100
2019-06-28 09:30:00.000000091,99998,200,99987,200,99999,100,99984,300,100011,100,99982,100,100026,100,99980,100,100038,100,99974,100,100045,100,99959,100,100046,100,99951,100,100047,100,99943,100,100048,100,99942,100,100053,100,99941,100
2019-06-28 09:30:00.000000094,99997,100,99987,200,99998,200,99984,300,99999,100,99982,100,100011,100,99980,100,100026,100,99974,100,100038,100,99959,100,100045,100,99951,100,100046,100,99943,100,100047,100,99942,100,100048,100,99941,100
2019-06-28 09:30:00.000000096,99997,100,99987,200,99998,200,99984,300,99999,100,99982,100,100000,100,99980,100,100011,100,99974,100,100026,100,99959,100,100038,100,99951,100,100045,100,99943,100,100046,100,99942,100,100047,100,99941,100
2019-06-28 09:30:00.000000097,99997,100,99987,200,99998,200,99984,300,99999,100,99982,100,100000,100,99980,100,100011,100,99974,100,100026,100,99959,100,100038,100,99951,100,100045,100,99943,100,100046,100,99942,100,100047,100,99941,100
2019-06-28 09:30:10.000000000,99997,177,99987,277,99998,277,99984,377,99999,177,99982,177,100000,177,99980,177,100011,177,99974,177,100026,100,99959,100,100038,100,99951,100,100045,100,99943,100,100046,100,99942,100,100047,100,99941,100
2019-06-28 09:30:16.649415812,99997,177,99987,277,99998,277,99984,377,99999,177,99982,177,100000,177,99980,177,100011,177,99974,177,100026,100,99959,100,100038,100,99951,100,100045,100,99943,100,100046,100,99942,100,100047,100,99941,100
2019-06-28 09:30:20.000000000,99997,292,99987,392,99998,392,99984,492,99999,100,99982,100,100000,100,99980,100,100011,100,99974,100,100026,100,99959,100,100038,100,99951,100,100045,100,99943,100,100046,100,99942,100,100047,100,99941,100
2019-06-28 09:30:20.023663165,99997,392,99987,392,99998,392,99984,492,99999,100,99982,100,100000,100,99980,100,100011,100,99974,100,100026,100,99959,100,100038,100,99951,100,100045,100,99943,100,100046,100,99942,100,100047,100,99941,100
2019-06-28 09:30:30.000000000,99997,584,99987,584,99998,200,99984,300,99999,100,99982,100,100000,100,99980,100,100011,100,99974,100,100026,100,99959,100,100038,100,99951,100,100045,100,99943,100,100046,100,99942,100,100047,100,99941,100
2019-06-28 09:30:40.000000000,99997,331,99987,331,99998,327,99984,427,99999,227,99982,227,100000,100,99980,100,100011,100,99974,100,100026,100,99959,100,100038,100,99951,100,100045,100,99943,100,100046,100,99942,100,100047,100,99941,100
2019-06-28 09:30:50.000000000,99997,392,99987,392,99998,392,99984,492,99999,100,99982,100,100000,100,99980,100,100011,100,99974,100,100026,100,99959,100,100038,100,99951,100,100045,100,99943,100,100046,100,99942,100,100047,100,99941,100
2019-06-28 09:31:00.000000000,99997,392,99987,392,99998,392,99984,492,99999,100,99982,100,100000,100,99980,100,100011,100,99974,100,100026,100,99959,100,100038,100,99951,100,100045,100,99943,100,100046,100,99942,100,100047,100,99941,100
2019-06-28 09:31:00.130880583,99997,392,99987,392,99998,392,99984,492,99999,100,99982,100,100000,100,99980,100,100011,100,99974,100,100026,100,99959,100,100038,100,99951,100,100045,100,99943,100,100046,100,99942,100,100047,100,99941,100
2019-06-28 09:31:10.000000000,99997,331,99987,331,99998,327,99984,427,99999,227,99982,227,100000,100,99980,100,100011,100,99974,100,100026,100,99959,100,100038,100,99951,100,100045,100,99943,100,100046,100,99942,100,100047,100,99941,100
2019-06-28 09:31:10.069836881,99997,331,99987,331,99998,327,99984,427,99999,227,99982,227,100000,100,99980,100,100011,100,99974,100,100026,100,99959,100,100038,100,99951,100,100045,100,99943,100,100046,100,99942,100,100047,100,99941,100
2019-06-28 09:31:20.000000000,99997,277,99987,277,99998,277,99984,377,99999,177,99982,177,100000,177,99980,177,100011,177,99974,177,100026,100,99959,100,100038,100,99951,100,100045,100,99943,100,100046,100,99942,100,100047,100,99941,100
2019-06-28 09:31:26.261711948,99997,277,99987,177,99998,277,99984,377,99999,177,99982,177,100000,177,99980,177,100011,177,99974,177,100026,100,99959,100,100038,100,99951,100,100045,100,99943,100,100046,100,99942,100,100047,100,99941,100
2019-06-28 09:31:26.847709296,99997,277,99987,177,99998,177,99984,377,99999,177,99982,177,100000,177,99980,177,100011,177,99974,177,100026,100,99959,100,100038,100,99951,100,100045,100,99943,100,100046,100,99942,100,100047,100,99941,100
2019-06-28 09:31:30.000000000,99997,392,99987,292,99998,292,99984,492,99999,100,99982,100,100000,100,99980,100,100011,100,99974,100,100026,100,99959,100,100038,100,99951,100,100045,100,99943,100,100046,100,99942,100,100047,100,99941,100
2019-06-28 09:31:40.000000000,99997,392,99987,292,99998,292,99984,492,99999,100,99982,100,100000,100,99980,100,100011,100,99974,100,100026,100,99959,100,100038,100,99951,100,100045,100,99943,100,100046,100,99942,100,100047,100,99941,100
2019-06-28 09:31:41.210793558,99997,392,99987,292,99998,292,99984,492,99999,100,99982,100,100000,100,99980,100,100011,100,99974,100,100026,100,99959,100,100038,100,99951,100,100045,100,99943,100,100046,100,99942,100,100047,100,99941,100
2019-06-28 09:31:50.000000000,99997,277,99987,177,99998,177,99984,377,99999,177,99982,177,100000,177,99980,177,100011,177,99974,177,100026,100,99959,100,100038,100,99951,100,100045,100,99943,100,100046,100,99942,100,100047,100,99941,100
2019-06-28 09:31:53.732424681,99997,277,99987,177,99998,177,99984,377,99999,177,99982,177,100000,177,99980,177,100011,177,99974,177,100026,100,99959,100,100038,100,99951,100,100045,100,99943,100,100046,100,99942,100,100047,100,99941,100
2019-06-28 09:31:57.365025267,99997,277,99987,77,99998,177,99984,377,99999,177,99982,177,100000,177,99980,177,100011,177,99974,177,100026,100,99959,100,100038,100,99951,100,100045,100,99943,100,100046,100,99942,100,100047,100,99941,100
2019-06-28 09:32:00.000000000,99997,392,99984,492,99998,292,99982,292,99999,100,99980,100,100000,100,99974,100,100011,100,99959,100,100026,100,99951,100,100038,100,99943,100,100045,100,99942,100,100046,100,99941,100,100047,100,99934,100
2019-06-28 09:32:09.280058871,99997,392,99984,392,99998,292,99982,292,99999,100,99980,100,100000,100,99974,100,100011,100,99959,100,100026,100,99951,100,100038,100,99943,100,100045,100,99942,100,100046,100,99941,100,100047,100,99934,100
2019-06-28 09:32:10.000000000,99997,392,99984,392,99998,292,99982,292,99999,100,99980,100,100000,100,99974,100,100011,100,99959,100,100026,100,99951,100,100038,100,99943,100,100045,100,99942,100,100046,100,99941,100,100047,100,99934,100
2019-06-28 09:32:20.000000000,99997,331,99984,331,99998,227,99982,227,99999,227,99980,227,100000,100,99974,100,100011,100,99959,100,100026,100,99951,100,100038,100,99943,100,100045,100,99942,100,100046,100,99941,100,100047,100,99934,100
2019-06-28 09:32:30.000000000,99997,584,99984,584,99998,100,99982,100,99999,100,99980,100,100000,100,99974,100,100011,100,99959,100,100026,100,99951,100,100038,100,99943,100,100045,100,99942,100,100046,100,99941,100,100047,100,99934,100
2019-06-28 09:32:40.000000000,99997,331,99984,331,99998,227,99982,227,99999,227,99980,227,100000,100,99974,100,100011,100,99959,100,100026,100,99951,100,100038,100,99943,100,100045,100,99942,100,100046,100,99941,100,100047,100,99934,100
2019-06-28 09:32:50.000000000,99997,277,99984,277,99998,177,99982,177,99999,177,99980,177,100000,177,99974,177,100011,177,99959,177,100026,100,99951,100,100038,100,99943,100,100045,100,99942,100,100046,100,99941,100,100047,100,99934,100
2019-06-28 09:32:50.257289376,99997,277,99984,177,99998,177,99982,177,99999,77,99980,177,100000,177,99974,177,100011,177,99959,177,100026,100,99951,100,100038,100,99943,100,100045,100,99942,100,100046,100,99941,100,100047,100,99934,100
2019-06-28 09:33:00.000000000,99997,584,99984,484,99998,100,99982,100,100000,100,99980,100,100011,100,99974,100,100026,100,99959,100,100038,100,99951,100,100045,100,99943,100,100046,100,99942,100,100047,100,99941,100,100048,100,99934,100
2019-06-28 09:33:05.399674283,99997,584,99984,384,99998,100,99982,100,100000,100,99980,100,100011,100,99974,100,100026,100,99959,100,100038,100,99951,100,100045,100,99943,100,100046,100,99942,100,100047,100,99941,100,100048,100,99934,100
2019-06-28 09:33:10.000000000,99997,331,99982,231,99998,227,99980,227,100000,227,99974,227,100011,100,99959,100,100026,100,99951,100,100038,100,99943,100,100045,100,99942,100,100046,100,99941,100,100047,100,99934,100,100048,100,99928,100
2019-06-28 09:33:20.000000000,99997,296,99982,196,99998,196,99980,196,100000,196,99974,196,100011,196,99959,196,100026,100,99951,100,100038,100,99943,100,100045,100,99942,100,100046,100,99941,100,100047,100,99934,100,100048,100,99928,100
2019-06-28 09:33:30.000000000,99997,277,99982,177,99998,177,99980,177,100000,177,99974,177,100011,177,99959,177,100026,177,99951,177,100038,100,99943,100,100045,100,99942,100,100046,100,99941,100,100047,100,99934,100,100048,100,99928,100
2019-06-28 09:33:40.000000000,99997,296,99982,196,99998,196,99980,196,100000,196,99974,196,100011,196,99959,196,100026,100,99951,100,100038,100,99943,100,100045,100,99942,100,100046,100,99941,100,100047,100,99934,100,100048,100,99928,100
2019-06-28 09:33:50.000000000,99997,296,99982,196,99998,196,99980,196,100000,196,99974,196,100011,196,99959,196,100026,100,99951,100,100038,100,99943,100,100045,100,99942,100,100046,100,99941,100,100047,100,99934,100,100048,100,99928,100
2019-06-28 09:33:52.029046783,99997,296,99982,96,99998,196,99980,196,100000,196,99974,196,100011,196,99959,196,100026,100,99951,100,100038,100,99943,100,100045,100,99942,100,100046,100,99941,100,100047,100,99934,100,100048,100,99928,100
2019-06-28 09:34:00.000000000,99997,392,99980,292,99998,292,99974,292,100000,100,99959,100,100011,100,99951,100,100026,100,99943,100,100038,100,99942,100,100045,100,99941,100,100046,100,99934,100,100047,100,99928,100,100048,100,99922,100
2019-06-28 09:34:02.636756020,99997,392,99980,192,99998,292,99974,292,100000,100,99959,100,100011,100,99951,100,100026,100,99943,100,100038,100,99942,100,100045,100,99941,100,100046,100,99934,100,100047,100,99928,100,100048,100,99922,100
2019-06-28 09:34:10.000000000,99997,392,99974,292,99998,292,99959,292,100000,100,99951,100,100011,100,99943,100,100026,100,99942,100,100038,100,99941,100,100045,100,99934,100,100046,100,99928,100,100047,100,99922,100,100048,100,99914,100
2019-06-28 09:34:14.370053274,99997,392,99974,292,99998,292,99959,292,100000,100,99951,100,100011,100,99943,100,100026,100,99942,100,100038,100,99941,100,100045,100,99934,100,100046,100,99928,100,100047,100,99922,100,100048,100,99914,100
2019-06-28 09:34:20.000000000,99997,584,99974,484,99998,100,99959,100,100000,100,99951,100,100011,100,99943,100,100026,100,99942,100,100038,100,99941,100,100045,100,99934,100,100046,100,99928,100,100047,100,99922,100,100048,100,99914,100
2019-06-28 09:34:30.000000000,99997,277,99974,177,99998,177,99959,177,100000,177,99951,177,100011,177,99943,177,100026,177,99942,177,100038,100,99941,100,100045,100,99934,100,100046,100,99928,100,100047,100,99922,100,100048,100,99914,100
2019-06-28 09:34:40.000000000,99997,584,99974,484,99998,100,99959,100,100000,100,99951,100,100011,100,99943,100,100026,100,99942,100,100038,100,99941,100,100045,100,99934,100,100046,100,99928,100,100047,100,99922,100,100048,100,99914,100
2019-06-28 09:34:44.108597271,99997,584,99974,384,99998,100,99959,100,100000,100,99951,100,100011,100,99943,100,100026,100,99942,100,100038,100,99941,100,100045,100,99934,100,100046,100,99928,100,100047,100,99922,100,100048,100,99914,100
2019-06-28 09:34:47.430418711,99997,584,99974,384,99998,100,99959,100,100000,100,99951,100,100011,100,99943,100,100026,100,99942,100,100030,100,99934,100,100038,100,99928,100,100045,100,99922,100,100046,100,99914,100,100047,100,99895,100
2019-06-28 09:34:49.513629983,99980,100,99974,384,99997,484,99959,100,99998,100,99951,100,100000,100,99943,100,100011,100,99942,100,100026,100,99934,100,100030,100,99928,100,100038,100,99922,100,100045,100,99914,100,100046,100,99895,100
2019-06-28 09:34:50.000000000,99980,177,99959,177,99997,177,99951,177,99998,177,99943,177,100000,177,99942,177,100011,177,99934,177,100026,100,99928,100,100030,100,99922,100,100038,100,99914,100,100045,100,99895,100,100046,100,99892,100
2019-06-28 09:34:51.300318098,99980,277,99959,177,99997,177,99951,177,99998,177,99943,177,100000,177,99942,177,100011,177,99934,177,100026,100,99928,100,100030,100,99922,100,100038,100,99914,100,100045,100,99895,100,100046,100,99892,100
2019-06-28 09:35:00.000000000,99980,392,99959,292,99997,292,99951,292,99998,100,99943,100,100000,100,99942,100,100011,100,99934,100,100026,100,99928,100,100030,100,99922,100,100038,100,99914,100,100045,100,99895,100,100046,100,99892,100
2019-06-28 09:35:10.000000000,99980,331,99959,231,99997,227,99951,227,99998,227,99943,227,100000,100,99942,100,100011,100,99934,100,100026,100,99928,100,100030,100,99922,100,100038,100,99914,100,100045,100,99895,100,100046,100,99892,100
2019-06-28 09:35:11.785669868,99980,331,99959,131,99997,227,99951,227,99998,227,99943,227,100000,100,99942,100,100011,100,99934,100,100026,100,99928,100,100030,100,99922,100,100038,100,99914,100,100045,100,99895,100,100046,100,99892,100
2019-06-28 09:35:15.025358575,99980,331,99975,100,99997,227,99959,131,99998,227,99951,227,100000,100,99943,227,100011,100,99942,100,100026,100,99934,100,100030,100,99928,100,100038,100,99922,100,100045,100,99914,100,100046,100,99895,100
2019-06-28 09:35:19.627240813,99980,331,99959,131,99997,227,99951,227,99998,227,99943,227,100000,100,99942,100,100011,100,99934,100,100026,100,99928,100,100030,100,99922,100,100038,100,99914,100,100045,100,99895,100,100046,100,99892,100
2019-06-28 09:35:20.000000000,99980,296,99951,196,99997,196,99943,196,99998,196,99942,196,100000,196,99934,196,100011,100,99928,100,100026,100,99922,100,100030,100,99914,100,100038,100,99895,100,100045,100,99892,100,100046,100,99888,100
2019-06-28 09:35:22.640301962,99980,296,99951,196,99987,100,99943,196,99997,196,99942,196,99998,196,99934,196,100000,196,99928,100,100011,100,99922,100,100026,100,99914,100,100030,100,99895,100,100038,100,99892,100,100045,100,99888,100
2019-06-28 09:35:24.529421636,99980,296,99951,96,99987,100,99943,196,99997,196,99942,196,99998,196,99934,196,100000,196,99928,100,100011,100,99922,100,100026,100,99914,100,100030,100,99895,100,100038,100,99892,100,100045,100,99888,100
2019-06-28 09:35:30.000000000,99980,392,99943,292,99987,292,99942,292,99997,100,99934,100,99998,100,99928,100,100000,100,99922,100,100011,100,99914,100,100026,100,99895,100,100030,100,99892,100,100038,100,99888,100,100045,100,99882,100
2019-06-28 09:35:40.000000000,99980,296,99943,196,99987,196,99942,196,99997,196,99934,196,99998,196,99928,196,100000,100,99922,100,100011,100,99914,100,100026,100,99895,100,100030,100,99892,100,100038,100,99888,100,100045,100,99882,100
2019-06-28 09:35:50.000000000,99980,296,99943,196,99987,196,99942,196,99997,196,99934,196,99998,196,99928,196,100000,100,99922,100,100011,100,99914,100,100026,100,99895,100,100030,100,99892,100,100038,100,99888,100,100045,100,99882,100
2019-06-28 09:36:00.000000000,99980,584,99943,484,99987,100,99942,100,99997,100,99934,100,99998,100,99928,100,100000,100,99922,100,100011,100,99914,100,100026,100,99895,100,100030,100,99892,100,100038,100,99888,100,100045,100,99882,100
2019-06-28 09:36:10.000000000,99980,296,99943,196,99987,196,99942,196,99997,196,99934,196,99998,196,99928,196,100000,100,99922,100,100011,100,99914,100,100026,100,99895,100,100030,100,99892,100,100038,100,99888,100,100045,100,99882,100
2019-06-28 09:36:20.000000000,99980,392,99943,292,99987,292,99942,292,99997,100,99934,100,99998,100,99928,100,100000,100,99922,100,100011,100,99914,100,100026,100,99895,100,100030,100,99892,100,100038,100,99888,100,100045,100,99882,100
2019-06-28 09:36:30.000000000,99980,584,99943,484,99987,100,99942,100,99997,100,99934,100,99998,100,99928,100,100000,100,99922,100,100011,100,99914,100,100026,100,99895,100,100030,100,99892,100,100038,100,99888,100,100045,100,99882,100
2019-06-28 09:36:40.000000000,99980,296,99943,196,99987,196,99942,196,99997,196,99934,196,99998,196,99928,196,100000,100,99922,100,100011,100,99914,100,100026,100,99895,100,100030,100,99892,100,100038,100,99888,100,100045,100,99882,100
2019-06-28 09:36:41.882879426,99980,296,99943,196,99987,196,99942,196,99997,196,99934,196,99998,196,99928,196,100000,100,99922,100,100011,100,99914,100,100026,100,99895,100,100030,100,99892,100,100038,100,99888,100,100045,100,99882,100
2019-06-28 09:36:50.000000000,99980,392,99943,292,99987,292,99942,292,99997,100,99934,100,99998,100,99928,100,100000,100,99922,100,100011,100,99914,100,100026,100,99895,100,100030,100,99892,100,100038,100,99888,100,100045,100,99882,100
2019-06-28 09:37:00.000000000,99980,277,99943,177,99987,177,99942,177,99997,177,99934,177,99998,177,99928,177,100000,177,99922,177,100011,100,99914,100,100026,100,99895,100,100030,100,99892,100,100038,100,99888,100,100045,100,99882,100
2019-06-28 09:37:10.000000000,99980,331,99943,231,99987,227,99942,227,99997,227,99934,227,99998,100,99928,100,100000,100,99922,100,100011,100,99914,100,100026,100,99895,100,100030,100,99892,100,100038,100,99888,100,100045,100,99882,100
2019-06-28 09:37:16.117713888,99980,331,99943,231,99987,227,99942,227,99997,227,99934,227,99998,100,99928,100,100000,100,99922,100,100011,100,99895,100,100026,100,99892,100,100030,100,99888,100,100038,100,99882,100,100045,100,99867,100
2019-06-28 09:37:19.648174842,99975,100,99943,231,99980,231,99942,227,99987,227,99934,227,99997,227,99928,100,99998,100,99922,100,100000,100,99895,100,100011,100,99892,100,100026,100,99888,100,100030,100,99882,100,100038,100,99867,100
2019-06-28 09:37:20.000000000,99975,484,99943,484,99980,100,99942,100,99987,100,99934,100,99997,100,99928,100,99998,100,99922,100,100000,100,99895,100,100011,100,99892,100,100026,100,99888,100,100030,100,99882,100,100038,100,99867,100
2019-06-28 09:37:28.447440377,99975,484,99943,484,99980,100,99942,100,99987,100,99934,100,99997,100,99928,100,99998,100,99922,100,100000,100,99895,100,100011,100,99892,100,100026,100,99888,100,100030,100,99882,100,100038,100,99867,100
2019-06-28 09:37:29.260457564,99975,484,99943,384,99980,100,99942,100,99987,100,99934,100,99997,100,99928,100,99998,100,99922,100,100011,100,99895,100,100026,100,99892,100,100030,100,99888,100,100038,100,99882,100,100045,100,99867,100
2019-06-28 09:37:29.373037599,99975,484,99943,284,99980,100,99942,100,99987,100,99934,100,99997,100,99928,100,99998,100,99895,100,100011,100,99892,100,100026,100,99888,100,100030,100,99882,100,100038,100,99867,100,100045,100,99857,100
2019-06-28 09:37:30.000000000,99975,196,99942,196,99980,196,99934,196,99987,196,99928,196,99997,196,99895,196,99998,100,99892,100,100011,100,99888,100,100026,100,99882,100,100030,100,99867,100,100038,100,99857,100,100045,100,99773,100
2019-06-28 09:37:32.552998750,99975,196,99942,96,99980,196,99934,196,99987,196,99928,196,99997,196,99895,196,99998,100,99892,100,100011,100,99888,100,100026,100,99882,100,100030,100,99867,100,100038,100,99857,100,100045,100,99773,100
2019-06-28 09:37:40.000000000,99975,231,99934,231,99980,227,99928,227,99987,227,99895,227,99997,100,99892,100,99998,100,99888,100,100011,100,99882,100,100026,100,99867,100,100030,100,99857,100,100038,100,99773,100,100045,100,99665,100
2019-06-28 09:37:45.998276185,99943,100,99934,131,99975,231,99928,227,99980,227,99895,227,99987,227,99892,100,99997,100,99888,100,99998,100,99882,100,100011,100,99867,100,100026,100,99857,100,100030,100,99773,100,100038,100,99665,100
2019-06-28 09:37:48.000560712,99943,200,99934,131,99975,231,99928,227,99980,227,99895,227,99987,227,99892,100,99997,100,99888,100,99998,100,99882,100,100011,100,99867,100,100026,100,99857,100,100030,100,99773,100,100038,100,99665,100
2019-06-28 09:37:50.000000000,99943,277,99928,177,99975,177,99895,177,99980,177,99892,177,99987,177,99888,177,99997,177,99882,177,99998,100,99867,100,100011,100,99857,100,100026,100,99773,100,100030,100,99665,100,100038,100,99530,100
2019-06-28 09:38:00.000000000,99943,296,99928,196,99975,196,99895,196,99980,196,99892,196,99987,196,99888,196,99997,100,99882,100,99998,100,99867,100,100011,100,99857,100,100026,100,99773,100,100030,100,99665,100,100038,100,99530,100
2019-06-28 09:38:03.768793713,99943,296,99928,96,99975,196,99895,196,99980,196,99892,196,99987,196,99888,196,99997,100,99882,100,99998,100,99867,100,100011,100,99857,100,100026,100,99773,100,100030,100,99665,100,100045,100,99530,100
2019-06-28 09:38:04.030408231,99942,100,99928,96,99943,296,99895,196,99975,196,99892,196,99980,196,99888,196,99987,196,99882,100,99997,100,99867,100,99998,100,99857,100,100011,100,99773,100,100026,100,99665,100,100030,100,99530,100
2019-06-28 09:38:10.000000000,99942,177,99895,177,99943,277,99892,177,99975,177,99888,177,99980,177,99882,177,99987,177,99867,177,99997,100,99857,100,99998,100,99773,100,100011,100,99665,100,100026,100,99530,100,100030,100,99494,100
2019-06-28 09:38:20.000000000,99942,484,99895,484,99943,200,99892,100,99975,100,99888,100,99980,100,99882,100,99987,100,99867,100,99997,100,99857,100,99998,100,99773,100,100011,100,99665,100,100026,100,99530,100,100030,100,99494,100
2019-06-28 09:38:30.000000000,99942,484,99895,484,99943,200,99892,100,99975,100,99888,100,99980,100,99882,100,99987,100,99867,100,99997,100,99857,100,99998,100,99773,100,100011,100,99665,100,100026,100,99530,100,100030,100,99494,100
2019-06-28 09:38:40.000000000,99942,231,99895,231,99943,327,99892,227,99975,227,99888,227,99980,100,99882,100,99987,100,99867,100,99997,100,99857,100,99998,100,99773,100,100011,100,99665,100,100026,100,99530,100,100030,100,99494,100
2019-06-28 09:38:45.764775401,99942,231,99895,231,99943,327,99892,227,99975,227,99888,227,99980,100,99882,100,99987,100,99867,100,99997,100,99857,100,99998,100,99665,100,100011,100,99530,100,100026,100,99494,100,100030,100,99195,100
2019-06-28 09:38:50.000000000,99942,484,99895,484,99943,200,99892,100,99975,100,99888,100,99980,100,99882,100,99987,100,99867,100,99997,100,99857,100,99998,100,99665,100,100011,100,99530,100,100026,100,99494,100,100030,100,99195,100
2019-06-28 09:38:58.931926800,99942,484,99895,484,99943,200,99892,100,99975,100,99888,100,99980,100,99882,100,99987,100,99867,100,99997,100,99857,100,99998,100,99665,100,100011,100,99530,100,100026,100,99494,100,100030,100,99195,100
2019-06-28 09:39:00.000000000,99942,196,99895,196,99943,296,99892,196,99975,196,99888,196,99980,196,99882,196,99987,100,99867,100,99997,100,99857,100,99998,100,99665,100,100011,100,99530,100,100026,100,99494,100,100030,100,99195,100
2019-06-28 09:39:08.069478532,99942,196,99895,96,99943,296,99892,196,99975,196,99888,196,99980,196,99882,196,99987,100,99867,100,99997,100,99857,100,99998,100,99665,100,100011,100,99530,100,100026,100,99494,100,100030,100,99195,100
2019-06-28 09:39:10.000000000,99942,231,99892,231,99943,327,99888,227,99975,227,99882,227,99980,100,99867,100,99987,100,99857,100,99997,100,99665,100,99998,100,99530,100,100011,100,99494,100,100026,100,99195,100,100030,100,99112,100
2019-06-28 09:39:16.595942923,99942,231,99892,131,99943,327,99888,227,99975,227,99882,227,99980,100,99867,100,99987,100,99857,100,99997,100,99665,100,99998,100,99530,100,100011,100,99494,100,100026,100,99195,100,100030,100,99112,100
2019-06-28 09:39:20.000000000,99942,177,99888,177,99943,277,99882,177,99975,177,99867,177,99980,177,99857,177,99987,177,99665,177,99997,100,99530,100,99998,100,99494,100,100011,100,99195,100,100026,100,99112,100,100030,100,98957,100
2019-06-28 09:39:20.426581915,99942,177,99888,77,99943,277,99882,177,99975,177,99867,177,99980,177,99857,177,99987,177,99665,177,99997,100,99530,100,99998,100,99494,100,100011,100,99195,100,100026,100,99112,100,100030,100,98957,100
2019-06-28 09:39:21.375708975,99942,177,99888,77,99943,277,99882,177,99975,177,99867,177,99980,177,99857,177,99987,177,99665,177,99997,100,99530,100,99998,100,99494,100,100011,100,99195,100,100026,100,99112,100,100030,100,98957,100
2019-06-28 09:39:30.000000000,99942,231,99882,231,99943,327,99867,227,99975,227,99857,227,99980,100,99665,100,99987,100,99530,100,99997,100,99494,100,99998,100,99195,100,100011,100,99112,100,100026,100,98957,100,100030,100,98932,100
2019-06-28 09:39:35.321964260,99942,231,99882,231,99943,327,99867,227,99975,227,99857,227,99980,100,99665,100,99987,100,99530,100,99997,100,99494,100,99998,100,99195,100,100011,100,99112,100,100026,100,98957,200,100030,100,98932,100
2019-06-28 09:39:40.000000000,99942,177,99882,177,99943,277,99867,177,99975,177,99857,177,99980,177,99665,177,99987,177,99530,177,99997,100,99494,100,99998,100,99195,100,100011,100,99112,100,100026,100,98957,200,100030,100,98932,100
2019-06-28 09:39:49.412244537,99942,177,99882,177,99943,277,99867,177,99975,177,99857,177,99980,177,99665,177,99987,177,99530,177,99997,100,99494,100,99998,100,99195,100,100011,100,99159,100,100026,100,99112,100,100030,100,98957,200
2019-06-28 09:39:50.000000000,99942,231,99882,231,99943,327,99867,227,99975,227,99857,227,99980,100,99665,100,99987,100,99530,100,99997,100,99494,100,99998,100,99195,100,100011,100,99159,100,100026,100,99112,100,100030,100,98957,200
2019-06-28 09:39:51.536320377,99942,231,99882,231,99943,327,99867,227,99975,227,99857,227,99980,100,99665,100,99987,100,99530,100,99997,100,99494,100,99998,100,99159,100,100011,100,99133,100,100026,100,99112,100,100030,100,98957,200
2019-06-28 09:39:51.707717970,99892,100,99882,231,99942,231,99867,227,99943,327,99857,227,99975,227,99665,100,99980,100,99530,100,99987,100,99494,100,99997,100,99159,100,99998,100,99133,100,100011,100,99112,100,100026,100,98957,200
2019-06-28 09:39:58.960775557,99892,100,99882,231,99942,231,99867,227,99943,327,99857,227,99975,227,99665,100,99980,100,99530,100,99987,100,99494,100,99998,100,99159,100,100011,100,99133,100,100026,100,99112,100,100030,100,98957,200
2019-06-28 09:40:00.000000000,99892,231,99882,231,99942,227,99867,227,99943,327,99857,227,99975,100,99665,100,99980,100,99530,100,99987,100,99494,100,99998,100,99159,100,100011,100,99133,100,100026,100,99112,100,100030,100,98957,200
2019-06-28 09:40:10.000000000,99892,292,99882,292,99942,292,99867,292,99943,200,99857,100,99975,100,99665,100,99980,100,99530,100,99987,100,99494,100,99998,100,99159,100,100011,100,99133,100,100026,100,99112,100,100030,100,98957,200
2019-06-28 09:40:20.000000000,99892,292,99882,292,99942,292,99867,292,99943,200,99857,100,99975,100,99665,100,99980,100,99530,100,99987,100,99494,100,99998,100,99159,100,100011,100,99133,100,100026,100,99112,100,100030,100,98957,200
2019-06-28 09:40:30.000000000,99892,177,99882,177,99942,177,99867,177,99943,277,99857,177,99975,177,99665,177,99980,177,99530,177,99987,100,99494,100,99998,100,99159,100,100011,100,99133,100,100026,100,99112,100,100030,100,98957,200
2019-06-28 09:40:40.000000000,99892,196,99882,196,99942,196,99867,196,99943,296,99857,196,99975,196,99665,196,99980,100,99530,100,99987,100,99494,100,99998,100,99159,100,100011,100,99133,100,100026,100,99112,100,100030,100,98957,200
2019-06-28 09:40:50.000000000,99892,292,99882,292,99942,292,99867,292,99943,200,99857,100,99975,100,99665,100,99980,100,99530,100,99987,100,99494,100,99998,100,99159,100,100011,100,99133,100,100026,100,99112,100,100030,100,98957,200
2019-06-28 09:41:00.000000000,99892,231,99882,231,99942,227,99867,227,99943,327,99857,227,99975,100,99665,100,99980,100,99530,100,99987,100,99494,100,99998,100,99159,100,100011,100,99133,100,100026,100,99112,100,100030,100,98957,200
2019-06-28 09:41:00.897778184,99892,231,99882,131,99942,227,99867,227,99943,327,99857,227,99975,100,99665,100,99980,100,99494,100,99987,100,99159,100,99998,100,99133,100,100011,100,99112,100,100026,100,98957,200,100030,100,98932,100
2019-06-28 09:41:03.609406031,99892,231,99882,31,99942,227,99867,227,99943,327,99857,227,99975,100,99494,100,99980,100,99159,100,99987,100,99133,100,99998,100,99112,100,100011,100,98957,200,100026,100,98932,100,100030,100,,
2019-06-28 09:41:10.000000000,99892,231,99867,231,99942,227,99857,227,99943,327,99494,227,99975,100,99159,100,99980,100,99133,100,99987,100,99112,100,99998,100,98957,200,100011,100,98932,100,100026,100,,,100030,100,,
2019-06-28 09:41:14.745215436,99892,231,99867,231,99942,227,99857,227,99943,327,99494,227,99975,100,99159,100,99980,100,99133,100,99987,100,99112,100,99998,100,98957,200,100011,100,98932,100,100026,100,98497,100,100030,100,,
2019-06-28 09:41:20.000000000,99892,196,99867,196,99942,196,99857,196,99943,296,99494,196,99975,196,99159,196,99980,100,99133,100,99987,100,99112,100,99998,100,98957,200,100011,100,98932,100,100026,100,98497,100,100030,100,,
2019-06-28 09:41:22.566516589,99882,100,99867,196,99892,196,99857,196,99942,196,99494,196,99943,296,99159,196,99975,196,99133,100,99980,100,99112,100,99987,100,98957,200,99998,100,98932,100,100011,100,98497,100,100030,100,,
2019-06-28 09:41:30.000000000,99882,196,99867,196,99892,196,99857,196,99942,196,99494,196,99943,296,99159,196,99975,100,99133,100,99980,100,99112,100,99987,100,98957,200,99998,100,98932,100,100011,100,98497,100,100030,100,,
2019-06-28 09:41:32.122048910,99882,196,99867,196,99892,196,99857,196,99942,196,99494,196,99943,296,99159,196,99975,100,99133,100,99980,100,99112,100,99987,100,98957,200,99998,100,98932,100,100011,100,98927,100,100030,100,98497,100
2019-06-28 09:41:35.777762252,99882,196,99867,96,99892,196,99857,196,99942,196,99494,196,99943,296,99159,196,99975,100,99133,100,99980,100,99112,100,99987,100,98957,200,99998,100,98932,100,100011,100,98927,100,100030,100,98497,100
2019-06-28 09:41:40.000000000,99882,484,99857,484,99892,100,99494,100,99942,100,99159,100,99943,200,99133,100,99975,100,99112,100,99980,100,98957,200,99987,100,98932,100,99998,100,98927,100,100011,100,98497,100,100030,100,,
2019-06-28 09:41:49.908305079,99882,484,99857,384,99892,100,99494,100,99942,100,99159,100,99943,200,99133,100,99975,100,99112,100,99980,100,98957,200,99987,100,98932,100,99998,100,98927,100,100011,100,98497,100,100030,100,,
2019-06-28 09:41:50.000000000,99882,177,99494,177,99892,177,99159,177,99942,177,99133,177,99943,277,99112,177,99975,177,98957,277,99980,100,98932,100,99987,100,98927,100,99998,100,98497,100,100011,100,,,100030,100,,
2019-06-28 09:42:00.000000000,99882,196,99494,196,99892,196,99159,196,99942,196,99133,196,99943,296,99112,196,99975,100,98957,200,99980,100,98932,100,99987,100,98927,100,99998,100,98497,100,100011,100,,,100030,100,,
2019-06-28 09:42:10.000000000,99882,484,99494,484,99892,100,99159,100,99942,100,99133,100,99943,200,99112,100,99975,100,98957,200,99980,100,98932,100,99987,100,98927,100,99998,100,98497,100,100011,100,,,100030,100,,
2019-06-28 09:42:20.000000000,99882,177,99494,177,99892,177,99159,177,99942,177,99133,177,99943,277,99112,177,99975,177,98957,277,99980,100,98932,100,99987,100,98927,100,99998,100,98497,100,100011,100,,,100030,100,,
2019-06-28 09:42:24.266731637,99867,100,99494,177,99882,177,99159,177,99892,177,99133,177,99942,177,99112,177,99943,277,98957,277,99975,177,98932,100,99980,100,98927,100,99987,100,98497,100,99998,100,,,100011,100,,
2019-06-28 09:42:26.405233005,99867,100,99494,177,99882,177,99159,177,99892,177,99133,177,99942,177,99112,177,99943,277,98996,100,99975,177,98957,277,99980,100,98932,100,99987,100,98927,100,99998,100,98497,100,100011,100,,
2019-06-28 09:42:30.000000000,99867,484,99494,484,99882,100,99159,100,99892,100,99133,100,99942,100,99112,100,99943,200,98996,100,99975,100,98957,200,99980,100,98932,100,99987,100,98927,100,99998,100,98497,100,100011,100,,
2019-06-28 09:42:37.285166213,99867,484,99494,484,99882,100,99237,100,99892,100,99159,100,99942,100,99133,100,99943,200,99112,100,99975,100,98996,100,99980,100,98957,200,99987,100,98932,100,99998,100,98927,100,100011,100,98497,100
2019-06-28 09:42:40.000000000,99867,177,99494,177,99882,177,99237,177,99892,177,99159,177,99942,177,99133,177,99943,277,99112,177,99975,100,98996,100,99980,100,98957,200,99987,100,98932,100,99998,100,98927,100,100011,100,98497,100
2019-06-28 09:42:40.378482480,99867,177,99494,177,99882,177,99237,177,99892,177,99159,177,99942,177,99133,177,99943,277,99112,177,99975,100,99069,100,99980,100,98996,100,99987,100,98957,200,99998,100,98932,100,100011,100,98927,100
2019-06-28 09:42:50.000000000,99867,292,99494,292,99882,292,99237,292,99892,100,99159,100,99942,100,99133,100,99943,200,99112,100,99975,100,99069,100,99980,100,98996,100,99987,100,98957,200,99998,100,98932,100,100011,100,98927,100
2019-06-28 09:42:56.051340007,99867,292,99494,292,99882,292,99237,292,99892,100,99159,100,99942,100,99133,100,99943,200,99112,100,99975,100,99069,100,99980,100,98996,100,99987,100,98957,200,99998,100,98932,100,100011,100,98927,100
2019-06-28 09:43:00.000000000,99867,292,99494,292,99882,292,99237,292,99892,100,99159,100,99942,100,99133,100,99943,200,99112,100,99975,100,99069,100,99980,100,98996,100,99987,100,98957,200,99998,100,98932,100,100011,100,98927,100
2019-06-28 09:43:02.418936754,99867,292,99494,292,99882,292,99237,292,99892,100,99159,100,99942,100,99133,100,99943,200,99112,100,99975,100,99069,100,99980,100,98996,100,99987,100,98957,200,99998,100,98932,100,100011,100,98927,200
2019-06-28 09:43:09.696332682,99867,292,99494,292,99882,292,99237,192,99892,100,99159,100,99942,100,99133,100,99943,200,99112,100,99975,100,99069,100,99980,100,98996,100,99987,100,98957,200,99998,100,98932,100,100011,100,98927,200
2019-06-28 09:43:10.000000000,99867,484,99494,484,99882,100,99159,100,99892,100,99133,100,99942,100,99112,100,99943,200,99069,100,99975,100,98996,100,99980,100,98957,200,99987,100,98932,100,99998,100,98927,200,100011,100,98787,100
2019-06-28 09:43:17.675946755,99867,484,99494,484,99882,100,99159,100,99892,100,99133,100,99942,100,99112,100,99943,200,99089,100,99975,100,99069,100,99980,100,98996,100,99987,100,98957,200,99998,100,98932,100,100011,100,98927,200
2019-06-28 09:43:20.000000000,99867,177,99494,177,99882,177,99159,177,99892,177,99133,177,99942,177,99112,177,99943,277,99089,177,99975,100,99069,100,99980,100,98996,100,99987,100,98957,200,99998,100,98932,100,100011,100,98927,200
2019-06-28 09:43:30.000000000,99867,484,99494,484,99882,100,99159,100,99892,100,99133,100,99942,100,99112,100,99943,200,99089,100,99975,100,99069,100,99980,100,98996,100,99987,100,98957,200,99998,100,98932,100,100011,100,98927,200
2019-06-28 09:43:40.000000000,99867,177,99494,177,99882,177,99159,177,99892,177,99133,177,99942,177,99112,177,99943,277,99089,177,99975,100,99069,100,99980,100,98996,100,99987,100,98957,200,99998,100,98932,100,100011,100,98927,200
2019-06-28 09:43:50.000000000,99867,196,99494,196,99882,196,99159,196,99892,196,99133,196,99942,196,99112,196,99943,200,99089,100,99975,100,99069,100,99980,100,98996,100,99987,100,98957,200,99998,100,98932,100,100011,100,98927,200
2019-06-28 09:43:54.315209302,99867,196,99494,196,99882,196,99308,100,99892,196,99159,196,99942,196,99133,196,99943,200,99112,196,99975,100,99089,100,99980,100,99069,100,99987,100,98996,100,99998,100,98957,200,100011,100,98932,100
2019-06-28 09:44:00.000000000,99867,196,99494,196,99882,196,99308,196,99892,196,99159,196,99942,196,99133,196,99943,200,99112,100,99975,100,99089,100,99980,100,99069,100,99987,100,98996,100,99998,100,98957,200,100011,100,98932,100
2019-06-28 09:44:10.000000000,99867,177,99494,177,99882,177,99308,177,99892,177,99159,177,99942,177,99133,177,99943,277,99112,177,99975,100,99089,100,99980,100,99069,100,99987,100,98996,100,99998,100,98957,200,100011,100,98932,100
2019-06-28 09:44:11.823937132,99867,177,99494,77,99882,177,99308,177,99892,177,99159,177,99942,177,99133,177,99943,277,99112,77,99975,100,99089,100,99980,100,99069,100,99987,100,98996,100,99998,100,98957,200,100011,100,98932,100
2019-06-28 09:44:20.000000000,99867,292,99308,292,99882,292,99159,292,99892,100,99133,100,99942,100,99089,100,99943,200,99069,100,99975,100,98996,100,99980,100,98957,200,99987,100,98932,100,99998,100,98927,200,100011,100,98787,100
2019-06-28 09:44:30.000000000,99867,484,99308,484,99882,100,99159,100,99892,100,99133,100,99942,100,99089,100,99943,200,99069,100,99975,100,98996,100,99980,100,98957,200,99987,100,98932,100,99998,100,98927,200,100011,100,98787,100
2019-06-28 09:44:36.424660445,99867,484,99308,484,99882,100,99159,100,99892,100,99133,100,99942,100,99089,100,99943,200,99069,100,99975,100,98996,100,99980,100,98957,200,99987,100,98932,100,99998,100,98927,200,100011,100,98787,100
2019-06-28 09:44:40.000000000,99867,196,99308,196,99882,196,99159,196,99892,196,99133,196,99942,196,99089,196,99943,200,99069,100,99975,100,98996,100,99980,100,98957,200,99987,100,98932,100,99998,100,98927,200,100011,100,98787,100
2019-06-28 09:44:50.000000000,99867,292,99308,292,99882,292,99159,292,99892,100,99133,100,99942,100,99089,100,99943,200,99069,100,99975,100,98996,100,99980,100,98957,200,99987,100,98932,100,99998,100,98927,200,100011,100,98787,100
2019-06-28 09:44:51.686650880,99867,292,99308,192,99882,292,99159,292,99892,100,99133,100,99942,100,99089,100,99943,200,99069,100,99975,100,98996,100,99980,100,98957,200,99987,100,98932,100,99998,100,98927,200,100011,100,98787,100
2019-06-28 09:44:58.760692139,99867,292,99308,92,99882,292,99159,292,99892,100,99133,100,99942,100,99089,100,99943,200,99069,100,99975,100,98957,200,99980,100,98932,100,99987,100,98927,200,99998,100,98787,100,100011,100,98767,100
2019-06-28 09:45:00.000000000,99867,484,99159,484,99882,100,99133,100,99892,100,99089,100,99942,100,99069,100,99943,200,98957,200,99975,100,98932,100,99980,100,98927,200,99987,100,98787,100,99998,100,98767,100,100011,100,98586,100
2019-06-28 09:45:10.000000000,99867,196,99159,196,99882,196,99133,196,99892,196,99089,196,99942,196,99069,196,99943,200,98957,200,99975,100,98932,100,99980,100,98927,200,99987,100,98787,100,99998,100,98767,100,100011,100,98586,100
2019-06-28 09:45:20.000000000,99867,177,99159,177,99882,177,99133,177,99892,177,99089,177,99942,177,99069,177,99943,277,98957,277,99975,100,98932,100,99980,100,98927,200,99987,100,98787,100,99998,100,98767,100,100011,100,98586,100
2019-06-28 09:45:30.000000000,99867,196,99159,196,99882,196,99133,196,99892,196,99089,196,99942,196,99069,196,99943,200,98957,200,99975,100,98932,100,99980,100,98927,200,99987,100,98787,100,99998,100,98767,100,100011,100,98586,100
2019-06-28 09:45:31.909599101,99867,196,99159,196,99882,196,99133,196,99892,196,99089,196,99942,196,99069,196,99943,200,98957,200,99975,100,98932,100,99980,100,98927,200,99987,100,98834,100,99998,100,98787,100,100011,100,98767,100
2019-06-28 09:45:40.000000000,99867,196,99159,196,99882,196,99133,196,99892,196,99089,196,99942,196,99069,196,99943,200,98957,200,99975,100,98932,100,99980,100,98927,200,99987,100,98834,100,99998,100,98787,100,100011,100,98767,100
2019-06-28 09:45:43.906330295,99867,196,99159,96,99882,196,99133,196,99892,196,99089,196,99942,196,99069,196,99943,200,98957,200,99975,100,98932,100,99980,100,98927,200,99987,100,98834,100,99998,100,98787,100,100011,100,98767,100
2019-06-28 09:45:50.000000000,99867,231,99133,231,99882,227,99089,227,99892,227,99069,227,99942,100,98957,200,99943,200,98932,100,99975,100,98927,200,99980,100,98834,100,99987,100,98787,100,99998,100,98767,100,100011,100,98586,100
2019-06-28 09:45:56.375961080,99310,100,99133,231,99867,231,99089,227,99882,227,99069,227,99892,227,98957,200,99942,100,98932,100,99943,200,98927,200,99975,100,98834,100,99980,100,98787,100,99987,100,98767,100,99998,100,98586,100
2019-06-28 09:46:00.000000000,99310,231,99133,231,99867,227,99089,227,99882,227,99069,227,99892,100,98957,200,99942,100,98932,100,99943,200,98927,200,99975,100,98834,100,99980,100,98787,100,99987,100,98767,100,99998,100,98586,100
2019-06-28 09:46:10.000000000,99310,484,99133,484,99867,100,99089,100,99882,100,99069,100,99892,100,98957,200,99942,100,98932,100,99943,200,98927,200,99975,100,98834,100,99980,100,98787,100,99987,100,98767,100,99998,100,98586,100
2019-06-28 09:46:20.000000000,99310,177,99133,177,99867,177,99089,177,99882,177,99069,177,99892,177,98957,277,99942,177,98932,177,99943,200,98927,200,99975,100,98834,100,99980,100,98787,100,99987,100,98767,100,99998,100,98586,100
2019-06-28 09:46:30.000000000,99310,196,99133,196,99867,196,99089,196,99882,196,99069,196,99892,196,98957,296,99942,100,98932,100,99943,200,98927,200,99975,100,98834,100,99980,100,98787,100,99987,100,98767,100,99998,100,98586,100
2019-06-28 09:46:30.271198916,99310,196,99133,196,99418,100,99089,196,99867,196,99069,196,99882,196,98957,296,99892,196,98932,100,99942,100,98927,200,99943,200,98834,100,99975,100,98787,100,99980,100,98767,100,99987,100,98586,100
2019-06-28 09:46:32.420609540,99310,196,99133,196,99418,100,99089,196,99523,100,99069,196,99867,196,98957,296,99882,196,98932,100,99892,196,98927,200,99942,100,98834,100,99943,200,98787,100,99975,100,98767,100,99980,100,98586,100
2019-06-28 09:46:40.000000000,99310,484,99133,484,99418,100,99089,100,99523,100,99069,100,99867,100,98957,200,99882,100,98932,100,99892,100,98927,200,99942,100,98834,100,99943,200,98787,100,99975,100,98767,100,99980,100,98586,100
2019-06-28 09:46:46.772180008,99310,484,99278,100,99418,100,99133,484,99523,100,99089,100,99867,100,99069,100,99882,100,98957,200,99892,100,98932,100,99942,100,98927,200,99943,200,98834,100,99975,100,98787,100,99980,100,98767,100
2019-06-28 09:46:48.862644914,99310,484,99278,100,99418,100,99225,100,99523,100,99133,484,99867,100,99089,100,99882,100,99069,100,99892,100,98957,200,99942,100,98932,100,99943,200,98927,200,99975,100,98834,100,99980,100,98787,100
2019-06-28 09:46:50.000000000,99310,484,99278,484,99418,100,99225,100,99523,100,99133,100,99867,100,99089,100,99882,100,99069,100,99892,100,98957,200,99942,100,98932,100,99943,200,98927,200,99975,100,98834,100,99980,100,98787,100
2019-06-28 09:46:53.686824016,99310,484,99278,484,99418,100,99225,100,99523,100,99133,100,99867,100,99089,100,99882,100,99069,100,99942,100,98957,200,99943,200,98932,100,99975,100,98927,200,99980,100,98834,100,99998,100,98787,100
2019-06-28 09:47:00.000000000,99310,231,99278,231,99418,227,99225,227,99523,227,99133,227,99867,100,99089,100,99882,100,99069,100,99942,100,98957,200,99943,200,98932,100,99975,100,98927,200,99980,100,98834,100,99998,100,98787,100
2019-06-28 09:47:10.000000000,99310,292,99278,292,99418,292,99225,292,99523,100,99133,100,99867,100,99089,100,99882,100,99069,100,99942,100,98957,200,99943,200,98932,100,99975,100,98927,200,99980,100,98834,100,99998,100,98787,100
2019-06-28 09:47:20.000000000,99310,292,99278,292,99418,292,99225,292,99523,100,99133,100,99867,100,99089,100,99882,100,99069,100,99942,100,98957,200,99943,200,98932,100,99975,100,98927,200,99980,100,98834,100,99998,100,98787,100
2019-06-28 09:47:20.689624495,99310,192,99278,292,99418,292,99225,292,99523,100,99133,100,99867,100,99089,100,99882,100,99069,100,99942,100,98957,200,99943,200,98932,100,99975,100,98927,200,99980,100,98834,100,99998,100,98787,100
2019-06-28 09:47:30.000000000,99418,231,99278,231,99523,227,99225,227,99867,227,99133,227,99882,100,99089,100,99942,100,99069,100,99943,200,98957,200,99975,100,98932,100,99980,100,98927,200,99998,100,98834,100,100011,100,98787,100
2019-06-28 09:47:40.000000000,99418,231,99278,231,99523,227,99225,227,99867,227,99133,227,99882,100,99089,100,99942,100,99069,100,99943,200,98957,200,99975,100,98932,100,99980,100,98927,200,99998,100,98834,100,100011,100,98787,100
2019-06-28 09:47:45.206862477,99418,231,99278,231,99523,227,99225,227,99867,227,99133,227,99882,100,99089,100,99943,200,99069,100,99975,100,98957,200,99980,100,98932,100,99998,100,98927,200,100011,100,98834,100,100030,100,98787,100
2019-06-28 09:47:50.000000000,99418,484,99278,484,99523,100,99225,100,99867,100,99133,100,99882,100,99089,100,99943,200,99069,100,99975,100,98957,200,99980,100,98932,100,99998,100,98927,200,100011,100,98834,100,100030,100,98787,100
2019-06-28 09:48:00.000000000,99418,292,99278,292,99523,292,99225,292,99867,100,99133,100,99882,100,99089,100,99943,200,99069,100,99975,100,98957,200,99980,100,98932,100,99998,100,98927,200,100011,100,98834,100,100030,100,98787,100
2019-06-28 09:48:10.000000000,99418,292,99278,292,99523,292,99225,292,99867,100,99133,100,99882,100,99089,100,99943,200,99069,100,99975,100,98957,200,99980,100,98932,100,99998,100,98927,200,100011,100,98834,100,100030,100,98787,100
2019-06-28 09:48:20.000000000,99418,196,99278,196,99523,196,99225,196,99867,196,99133,196,99882,196,99089,196,99943,200,99069,100,99975,100,98957,200,99980,100,98932,100,99998,100,98927,200,100011,100,98834,100,100030,100,98787,100
2019-06-28 09:48:30.000000000,99418,231,99278,231,99523,227,99225,227,99867,227,99133,227,99882,100,99089,100,99943,200,99069,100,99975,100,98957,200,99980,100,98932,100,99998,100,98927,200,100011,100,98834,100,100030,100,98787,100
2019-06-28 09:48:36.186647128,99418,131,99278,231,99523,227,99225,227,99867,227,99133,227,99882,100,99089,100,99943,200,99069,100,99975,100,98957,200,99980,100,98932,100,99998,100,98927,200,100011,100,98834,100,100030,100,98787,100
2019-06-28 09:48:38.877319164,99418,131,99310,100,99523,227,99278,231,99867,227,99225,227,99882,100,99133,227,99943,200,99089,100,99975,100,99069,100,99980,100,98957,200,99998,100,98932,100,100011,100,98927,200,100030,100,98834,100
2019-06-28 09:48:40.000000000,99523,292,99310,292,99867,292,99278,292,99882,100,99225,100,99943,200,99133,100,99975,100,99089,100,99980,100,99069,100,99998,100,98957,200,100011,100,98932,100,100030,100,98927,200,100046,100,98834,100
2019-06-28 09:48:50.000000000,99523,231,99310,231,99867,227,99278,227,99882,227,99225,227,99943,200,99133,100,99975,100,99089,100,99980,100,99069,100,99998,100,98957,200,100011,100,98932,100,100030,100,98927,200,100046,100,98834,100
2019-06-28 09:48:51.984922208,99523,231,99310,231,99867,127,99278,227,99882,227,99225,227,99943,200,99133,100,99975,100,99089,100,99980,100,99069,100,99998,100,98957,200,100011,100,98932,100,100030,100,98927,200,100046,100,98834,100
2019-06-28 09:49:00.000000000,99523,177,99310,177,99882,177,99278,177,99943,277,99225,177,99975,177,99133,177,99980,177,99089,177,99998,100,99069,100,100011,100,98957,200,100030,100,98932,100,100046,100,98927,200,100068,100,98834,100
2019-06-28 09:49:10.000000000,99523,231,99310,231,99882,227,99278,227,99943,327,99225,227,99975,100,99133,100,99980,100,99089,100,99998,100,99069,100,100011,100,98957,200,100030,100,98932,100,100046,100,98927,200,100068,100,98834,100
2019-06-28 09:49:11.385659915,99523,231,99310,231,99882,227,99278,227,99943,327,99225,227,99975,100,99133,100,99980,100,99089,100,99998,100,99069,100,100011,100,98957,200,100030,100,98932,100,100046,100,98927,200,100068,100,98834,100
2019-06-28 09:49:20.000000000,99523,177,99310,177,99882,177,99278,177,99943,277,99225,177,99975,177,99133,177,99980,177,99089,177,99998,100,99069,100,100011,100,98957,200,100030,100,98932,100,100046,100,98927,200,100068,100,98834,100
2019-06-28 09:49:30.000000000,99523,292,99310,292,99882,292,99278,292,99943,200,99225,100,99975,100,99133,100,99980,100,99089,100,99998,100,99069,100,100011,100,98957,200,100030,100,98932,100,100046,100,98927,200,100068,100,98834,100
2019-06-28 09:49:31.910735732,99523,192,99310,292,99882,292,99278,292,99943,200,99225,100,99975,100,99133,100,99980,100,99089,100,99998,100,99069,100,100011,100,98957,200,100030,100,98927,200,100046,100,98834,100,100068,100,98787,100
2019-06-28 09:49:40.000000000,99882,231,99310,231,99943,327,99278,227,99975,227,99225,227,99980,100,99133,100,99998,100,99089,100,100011,100,99069,100,100030,100,98957,200,100046,100,98927,200,100068,100,98834,100,100097,100,98787,100
2019-06-28 09:49:50.000000000,99882,177,99310,177,99943,277,99278,177,99975,177,99225,177,99980,177,99133,177,99998,177,99089,177,100011,100,99069,100,100030,100,98957,200,100046,100,98927,200,100068,100,98834,100,100097,100,98787,100
2019-06-28 09:49:50.798741407,99882,177,99310,177,99943,177,99278,177,99975,177,99225,177,99980,177,99133,177,99998,177,99089,177,100011,100,99069,100,100030,100,98957,200,100046,100,98927,200,100068,100,98834,100,100097,100,98787,100
2019-06-28 09:50:00.000000000,99882,196,99310,196,99943,196,99278,196,99975,196,99225,196,99980,196,99133,196,99998,100,99089,100,100011,100,99069,100,100030,100,98957,200,100046,100,98927,200,100068,100,98834,100,100097,100,98787,100
2019-06-28 09:50:10.000000000,99882,231,99310,231,99943,227,99278,227,99975,227,99225,227,99980,100,99133,100,99998,100,99089,100,100011,100,99069,100,100030,100,98957,200,100046,100,98927,200,100068,100,98834,100,100097,100,98787,100
2019-06-28 09:50:20.000000000,99882,484,99310,484,99943,100,99278,100,99975,100,99225,100,99980,100,99133,100,99998,100,99089,100,100011,100,99069,100,100030,100,98957,200,100046,100,98927,200,100068,100,98834,100,100097,100,98787,100
2019-06-28 09:50:30.000000000,99882,292,99310,292,99943,292,99278,292,99975,100,99225,100,99980,100,99133,100,99998,100,99089,100,100011,100,99069,100,100030,100,98957,200,100046,100,98927,200,100068,100,98834,100,100097,100,98787,100
2019-06-28 09:50:40.000000000,99882,231,99310,231,99943,227,99278,227,99975,227,99225,227,99980,100,99133,100,99998,100,99089,100,100011,100,99069,100,100030,100,98957,200,100046,100,98927,200,100068,100,98834,100,100097,100,98787,100
2019-06-28 09:50:50.000000000,99882,231,99310,231,99943,227,99278,227,99975,227,99225,227,99980,100,99133,100,99998,100,99089,100,100011,100,99069,100,100030,100,98957,200,100046,100,98927,200,100068,100,98834,100,100097,100,98787,100
2019-06-28 09:50:54.230836651,99882,231,99310,231,99943,227,99278,227,99975,227,99225,227,99980,100,99133,100,99998,100,99089,100,100011,100,99069,100,100030,100,98957,200,100046,100,98927,200,100068,100,98834,100,100097,100,98787,100
2019-06-28 09:50:54.581778973,99882,131,99310,231,99943,227,99278,227,99975,227,99225,227,99980,100,99133,100,99998,100,99089,100,100011,100,99069,100,100030,100,98957,200,100046,100,98927,200,100068,100,98834,100,100097,100,98787,100
2019-06-28 09:51:00.000000000,99943,177,99310,177,99975,177,99278,177,99980,177,99225,177,99998,177,99133,177,100011,177,99089,177,100030,100,99069,100,100046,100,98957,200,100068,100,98927,200,100097,100,98834,100,100495,100,98787,100
2019-06-28 09:51:08.678275814,99943,177,99523,100,99975,177,99310,177,99980,177,99278,177,99998,177,99225,177,100011,177,99133,177,100030,100,99089,177,100046,100,99069,100,100068,100,98957,200,100097,100,98927,200,100495,100,98834,100
2019-06-28 09:51:10.000000000,99943,177,99523,177,99975,177,99310,177,99980,177,99278,177,99998,177,99225,177,100011,177,99133,177,100030,100,99089,100,100046,100,99069,100,100068,100,98957,200,100097,100,98927,200,100495,100,98834,100
2019-06-28 09:51:17.125025135,99943,77,99523,177,99975,177,99310,177,99980,177,99278,177,99998,177,99225,177,100011,177,99133,177,100030,100,99089,100,100046,100,99069,100,100068,100,98957,200,100097,100,98927,200,100495,100,98834,100
2019-06-28 09:51:20.000000000,99975,196,99523,196,99980,196,99310,196,99998,196,99278,196,100011,196,99225,196,100030,100,99133,100,100046,100,99089,100,100068,100,99069,100,100097,100,98957,200,100495,100,98927,200,100773,100,98834,100
2019-06-28 09:51:30.000000000,99975,177,99523,177,99980,177,99310,177,99998,177,99278,177,100011,177,99225,177,100030,177,99133,177,100046,100,99089,100,100068,100,99069,100,100097,100,98957,200,100495,100,98927,200,100773,100,98834,100
2019-06-28 09:51:40.000000000,99975,292,99523,292,99980,292,99310,292,99998,100,99278,100,100011,100,99225,100,100030,100,99133,100,100046,100,99089,100,100068,100,99069,100,100097,100,98957,200,100495,100,98927,200,100773,100,98834,100
2019-06-28 09:51:50.000000000,99975,196,99523,196,99980,196,99310,196,99998,196,99278,196,100011,196,99225,196,100030,100,99133,100,100046,100,99089,100,100068,100,99069,100,100097,100,98957,200,100495,100,98927,200,100773,100,98834,100
2019-06-28 09:52:00.000000000,99975,484,99523,484,99980,100,99310,100,99998,100,99278,100,100011,100,99225,100,100030,100,99133,100,100046,100,99089,100,100068,100,99069,100,100097,100,98957,200,100495,100,98927,200,100773,100,98834,100
2019-06-28 09:52:04.821596793,99975,384,99523,484,99980,100,99310,100,99998,100,99278,100,100011,100,99225,100,100030,100,99133,100,100046,100,99089,100,100068,100,99069,100,100097,100,98957,200,100495,100,98927,200,100773,100,98834,100
2019-06-28 09:52:05.045933917,99975,384,99943,100,99980,100,99523,484,99998,100,99310,100,100011,100,99278,100,100030,100,99225,100,100046,100,99133,100,100068,100,99089,100,100097,100,99069,100,100495,100,98957,200,100773,100,98927,200
2019-06-28 09:52:07.204123101,99975,384,99943,100,99980,100,99523,484,99998,100,99310,100,100011,100,99278,100,100030,100,99225,100,100046,100,99133,100,100068,100,99089,100,100097,100,99069,100,100495,100,98957,200,100721,100,98927,200
2019-06-28 09:52:10.000000000,99980,177,99943,177,99998,177,99523,177,100011,177,99310,177,100030,177,99278,177,100046,177,99225,177,100068,100,99133,100,100097,100,99089,100,100495,100,99069,100,100721,100,98957,200,100773,100,98927,200
2019-06-28 09:52:15.005514948,99980,177,99943,277,99998,177,99523,77,100011,177,99310,177,100030,177,99278,177,100046,177,99225,177,100068,100,99133,100,100097,100,99089,100,100495,100,99069,100,100721,100,98957,200,100773,100,98927,200
2019-06-28 09:52:20.000000000,99980,484,99943,584,99998,100,99310,100,100011,100,99278,100,100030,100,99225,100,100046,100,99133,100,100068,100,99089,100,100097,100,99069,100,100495,100,98957,200,100721,100,98927,200,100773,100,98834,100
2019-06-28 09:52:26.160103333,99980,484,99943,584,99998,100,99310,100,100030,100,99278,100,100046,100,99225,100,100068,100,99133,100,100097,100,99089,100,100495,100,99069,100,100721,100,98957,200,100773,100,98927,200,100778,100,98834,100
2019-06-28 09:52:30.000000000,99980,177,99943,277,99998,177,99310,177,100030,177,99278,177,100046,177,99225,177,100068,177,99133,177,100097,100,99089,100,100495,100,99069,100,100721,100,98957,200,100773,100,98927,200,100778,100,98834,100
2019-06-28 09:52:40.000000000,99980,177,99943,277,99998,177,99310,177,100030,177,99278,177,100046,177,99225,177,100068,177,99133,177,100097,100,99089,100,100495,100,99069,100,100721,100,98957,200,100773,100,98927,200,100778,100,98834,100
2019-06-28 09:52:44.779571327,99980,177,99943,277,99998,177,99310,177,100030,177,99278,177,100046,177,99225,177,100068,177,99133,177,100097,100,99089,100,100495,100,99069,100,100721,100,98957,200,100728,100,98927,200,100773,100,98834,100
2019-06-28 09:52:46.914340745,99980,77,99943,277,99998,177,99310,177,100030,177,99278,177,100046,177,99225,177,100068,177,99133,177,100097,100,99089,100,100495,100,99069,100,100721,100,98957,200,100728,100,98927,200,100773,100,98834,100
2019-06-28 09:52:50.000000000,99998,484,99943,584,100030,100,99310,100,100046,100,99278,100,100068,100,99225,100,100097,100,99133,100,100495,100,99089,100,100721,100,99069,100,100728,100,98957,200,100773,100,98927,200,100778,100,98834,100
2019-06-28 09:53:00.000000000,99998,231,99943,331,100030,227,99310,227,100046,227,99278,227,100068,100,99225,100,100097,100,99133,100,100495,100,99089,100,100721,100,99069,100,100728,100,98957,200,100773,100,98927,200,100778,100,98834,100
2019-06-28 09:53:10.000000000,99998,292,99943,392,100030,292,99310,292,100046,100,99278,100,100068,100,99225,100,100097,100,99133,100,100495,100,99089,100,100721,100,99069,100,100728,100,98957,200,100773,100,98927,200,100778,100,98834,100
2019-06-28 09:53:11.588239846,99998,192,99943,392,100030,292,99310,292,100046,100,99278,100,100068,100,99225,100,100097,100,99133,100,100495,100,99089,100,100721,100,99069,100,100728,100,98957,200,100773,100,98927,200,100778,100,98834,100
2019-06-28 09:53:20.000000000,100030,177,99943,277,100046,177,99310,177,100068,177,99278,177,100097,177,99225,177,100495,177,99133,177,100721,100,99089,100,100728,100,99069,100,100773,100,98957,200,100778,100,98927,200,,,98834,100
2019-06-28 09:53:26.280586554,100030,77,99943,277,100046,177,99310,177,100068,177,99278,177,100097,177,99225,177,100495,177,99133,177,100721,100,99089,100,100728,100,99069,100,100773,100,98957,200,100778,100,98927,200,,,98834,100
2019-06-28 09:53:30.000000000,100046,484,99943,584,100068,100,99310,100,100097,100,99278,100,100495,100,99225,100,100721,100,99133,100,100728,100,99089,100,100773,100,99069,100,100778,100,98957,200,,,98927,200,,,98834,100
2019-06-28 09:53:40.000000000,100046,292,99943,392,100068,292,99310,292,100097,100,99278,100,100495,100,99225,100,100721,100,99133,100,100728,100,99089,100,100773,100,99069,100,100778,100,98957,200,,,98927,200,,,98834,100
2019-06-28 09:53:50.000000000,100046,196,99943,296,100068,196,99310,196,100097,196,99278,196,100495,196,99225,196,100721,100,99133,100,100728,100,99089,100,100773,100,99069,100,100778,100,98957,200,,,98927,200,,,98834,100
2019-06-28 09:53:54.763785499,100046,196,99943,296,100068,196,99310,196,100097,196,99278,196,100417,100,99225,196,100495,196,99089,100,100721,100,99069,100,100728,100,98957,200,100773,100,98927,200,100778,100,98834,100,,,,
2019-06-28 09:54:00.000000000,100046,292,99943,392,100068,292,99310,292,100097,100,99278,100,100417,100,99225,100,100495,100,99089,100,100721,100,99069,100,100728,100,98957,200,100773,100,98927,200,100778,100,98834,100,,,,
2019-06-28 09:54:10.000000000,100046,177,99943,277,100068,177,99310,177,100097,177,99278,177,100417,177,99225,177,100495,177,99089,177,100721,100,99069,100,100728,100,98957,200,100773,100,98927,200,100778,100,98834,100,,,,
2019-06-28 09:54:17.584528548,100046,77,99943,277,100068,177,99310,177,100097,177,99278,177,100417,177,99225,177,100495,177,99089,177,100721,100,99069,100,100728,100,98957,200,100773,100,98927,200,100778,100,98834,100,,,,
2019-06-28 09:54:20.000000000,100068,484,99943,584,100097,100,99310,100,100417,100,99278,100,100495,100,99225,100,100721,100,99089,100,100728,100,99069,100,100773,100,98957,200,100778,100,98927,200,,,98834,100,,,,
2019-06-28 09:54:30.000000000,100068,231,99943,331,100097,227,99310,227,100417,227,99278,227,100495,100,99225,100,100721,100,99089,100,100728,100,99069,100,100773,100,98957,200,100778,100,98927,200,,,98834,100,,,,
2019-06-28 09:54:37.285541999,100068,231,99943,331,100097,227,99310,227,100417,227,99278,227,100495,100,99225,100,100721,100,99089,100,100728,100,99069,100,100773,100,98957,100,100778,100,98927,200,100801,100,98834,100,,,,
2019-06-28 09:54:40.000000000,100068,196,99943,296,100097,196,99310,196,100417,196,99278,196,100495,196,99225,196,100721,100,99089,100,100728,100,99069,100,100773,100,98957,100,100778,100,98927,200,100801,100,98834,100,,,,
2019-06-28 09:54:50.000000000,100068,292,99943,392,100097,292,99310,292,100417,100,99278,100,100495,100,99225,100,100721,100,99089,100,100728,100,99069,100,100773,100,98957,100,100778,100,98927,200,100801,100,98834,100,,,,
2019-06-28 09:54:53.868257867,100068,292,99943,392,100097,292,99310,292,100417,100,99278,100,100495,100,99225,100,100721,100,99089,100,100728,100,99069,100,100773,100,98957,100,100778,100,98927,200,100801,100,98834,100,100802,100,,
2019-06-28 09:55:00.000000000,100068,484,99943,584,100097,100,99310,100,100417,100,99278,100,100495,100,99225,100,100721,100,99089,100,100728,100,99069,100,100773,100,98957,100,100778,100,98927,200,100801,100,98834,100,100802,100,,
2019-06-28 09:55:10.000000000,100068,196,99943,296,100097,196,99310,196,100417,196,99278,196,100495,196,99225,196,100721,100,99089,100,100728,100,99069,100,100773,100,98957,100,100778,100,98927,200,100801,100,98834,100,100802,100,,
2019-06-28 09:55:13.329288392,100068,196,99943,296,100097,196,99310,196,100417,196,99278,196,100495,196,99225,196,100599,100,99089,100,100721,100,99069,100,100728,100,98957,100,100773,100,98927,200,100778,100,98834,100,100801,100,,
2019-06-28 09:55:19.732060956,100068,196,100030,100,100097,196,99943,296,100417,196,99310,196,100495,196,99278,196,100599,100,99225,196,100721,100,99089,100,100728,100,99069,100,100773,100,98957,100,100778,100,98927,200,100801,100,98834,100
2019-06-28 09:55:20.000000000,100068,177,100030,177,100097,177,99943,277,100417,177,99310,177,100495,177,99278,177,100599,177,99225,177,100721,100,99089,100,100728,100,99069,100,100773,100,98957,100,100778,100,98927,200,100801,100,98834,100
2019-06-28 09:55:30.000000000,100068,231,100030,231,100097,227,99943,327,100417,227,99310,227,100495,100,99278,100,100599,100,99225,100,100721,100,99089,100,100728,100,99069,100,100773,100,98957,100,100778,100,98927,200,100801,100,98834,100
2019-06-28 09:55:40.000000000,100068,484,100030,484,100097,100,99943,200,100417,100,99310,100,100495,100,99278,100,100599,100,99225,100,100721,100,99089,100,100728,100,99069,100,100773,100,98957,100,100778,100,98927,200,100801,100,98834,100
2019-06-28 09:55:48.529763695,100068,384,100030,484,100097,100,99943,200,100417,100,99310,100,100495,100,99278,100,100599,100,99225,100,100721,100,99089,100,100728,100,99069,100,100773,100,98957,100,100778,100,98927,200,100802,100,98834,100
2019-06-28 09:55:49.799299369,100068,284,100030,484,100097,100,99943,200,100417,100,99310,100,100495,100,99278,100,100599,100,99225,100,100721,100,99089,100,100728,100,99069,100,100773,100,98957,100,100778,100,98927,200,100802,100,98834,100
2019-06-28 09:55:50.000000000,100097,231,100030,231,100417,227,99943,327,100495,227,99310,227,100599,100,99278,100,100721,100,99225,100,100728,100,99089,100,100773,100,99069,100,100778,100,98957,100,100802,100,98927,200,,,98834,100
2019-06-28 09:56:00.000000000,100097,231,100030,231,100417,227,99943,327,100495,227,99310,227,100599,100,99278,100,100721,100,99225,100,100728,100,99089,100,100773,100,99069,100,100778,100,98957,100,100802,100,98927,200,,,98834,100
2019-06-28 09:56:00.277563984,100097,131,100030,231,100417,227,99943,327,100495,227,99310,227,100599,100,99278,100,100721,100,99225,100,100728,100,99089,100,100773,100,99069,100,100778,100,98957,100,100802,100,98927,200,,,98834,100
2019-06-28 09:56:10.000000000,100417,177,100030,177,100495,177,99943,277,100599,177,99310,177,100721,177,99278,177,100728,177,99225,177,100773,100,99089,100,100778,100,99069,100,100802,100,98957,100,,,98927,200,,,98834,100
2019-06-28 09:56:10.505218836,100417,77,100030,177,100495,177,99943,277,100599,177,99310,177,100721,77,99278,177,100728,177,99225,177,100773,100,99089,100,100778,100,99069,100,100802,100,98957,100,,,98927,200,,,98834,100
2019-06-28 09:56:18.722980018,100495,177,100417,23,100599,177,100030,177,100721,77,99943,277,100728,177,99310,177,100773,100,99278,177,100778,100,99225,177,100802,100,99089,100,,,99069,100,,,98957,100,,,98927,200
2019-06-28 09:56:20.000000000,100495,231,100417,154,100599,227,100030,227,100728,227,99943,327,100773,100,99310,100,100778,100,99278,100,100802,100,99225,100,,,99089,100,,,99069,100,,,98957,100,,,98927,200
2019-06-28 09:56:30.000000000,100495,196,100417,119,100599,196,100030,196,100728,196,99943,296,100773,196,99310,196,100778,100,99278,100,100802,100,99225,100,,,99089,100,,,99069,100,,,98957,100,,,98927,200
2019-06-28 09:56:40.000000000,100495,196,100417,119,100599,196,100030,196,100728,196,99943,296,100773,196,99310,196,100778,100,99278,100,100802,100,99225,100,,,99089,100,,,99069,100,,,98957,100,,,98927,200
2019-06-28 09:56:50.000000000,100495,292,100417,215,100599,292,100030,292,100728,100,99943,200,100773,100,99310,100,100778,100,99278,100,100802,100,99225,100,,,99089,100,,,99069,100,,,98957,100,,,98927,200
2019-06-28 09:57:00.000000000,100495,196,100417,119,100599,196,100030,196,100728,196,99943,296,100773,196,99310,196,100778,100,99278,100,100802,100,99225,100,,,99089,100,,,99069,100,,,98957,100,,,98927,200
2019-06-28 09:57:05.502348016,100495,196,100417,119,100599,196,100030,196,100728,196,99943,296,100773,196,99310,196,100778,100,99278,100,100802,100,99225,100,101091,100,99089,100,,,99069,100,,,98957,100,,,98927,200
2019-06-28 09:57:10.000000000,100495,196,100417,119,100599,196,100030,196,100728,196,99943,296,100773,196,99310,196,100778,100,99278,100,100802,100,99225,100,101091,100,99089,100,,,99069,100,,,98957,100,,,98927,200
2019-06-28 09:57:20.000000000,100495,231,100417,154,100599,227,100030,227,100728,227,99943,327,100773,100,99310,100,100778,100,99278,100,100802,100,99225,100,101091,100,99089,100,,,99069,100,,,98957,100,,,98927,200
2019-06-28 09:57:20.302788957,100495,231,100417,154,100599,227,100030,227,100728,227,99943,327,100773,100,99310,100,100778,100,99278,100,100802,100,99225,100,101091,100,99089,100,101252,100,99069,100,,,98957,100,,,98927,200
2019-06-28 09:57:26.252708756,100495,231,100417,254,100599,227,100030,227,100728,227,99943,327,100773,100,99310,100,100778,100,99278,100,100802,100,99225,100,101091,100,99089,100,101252,100,99069,100,,,98957,100,,,98927,200
2019-06-28 09:57:30.000000000,100495,484,100417,507,100599,100,100030,100,100728,100,99943,200,100773,100,99310,100,100778,100,99278,100,100802,100,99225,100,101091,100,99089,100,101252,100,99069,100,,,98957,100,,,98927,200
2019-06-28 09:57:40.000000000,100495,231,100417,254,100599,227,100030,227,100728,227,99943,327,100773,100,99310,100,100778,100,99278,100,100802,100,99225,100,101091,100,99089,100,101252,100,99069,100,,,98957,100,,,98927,200
2019-06-28 09:57:41.935742233,100495,131,100417,254,100599,227,100030,227,100728,227,99943,327,100773,100,99310,100,100778,100,99278,100,100802,100,99225,100,101091,100,99089,100,101252,100,99069,100,,,98957,100,,,98927,200
2019-06-28 09:57:50.000000000,100599,231,100417,254,100728,227,100030,227,100773,227,99943,327,100778,100,99310,100,100802,100,99278,100,101091,100,99225,100,101252,100,99089,100,,,99069,100,,,98957,100,,,98927,200
2019-06-28 09:58:00.000000000,100599,196,100417,219,100728,196,100030,196,100773,196,99943,296,100778,196,99310,196,100802,100,99278,100,101091,100,99225,100,101252,100,99089,100,,,99069,100,,,98957,100,,,98927,200
2019-06-28 09:58:07.502462410,100599,196,100417,219,100728,196,100030,196,100773,196,99943,296,100778,196,99310,196,100802,100,99278,100,100920,100,99225,100,101091,100,99089,100,101252,100,99069,100,,,98957,100,,,98927,200
2019-06-28 09:58:10.000000000,100599,177,100417,200,100728,177,100030,177,100773,177,99943,277,100778,177,99310,177,100802,177,99278,177,100920,100,99225,100,101091,100,99089,100,101252,100,99069,100,,,98957,100,,,98927,200
2019-06-28 09:58:12.150919495,100599,177,100417,200,100728,77,100030,177,100773,177,99943,277,100778,177,99310,177,100802,177,99278,177,100920,100,99225,100,100953,100,99089,100,101091,100,99069,100,101252,100,98957,100,,,98927,200
2019-06-28 09:58:20.000000000,100599,292,100417,315,100773,292,100030,292,100778,100,99943,200,100802,100,99310,100,100920,100,99278,100,100953,100,99225,100,101091,100,99089,100,101252,100,99069,100,,,98957,100,,,98927,200
2019-06-28 09:58:20.382928427,100599,292,100417,315,100773,292,100030,292,100778,100,99943,200,100802,100,99310,100,100920,100,99278,100,100953,100,99225,100,101091,100,99089,100,101110,100,99069,100,101252,100,98957,100,,,98927,200
2019-06-28 09:58:25.063255333,100599,192,100417,315,100773,292,100030,292,100778,100,99943,200,100802,100,99310,100,100920,100,99278,100,100953,100,99225,100,101091,100,99089,100,101110,100,99069,100,101252,100,98957,100,,,98927,200
2019-06-28 09:58:30.000000000,100773,196,100417,219,100778,196,100030,196,100802,196,99943,296,100920,196,99310,196,100953,100,99278,100,101091,100,99225,100,101110,100,99089,100,101252,100,99069,100,,,98957,100,,,98927,200
2019-06-28 09:58:40.000000000,100773,231,100417,254,100778,227,100030,227,100802,227,99943,327,100920,100,99310,100,100953,100,99278,100,101091,100,99225,100,101110,100,99089,100,101252,100,99069,100,,,98957,100,,,98927,200
2019-06-28 09:58:50.000000000,100773,484,100417,507,100778,100,100030,100,100802,100,99943,200,100920,100,99310,100,100953,100,99278,100,101091,100,99225,100,101110,100,99089,100,101252,100,99069,100,,,98957,100,,,98927,200
2019-06-28 09:58:56.355853367,100773,384,100417,507,100778,100,100030,100,100802,100,99943,200,100920,100,99310,100,100953,100,99278,100,101091,100,99225,100,101110,100,99089,100,101252,100,99069,100,,,98957,100,,,98927,200
2019-06-28 09:59:00.000000000,100778,484,100417,507,100802,100,100030,100,100920,100,99943,200,100953,100,99310,100,101091,100,99278,100,101110,100,99225,100,101252,100,99089,100,,,99069,100,,,98957,100,,,98927,200
2019-06-28 09:59:10.000000000,100778,292,100417,315,100802,292,100030,292,100920,100,99943,200,100953,100,99310,100,101091,100,99278,100,101110,100,99225,100,101252,100,99089,100,,,99069,100,,,98957,100,,,98927,200
2019-06-28 09:59:12.672574446,100732,100,100417,315,100778,292,100030,292,100802,292,99943,200,100920,100,99310,100,100953,100,99278,100,101091,100,99225,100,101110,100,99089,100,101252,100,99069,100,,,98957,100,,,98927,200
2019-06-28 09:59:20.000000000,100732,292,100417,315,100778,292,100030,292,100802,100,99943,200,100920,100,99310,100,100953,100,99278,100,101091,100,99225,100,101110,100,99089,100,101252,100,99069,100,,,98957,100,,,98927,200
2019-06-28 09:59:22.459946094,100732,292,100417,315,100778,292,100030,292,100802,100,99943,200,100920,100,99310,100,100930,100,99278,100,100953,100,99225,100,101091,100,99089,100,101110,100,99069,100,101252,100,98957,100,,,98927,200
2019-06-28 09:59:24.868279039,100732,292,100417,315,100778,292,100030,292,100802,100,99943,200,100920,100,99310,100,100926,100,99278,100,100930,100,99225,100,100953,100,99089,100,101091,100,99069,100,101110,100,98957,100,101252,100,98927,200
2019-06-28 09:59:30.000000000,100732,231,100417,254,100778,227,100030,227,100802,227,99943,327,100920,100,99310,100,100926,100,99278,100,100930,100,99225,100,100953,100,99089,100,101091,100,99069,100,101110,100,98957,100,101252,100,98927,200
2019-06-28 09:59:39.800819694,100598,100,100417,254,100732,231,100030,227,100778,227,99943,227,100802,227,99310,100,100920,100,99278,100,100926,100,99225,100,100930,100,99089,100,100953,100,99069,100,101091,100,98957,100,101110,100,98927,200
2019-06-28 09:59:40.000000000,100598,196,100417,219,100732,196,100030,196,100778,196,99943,196,100802,196,99310,196,100920,100,99278,100,100926,100,99225,100,100930,100,99089,100,100953,100,99069,100,101091,100,98957,100,101110,100,98927,200
2019-06-28 09:59:44.851422831,100598,196,100494,100,100732,196,100417,219,100778,196,100030,196,100802,196,99943,196,100920,100,99310,196,100926,100,99278,100,100930,100,99225,100,100953,100,99089,100,101091,100,99069,100,101110,100,98957,100
2019-06-28 09:59:45.806916685,100598,196,100494,100,100732,196,100457,100,100778,196,100417,219,100802,196,100030,196,100920,100,99943,196,100926,100,99310,196,100930,100,99278,100,100953,100,99225,100,101091,100,99089,100,101110,100,99069,100
2019-06-28 09:59:50.000000000,100598,292,100494,292,100732,292,100457,292,100778,100,100417,123,100802,100,100030,100,100920,100,99943,100,100926,100,99310,100,100930,100,99278,100,100953,100,99225,100,101091,100,99089,100,101110,100,99069,100
2019-06-28 09:59:59.794770279,100598,292,100494,292,100684,100,100457,292,100732,292,100417,123,100778,100,100030,100,100802,100,99943,100,100920,100,99310,100,100926,100,99278,100,100930,100,99225,100,100953,100,99089,100,101091,100,99069,100
2019-06-28 10:00:00.000000000,100598,484,100494,484,100684,100,100457,100,100732,100,100417,123,100778,100,100030,100,100802,100,99943,100,100920,100,99310,100,100926,100,99278,100,100930,100,99225,100,100953,100,99089,100,101091,100,99069,100
2019-06-28 10:00:09.265551324,100598,484,100494,484,100684,100,100457,100,100732,100,100417,123,100778,100,100196,100,100802,100,100030,100,100920,100,99943,100,100926,100,99310,100,100930,100,99278,100,100953,100,99225,100,101091,100,99089,100
2019-06-28 10:00:10.000000000,100598,292,100494,292,100684,292,100457,292,100732,100,100417,123,100778,100,100196,100,100802,100,100030,100,100920,100,99943,100,100926,100,99310,100,100930,100,99278,100,100953,100,99225,100,101091,100,99089,100
2019-06-28 10:00:16.237143335,100598,292,100494,292,100684,292,100457,292,100732,100,100417,123,100778,100,100287,100,100802,100,100030,100,100920,100,99943,100,100926,100,99310,100,100930,100,99278,100,100953,100,99225,100,101091,100,99089,100
2019-06-28 10:00:18.894619429,100598,392,100494,292,100684,292,100457,292,100732,100,100417,123,100778,100,100287,100,100802,100,100030,100,100920,100,99943,100,100926,100,99310,100,100930,100,99278,100,100953,100,99225,100,101091,100,99089,100
2019-06-28 10:00:20.000000000,100598,392,100494,292,100684,292,100457,292,100732,100,100417,123,100778,100,100287,100,100802,100,100030,100,100920,100,99943,100,100926,100,99310,100,100930,100,99278,100,100953,100,99225,100,101091,100,99089,100
2019-06-28 10:00:30.000000000,100598,584,100494,484,100684,100,100457,100,100732,100,100417,123,100778,100,100287,100,100802,100,100030,100,100920,100,99943,100,100926,100,99310,100,100930,100,99278,100,100953,100,99225,100,101091,100,99089,100
2019-06-28 10:00:40.000000000,100598,584,100494,484,100684,100,100457,100,100732,100,100417,123,100778,100,100287,100,100802,100,100030,100,100920,100,99943,100,100926,100,99310,100,100930,100,99278,100,100953,100,99225,100,101091,100,99089,100
2019-06-28 10:00:45.882914909,100598,684,100494,484,100684,100,100457,100,100732,100,100417,123,100778,100,100287,100,100802,100,100030,100,100920,100,99310,100,100926,100,99278,100,100930,100,99225,100,100953,100,99089,100,101091,100,99069,100
2019-06-28 10:00:50.000000000,100598,377,100494,177,100684,177,100457,177,100732,177,100417,200,100778,177,100287,177,100802,177,100030,177,100920,100,99310,100,100926,100,99278,100,100930,100,99225,100,100953,100,99089,100,101091,100,99069,100
2019-06-28 10:00:56.142081499,100598,477,100494,177,100684,177,100457,177,100732,177,100417,200,100778,177,100287,177,100802,177,100030,177,100920,100,99310,100,100926,100,99278,100,100930,100,99225,100,100953,100,99089,100,101091,100,99069,100
2019-06-28 10:01:00.000000000,100598,496,100494,196,100684,196,100457,196,100732,196,100417,219,100778,196,100287,196,100802,100,100030,100,100920,100,99310,100,100926,100,99278,100,100930,100,99225,100,100953,100,99089,100,101091,100,99069,100
2019-06-28 10:01:01.126214075,100598,496,100494,196,100684,196,100457,196,100732,196,100417,219,100778,196,100287,196,100802,100,100167,100,100920,100,100030,100,100926,100,99310,100,100930,100,99278,100,100953,100,99225,100,101091,100,99089,100
2019-06-28 10:01:10.000000000,100598,496,100494,196,100684,196,100457,196,100732,196,100417,219,100778,196,100287,196,100802,100,100167,100,100920,100,100030,100,100926,100,99310,100,100930,100,99278,100,100953,100,99225,100,101091,100,99089,100
2019-06-28 10:01:20.000000000,100598,531,100494,231,100684,227,100457,227,100732,227,100417,250,100778,100,100287,100,100802,100,100167,100,100920,100,100030,100,100926,100,99310,100,100930,100,99278,100,100953,100,99225,100,101091,100,99089,100
2019-06-28 10:01:23.819696279,100598,531,100494,231,100684,227,100457,227,100732,227,100417,250,100778,100,100287,100,100802,100,100167,100,100920,100,100102,100,100926,100,100030,100,100930,100,99310,100,100953,100,99278,100,101091,100,99225,100
2019-06-28 10:01:30.000000000,100598,531,100494,231,100684,227,100457,227,100732,227,100417,250,100778,100,100287,100,100802,100,100167,100,100920,100,100102,100,100926,100,100030,100,100930,100,99310,100,100953,100,99278,100,101091,100,99225,100
2019-06-28 10:01:40.000000000,100598,531,100494,231,100684,227,100457,227,100732,227,100417,250,100778,100,100287,100,100802,100,100167,100,100920,100,100102,100,100926,100,100030,100,100930,100,99310,100,100953,100,99278,100,101091,100,99225,100
2019-06-28 10:01:45.079618637,100598,531,100494,231,100684,227,100457,227,100732,227,100417,250,100778,100,100287,100,100802,100,100167,100,100920,100,100166,100,100926,100,100102,100,100930,100,100030,100,100953,100,99310,100,101091,100,99278,100
2019-06-28 10:01:49.668731711,100598,531,100494,131,100684,227,100457,227,100732,227,100417,250,100778,100,100287,100,100802,100,100167,100,100920,100,100166,100,100926,100,100102,100,100930,100,100030,100,101091,100,99310,100,101110,100,99278,100
2019-06-28 10:01:50.000000000,100598,592,100457,292,100684,292,100417,315,100732,100,100287,100,100778,100,100167,100,100802,100,100166,100,100920,100,100102,100,100926,100,100030,100,100930,100,99310,100,101091,100,99278,100,101110,100,99225,100
2019-06-28 10:02:00.000000000,100598,477,100457,177,100684,177,100417,200,100732,177,100287,177,100778,177,100167,177,100802,177,100166,177,100920,100,100102,100,100926,100,100030,100,100930,100,99310,100,101091,100,99278,100,101110,100,99225,100
2019-06-28 10:02:02.365848564,100597,100,100457,177,100598,477,100417,200,100684,177,100287,177,100732,177,100167,177,100778,177,100166,177,100802,177,100102,100,100920,100,99310,100,100926,100,99278,100,100930,100,99225,100,101091,100,99089,100
2019-06-28 10:02:10.000000000,100597,177,100457,177,100598,477,100417,200,100684,177,100287,177,100732,177,100167,177,100778,177,100166,177,100802,100,100102,100,100920,100,99310,100,100926,100,99278,100,100930,100,99225,100,101091,100,99089,100
2019-06-28 10:02:20.000000000,100597,484,100457,484,100598,400,100417,123,100684,100,100287,100,100732,100,100167,100,100778,100,100166,100,100802,100,100102,100,100920,100,99310,100,100926,100,99278,100,100930,100,99225,100,101091,100,99089,100
2019-06-28 10:02:30.000000000,100597,196,100457,196,100598,496,100417,219,100684,196,100287,196,100732,196,100167,196,100778,100,100166,100,100802,100,100102,100,100920,100,99310,100,100926,100,99278,100,100930,100,99225,100,101091,100,99089,100
2019-06-28 10:02:36.880540122,100597,196,100495,100,100598,496,100457,196,100684,196,100417,219,100732,196,100287,196,100778,100,100167,196,100802,100,100166,100,100920,100,100102,100,100926,100,99310,100,100930,100,99278,100,101091,100,99225,100
2019-06-28 10:02:40.000000000,100597,196,100495,196,100598,496,100457,196,100684,196,100417,219,100732,196,100287,196,100778,100,100167,100,100802,100,100166,100,100920,100,100102,100,100926,100,99310,100,100930,100,99278,100,101091,100,99225,100
2019-06-28 10:02:50.000000000,100597,196,100495,196,100598,496,100457,196,100684,196,100417,219,100732,196,100287,196,100778,100,100167,100,100802,100,100166,100,100920,100,100102,100,100926,100,99310,100,100930,100,99278,100,101091,100,99225,100
2019-06-28 10:02:53.601394110,100597,196,100495,96,100598,496,100457,196,100684,196,100417,219,100732,196,100287,196,100778,100,100167,100,100802,100,100166,100,100920,100,100102,100,100926,100,99310,100,100930,100,99278,100,101091,100,99225,100
2019-06-28 10:03:00.000000000,100597,484,100457,484,100598,400,100417,123,100684,100,100287,100,100732,100,100167,100,100778,100,100166,100,100802,100,100102,100,100920,100,99310,100,100926,100,99278,100,100930,100,99225,100,101091,100,99089,100
2019-06-28 10:03:10.000000000,100597,177,100457,177,100598,477,100417,200,100684,177,100287,177,100732,177,100167,177,100778,177,100166,177,100802,100,100102,100,100920,100,99310,100,100926,100,99278,100,100930,100,99225,100,101091,100,99089,100
2019-06-28 10:03:20.000000000,100597,231,100457,231,100598,527,100417,250,100684,227,100287,227,100732,100,100167,100,100778,100,100166,100,100802,100,100102,100,100920,100,99310,100,100926,100,99278,100,100930,100,99225,100,101091,100,99089,100
2019-06-28 10:03:30.000000000,100597,484,100457,484,100598,400,100417,123,100684,100,100287,100,100732,100,100167,100,100778,100,100166,100,100802,100,100102,100,100920,100,99310,100,100926,100,99278,100,100930,100,99225,100,101091,100,99089,100
2019-06-28 10:03:40.000000000,100597,292,100457,292,100598,592,100417,315,100684,100,100287,100,100732,100,100167,100,100778,100,100166,100,100802,100,100102,100,100920,100,99310,100,100926,100,99278,100,100930,100,99225,100,101091,100,99089,100
2019-06-28 10:03:40.581454621,100597,292,100457,292,100598,592,100417,315,100684,100,100287,100,100732,100,100167,100,100778,100,100166,100,100802,100,100102,100,100920,100,99739,100,100926,100,99310,100,100930,100,99278,100,101091,100,99225,100
2019-06-28 10:03:40.706555257,100597,292,100457,192,100598,592,100417,315,100684,100,100287,100,100778,100,100167,100,100802,100,100166,100,100920,100,100102,100,100926,100,99739,100,100930,100,99310,100,101091,100,99278,100,101110,100,99225,100
2019-06-28 10:03:50.000000000,100597,484,100417,507,100598,400,100287,100,100684,100,100167,100,100778,100,100166,100,100802,100,100102,100,100920,100,99739,100,100926,100,99310,100,100930,100,99278,100,101091,100,99225,100,101110,100,99089,100
2019-06-28 10:03:54.023523558,100495,100,100417,407,100597,484,100287,100,100598,400,100167,100,100684,100,100166,100,100778,100,100102,100,100802,100,99739,100,100920,100,99310,100,100926,100,99278,100,100930,100,99225,100,101091,100,99089,100
2019-06-28 10:03:56.116497517,100495,100,100417,307,100597,484,100287,100,100598,400,100167,100,100684,100,100166,100,100778,100,100102,100,100802,100,99739,100,100920,100,99310,100,100926,100,99278,100,100930,100,99225,100,101091,100,99089,100
2019-06-28 10:03:59.710051515,100457,100,100417,307,100495,100,100287,100,100597,484,100167,100,100598,400,100166,100,100684,100,100102,100,100778,100,99739,100,100802,100,99310,100,100920,100,99278,100,100926,100,99225,100,100930,100,99089,100
2019-06-28 10:04:00.000000000,100457,196,100287,196,100495,196,100167,196,100597,196,100166,196,100598,496,100102,196,100684,100,99739,100,100778,100,99310,100,100802,100,99278,100,100920,100,99225,100,100926,100,99089,100,100930,100,99069,100
2019-06-28 10:04:10.000000000,100457,292,100287,292,100495,292,100167,292,100597,100,100166,100,100598,400,100102,100,100684,100,99739,100,100778,100,99310,100,100802,100,99278,100,100920,100,99225,100,100926,100,99089,100,100930,100,99069,100
2019-06-28 10:04:20.000000000,100457,231,100287,231,100495,227,100167,227,100597,227,100166,227,100598,400,100102,100,100684,100,99739,100,100778,100,99310,100,100802,100,99278,100,100920,100,99225,100,100926,100,99089,100,100930,100,99069,100
2019-06-28 10:04:23.662782285,100457,231,100287,231,100495,227,100167,227,100597,227,100166,227,100598,400,100102,100,100684,100,99739,100,100778,100,99531,100,100802,100,99310,100,100920,100,99278,100,100926,100,99225,100,100930,100,99089,100
2019-06-28 10:04:30.000000000,100457,292,100287,292,100495,292,100167,292,100597,100,100166,100,100598,400,100102,100,100684,100,99739,100,100778,100,99531,100,100802,100,99310,100,100920,100,99278,100,100926,100,99225,100,100930,100,99089,100
2019-06-28 10:04:32.954243963,100457,392,100287,292,100495,292,100167,292,100597,100,100166,100,100598,300,100102,100,100684,100,99739,100,100778,100,99531,100,100802,100,99310,100,100920,100,99278,100,100926,100,99225,100,100930,100,99089,100
2019-06-28 10:04:40.000000000,100457,331,100287,231,100495,227,100167,227,100597,227,100166,227,100598,300,100102,100,100684,100,99739,100,100778,100,99531,100,100802,100,99310,100,100920,100,99278,100,100926,100,99225,100,100930,100,99089,100
2019-06-28 10:04:49.794284776,100457,331,100287,131,100495,227,100167,227,100597,227,100166,227,100598,300,100102,100,100684,100,99739,100,100778,100,99531,100,100802,100,99310,100,100920,100,99278,100,100926,100,99225,100,100930,100,99089,100
2019-06-28 10:04:50.000000000,100457,331,100167,231,100495,227,100166,227,100597,227,100102,227,100598,300,99739,100,100684,100,99531,100,100778,100,99310,100,100802,100,99278,100,100920,100,99225,100,100926,100,99089,100,100930,100,99069,100
2019-06-28 10:05:00.000000000,100457,584,100167,484,100495,100,100166,100,100597,100,100102,100,100598,300,99739,100,100684,100,99531,100,100778,100,99310,100,100802,100,99278,100,100920,100,99225,100,100926,100,99089,100,100930,100,99069,100
2019-06-28 10:05:10.000000000,100457,584,100167,484,100495,100,100166,100,100597,100,100102,100,100598,300,99739,100,100684,100,99531,100,100778,100,99310,100,100802,100,99278,100,100920,100,99225,100,100926,100,99089,100,100930,100,99069,100
2019-06-28 10:05:20.000000000,100457,296,100167,196,100495,196,100166,196,100597,196,100102,196,100598,396,99739,196,100684,100,99531,100,100778,100,99310,100,100802,100,99278,100,100920,100,99225,100,100926,100,99089,100,100930,100,99069,100
2019-06-28 10:05:30.000000000,100457,331,100167,231,100495,227,100166,227,100597,227,100102,227,100598,300,99739,100,100684,100,99531,100,100778,100,99310,100,100802,100,99278,100,100920,100,99225,100,100926,100,99089,100,100930,100,99069,100
2019-06-28 10:05:40.000000000,100457,392,100167,292,100495,292,100166,292,100597,100,100102,100,100598,300,99739,100,100684,100,99531,100,100778,100,99310,100,100802,100,99278,100,100920,100,99225,100,100926,100,99089,100,100930,100,99069,100
2019-06-28 10:05:50.000000000,100457,331,100167,231,100495,227,100166,227,100597,227,100102,227,100598,300,99739,100,100684,100,99531,100,100778,100,99310,100,100802,100,99278,100,100920,100,99225,100,100926,100,99089,100,100930,100,99069,100
2019-06-28 10:05:51.943436515,100457,331,100167,131,100495,227,100166,227,100597,227,100102,227,100598,300,99739,100,100684,100,99531,100,100778,100,99310,100,100802,100,99278,100,100920,100,99225,100,100926,100,99089,100,100930,100,99069,100
2019-06-28 10:06:00.000000000,100457,331,100166,231,100495,227,100102,227,100597,227,99739,227,100598,300,99531,100,100684,100,99310,100,100778,100,99278,100,100802,100,99225,100,100920,100,99089,100,100926,100,99069,100,100930,100,98927,100
2019-06-28 10:06:05.768540748,100457,331,100166,231,100495,227,100102,227,100597,227,99820,100,100598,300,99739,227,100684,100,99531,100,100778,100,99310,100,100802,100,99278,100,100920,100,99225,100,100930,100,99089,100,101091,100,99069,100
2019-06-28 10:06:10.000000000,100457,296,100166,196,100495,196,100102,196,100597,196,99820,196,100598,396,99739,196,100684,100,99531,100,100778,100,99310,100,100802,100,99278,100,100920,100,99225,100,100930,100,99089,100,101091,100,99069,100
2019-06-28 10:06:20.000000000,100457,296,100166,196,100495,196,100102,196,100597,196,99820,196,100598,396,99739,196,100684,100,99531,100,100778,100,99310,100,100802,100,99278,100,100920,100,99225,100,100930,100,99089,100,101091,100,99069,100
2019-06-28 10:06:30.000000000,100457,296,100166,196,100495,196,100102,196,100597,196,99820,196,100598,396,99739,196,100684,100,99531,100,100778,100,99310,100,100802,100,99278,100,100920,100,99225,100,100930,100,99089,100,101091,100,99069,100
2019-06-28 10:06:37.914299714,100457,296,100179,100,100495,196,100166,196,100597,196,100102,96,100598,396,99820,196,100684,100,99739,196,100778,100,99531,100,100802,100,99310,100,100920,100,99278,100,100930,100,99225,100,101091,100,99089,100
2019-06-28 10:06:40.000000000,100457,392,100179,292,100495,292,100166,292,100597,100,99820,100,100598,300,99739,100,100684,100,99531,100,100778,100,99310,100,100802,100,99278,100,100920,100,99225,100,100930,100,99089,100,101091,100,99069,100
2019-06-28 10:06:50.000000000,100457,584,100179,484,100495,100,100166,100,100597,100,99820,100,100598,300,99739,100,100684,100,99531,100,100778,100,99310,100,100802,100,99278,100,100920,100,99225,100,100930,100,99089,100,101091,100,99069,100
2019-06-28 10:06:55.731545552,100287,100,100179,484,100457,584,100166,100,100495,100,99820,100,100597,100,99739,100,100598,200,99531,100,100684,100,99310,100,100778,100,99278,100,100802,100,99225,100,100920,100,99089,100,100930,100,99069,100
2019-06-28 10:07:00.000000000,100287,231,100179,231,100457,327,100166,227,100495,227,99820,227,100597,100,99739,100,100598,200,99531,100,100684,100,99310,100,100778,100,99278,100,100802,100,99225,100,100920,100,99089,100,100930,100,99069,100
2019-06-28 10:07:10.000000000,100287,177,100179,177,100457,277,100166,177,100495,177,99820,177,100597,177,99739,177,100598,277,99531,177,100684,100,99310,100,100778,100,99278,100,100802,100,99225,100,100920,100,99089,100,100930,100,99069,100
2019-06-28 10:07:20.000000000,100287,196,100179,196,100457,296,100166,196,100495,196,99820,196,100597,196,99739,196,100598,200,99531,100,100684,100,99310,100,100778,100,99278,100,100802,100,99225,100,100920,100,99089,100,100930,100,99069,100
2019-06-28 10:07:23.206072733,100287,196,100179,96,100457,296,100166,196,100495,196,99820,196,100597,196,99739,196,100598,200,99531,100,100684,100,99310,100,100778,100,99278,100,100802,100,99225,100,100920,100,99089,100,100930,100,99069,100
2019-06-28 10:07:30.000000000,100287,231,100166,231,100457,327,99820,227,100495,227,99739,227,100597,100,99531,100,100598,200,99310,100,100684,100,99278,100,100778,100,99225,100,100802,100,99089,100,100920,100,99069,100,100930,100,98927,100
2019-06-28 10:07:39.201802489,100287,231,100166,131,100457,327,99820,227,100495,227,99739,227,100597,100,99531,100,100598,200,99310,100,100684,100,99278,100,100802,100,99225,100,100920,100,99089,100,100930,100,99069,100,101091,100,98927,100
2019-06-28 10:07:40.000000000,100287,177,99820,177,100457,277,99739,177,100495,177,99531,177,100597,177,99310,177,100598,277,99278,177,100684,100,99225,100,100802,100,99089,100,100920,100,99069,100,100930,100,98927,100,101091,100,,
2019-06-28 10:07:50.000000000,100287,484,99820,484,100457,200,99739,100,100495,100,99531,100,100597,100,99310,100,100598,200,99278,100,100684,100,99225,100,100802,100,99089,100,100920,100,99069,100,100930,100,98927,100,101091,100,,
2019-06-28 10:07:56.766093076,100287,484,100083,100,100457,200,99820,484,100495,100,99739,100,100597,100,99531,100,100598,200,99310,100,100684,100,99225,100,100802,100,99089,100,100920,100,99069,100,100930,100,98927,100,101091,100,,
2019-06-28 10:08:00.000000000,100287,196,100083,196,100457,296,99820,196,100495,196,99739,196,100597,196,99531,196,100598,200,99310,100,100684,100,99225,100,100802,100,99089,100,100920,100,99069,100,100930,100,98927,100,101091,100,,
2019-06-28 10:08:10.000000000,100287,292,100083,292,100457,392,99820,292,100495,100,99739,100,100597,100,99531,100,100598,200,99310,100,100684,100,99225,100,100802,100,99089,100,100920,100,99069,100,100930,100,98927,100,101091,100,,
